4880 6982
135 565 190 618 An.
205 566 236 618 d.
259 567 327 621 1713
1028 594 1169 640 cununrvs
1191 594 1234 640 xr.

356 704 494 768 solutum
527 707 593 770 lore
620 717 796 786 censentes,
829 710 1103 790 supplicationibus

356 798 422 860 eius
436 800 565 863 nomine
580 803 668 864 nobis
682 820 775 880 super
791 807 847 866 boc
861 803 1022 867 humiliter
1034 821 1103 882 por-

356 893 447 954 rectis
469 894 629 971 inclinati,
662 897 821 959 decretum
853 898 1080 976 praeinsertum
1094 946 1105 977 ,

357 986 539 1049 auctoritate
559 989 732 1066 apostolica,
756 997 864 1052 tenore
882 991 1103 1070 praesentium,

356 1079 560 1158 approbamus
575 1088 606 1143 et
621 1083 853 1158 confirmamus,
876 1083 984 1162 illique
1004 1084 1104 1145 invio·

357 1170 457 1232 labilis
488 1175 669 1251 apostolicae
702 1176 858 1237 firmitatis
879 1177 975 1238 robur
1005 1177 1106 1238 adiici·

358 1280 447 1328 mus:
475 1266 682 1328 salvatamen
714 1285 839 1346 semper
867 1269 899 1330 in
931 1269 1105 1347 praemissis

357 1357 540 1419 auctoritaie
562 1359 817 1436 congregationis
843 1360 1063 1423 cardinalium.

1362 757 1547 826 stabatis
1570 760 1630 826 ΡΡ.
1655 758 1701 826 lll.

1301 895 1338 961 ad
1358 894 1490 961 laturam
1513 894 1556 961 rei
1580 895 1761 962 memorien.

1198 1086 1217 1159 5
1241 1085 1266 1145 l.
1291 1083 1397 1162 Nuper
1419 1099 1474 1163 pro
1495 1091 1582 1160 parte
1603 1083 1706 1146 dilecti
1729 1084 1784 1145 tilii
1800 1084 1907 1160 bugu·
1940 1145 1945 1154 ,
1974 1094 2009 1136 ue
2025 1093 2137 1148 supano-

1158 1177 1233 1238 stini
1264 1177 1389 1238 Gavciae
1414 1176 1451 1237 de
1479 1177 1599 1250 Galbes,
1632 1177 1734 1238 fratris
1763 1190 1907 1253 expresse
1924 1143 2138 1244 {ffissofflssss

1160 1269 1286 1348 professi
1308 1267 1430 1331 Ordinis
1453 1269 1663 1331 Eremitarum
1679 1269 1709 1334 S.
1725 1269 1904 1346 Augustini,
1925 1251 2139 1352 {gffrmpfsffffflssl

1161 1365 1192 1424 in
1214 1362 1297 1424 sacri
1318 1361 1472 1438 tlreologii
1498 1362 1652 1438 magistri,
1676 1379 1709 1424 ac
1730 1357 2137 1466 lls⁰0¹1i³l⁰·{,¹‚¹,¹,¹,¹¹,d2‡,ffi‘,'lff

168 1459 312 1507 clausulae.

397 1451 416 1524 5
437 1451 466 1512 3.
490 1451 709 1528 Decerncntes,
729 1455 849 1516 easdem
866 1462 1042 1532 praesentes
1058 1453 1106 1514 lit-

357 1555 437 1610 teras
451 1561 574 1624 semper
589 1549 704 1623 svrmas,
720 1547 833 1608 validas
848 1557 879 1610 et
893 1547 1027 1610 efficaces
1042 1550 1107 1609 exi-

356 1648 439 1703 stere
459 1652 490 1703 ct
512 1642 588 1716 lore,
604 1657 737 1719 suosque
752 1642 906 1718 plenarios
921 1651 952 1702 et
967 1642 1105 1718 integros

358 1736 482 1800 enectus
502 1736 606 1796 sortiri
627 1743 658 1798 et
672 1736 825 1810 obtinere,
842 1753 874 1797 ac
890 1735 961 1808 illis,
978 1735 1014 1796 ad
1028 1751 1105 1812 quos

356 1837 472 1908 spectat
487 1837 517 1890 et
528 1845 583 1906 pro
596 1835 737 1907 tempore
751 1827 1009 1907 quandocumque
1023 1844 1106 1906 spec·

357 1922 444 1998 tabit,
467 1922 498 1982 in
521 1922 665 1982 omnibus
686 1929 717 1982 et
736 1937 792 2000 per
806 1923 911 1984 omnia
926 1921 1106 1999 plenissime

356 2014 528 2090 suflragari,
545 2022 576 2076 et
590 2015 627 2076 ab
641 2015 685 2075 eis
700 2015 871 2092 respective
887 2013 1107 2076 inviolabiliter

357 2108 528 2181 observari,
553 2108 658 2184 sicque
683 2109 714 2169 in
740 2106 914 2185 praemissis
940 2123 996 2185 por
1017 2121 1108 2185 quos-

358 2217 490 2280 cumque
521 2201 636 2263 iudices
667 2201 838 2263 ordinarios
869 2210 899 2262 ct
931 2200 1104 2276 delegatos,

357 2295 450 2362 etiam
471 2309 632 2356 causarum
651 2294 753 2372 palatii
767 2293 921 2372 apostolici
938 2293 1104 2376 auditores,

358 2387 484 2450 iudicari
508 2394 538 2448 et
566 2387 689 2450 definiri
721 2387 844 2462 debere,
868 2404 901 2448 ac
928 2387 1053 2448 irritum
1075 2391 1106 2446 et

358 2481 450 2547 inane
470 2480 496 2540 si
516 2496 604 2542 secus
624 2496 717 2558 super
737 2481 785 2541 bis
806 2497 822 2540 a
843 2494 1010 2557 quoquam,
1032 2495 1106 2556 qua·

358 2574 405 2636 vis
432 2573 631 2648 auctoritate,
663 2574 797 2636 scienter
827 2572 876 2634 vel
906 2573 1104 2648 ignoranter,

357 2666 522 2743 contigerit
543 2667 698 2729 attentari.

398 2761 416 2834 5
438 2760 467 2820 la.
491 2759 560 2821 Non
582 2760 775 2822 obstantibus
789 2759 1063 2822 constitutionibus
1075 2765 1106 2820 et

359 2853 605 2916 ordinationibus
631 2853 814 2930 apostolicis,
844 2867 977 2924 necnon,
1001 2859 1107 2929 quate·

359 2963 418 3010 uus
439 2962 515 3024 opus
536 2946 586 3020 sit,
600 2946 831 3023 provinciarum
846 2952 876 3006 et
891 2945 1007 3007 ordinis
1021 2960 1106 3022 prae·

359 3039 525 3111 dictorum,
551 3039 643 3100 etiarn
666 3038 855 3112 iuramento,
872 3038 1106 3100 confirmatione

360 3131 535 3212 apostolici,
563 3131 611 3191 vel
637 3131 745 3208 quavis
771 3131 917 3194 firmitate
939 3130 994 3192 alia
1018 3130 1106 3190 robo-

360 3224 445 3299 ratis,
473 3224 595 3286 statutis
616 3233 647 3285 et
669 3224 955 3298 consuetudinibus,
981 3223 1107 3302 privile-

361 3317 419 3394 giis
440 3333 574 3394 quoque,
592 3317 726 3378 indultis
743 3324 774 3378 et
796 3317 906 3379 litteris
922 3317 1105 3395 apostolicis,

362 3411 394 3472 iu
416 3410 606 3472 contrarium
622 3410 861 3489 praemissorum
877 3410 1106 3488 quomodolibet

358 3503 520 3578 concessis,
544 3503 732 3564 confirmatis
754 3512 784 3566 et
799 3504 970 3580 innovatis3
993 3504 1104 3581 quibus

359 3596 503 3658 omnibus
518 3605 550 3658 et
563 3597 708 3674 singulis,
731 3597 857 3659 illorum
881 3608 1003 3658 tenores
1022 3611 1105 3674 prae-

358 3691 498 3752 sentibus
513 3705 569 3767 pro
584 3689 673 3766 plene
688 3697 719 3751 et
732 3690 923 3751 suillcienter
942 3690 1104 3766 expressis,

359 3801 392 3844 ac
412 3783 595 3845 adverbum
622 3782 746 3842 insertis
769 3783 925 3857 babentes
950 3782 1010 3842 illis
1034 3781 1106 3843 alias

360 3877 393 3938 in
414 3892 471 3938 suo
491 3875 601 3938 robore
622 3875 844 3954 permansuris,
867 3877 902 3938 ad
925 3876 1108 3954 praemisso-

360 3985 431 4030 rum
446 3969 602 4044 ellectum,
619 3969 675 4030 bac
696 3968 763 4030 vice
778 3969 947 4043 dumtaxat,
969 3967 1108 4046 speciali·

361 4071 407 4124 ter
421 4071 452 4124 et
467 4079 610 4140 expresse
624 4060 826 4137 derogamus;
849 4061 1019 4139 ceterisque
1034 4076 1106 4122 con-

360 4156 460 4217 trariis
482 4155 740 4233 quibuscumque.

399 4251 510 4312 Datum
539 4249 569 4308 in
599 4251 675 4309 Arce
704 4245 897 4324 Ganclulpbi,
924 4247 1106 4310 Albanensis

360 4343 520 4416 dioecesis,
546 4341 604 4402 sub
635 4339 753 4402 annulo
781 4339 941 4402 Piscatoris
968 4340 1019 4404 die
1040 4358 1103 4402 xvv.

360 4436 635 4509 inminuerunt,
661 4433 772 4512 pontii.
803 4434 902 4495 nostri
928 4451 1010 4496 anno
1032 4451 1102 4498 xnr.

617 4635 854 4645 .-..—-—--

680 4813 786 4878 XLIV.

360 5004 493 5068 Pariter
512 5003 679 5083 confirmat
697 5002 856 5064 decretam
881 4999 1106 5080 congregotio-

400 5099 452 5157 nia
465 5097 693 5174 Episcoporttot
709 5103 737 5158 et
753 5094 966 5174 Requlort'tnn
982 5092 1018 5154 de
1035 5108 1106 5152 coo-

400 5190 532 5251 ccdendo
562 5189 719 5268 suffragio
743 5185 967 5264 superioribus
999 5186 1107 5247 cuina-

400 5298 532 5360 cumque
554 5279 693 5344 coenobii
722 5283 869 5362 fratrum
900 5279 1107 5340 eremitarum

402 5375 433 5438 S.
458 5375 637 5456 Augustini
659 5375 694 5436 in
716 5370 908 5452 quibusdum
931 5371 1107 5448 provinciis

400 5468 571 5532 indiarum
592 5465 858 5536 occidentalium,
878 5479 941 5524 non
962 5460 1107 5525 obstante

401 5561 635 5625 constitutione
656 5561 753 5623 Pauli
780 5560 809 5620 V.
833 5557 890 5636 (l).

401 5761 431 5815 (1)
447 5761 484 5803 Ex
498 5761 560 5816 leeg.
576 5757 603 5802 in
618 5759 693 5803 arob.
710 5761 782 5803 Brev.
805 5756 895 5802 Simile
909 5757 1044 5802 decretum
1058 5766 1106 5812 pro
1134 5763 1135 5771 ¹

359 5826 487 5872 tratribus
501 5825 646 5870 Minoribus
660 5825 691 5868 de
706 5824 877 5870 Obseruantia
892 5823 950 5868 vide
963 5823 990 5868 in
1000 5822 1104 5868 constit.

360 5895 476 5950 praeced.
499 5897 580 5937 Porro
595 5891 620 5935 in
636 5895 716 5936 const.
733 5893 770 5935 ed.
788 5902 923 5936 nrnccvvrr..
938 5890 978 5934 die
993 5901 1046 5934 xvv.
1063 5901 1106 5934 avv-

360 5959 441 6017 gusti,
455 5959 545 6018 pontit.
560 5971 626 6014 vnn,
641 5961 713 6005 extat
728 5959 862 6006 decretum
884 5959 977 6004 contra
994 5957 1107 6002 alternu-
1132 5924 1135 6002 A

1161 1455 1202 1516 ris
1228 1453 1379 1530 generalis
1411 1455 1644 1532 provinciarum
1671 1455 1705 1516 B.
1735 1455 1847 1516 Mariae
1868 1455 1906 1518 de
1924 1462 2139 1564 {glissbtfflsvfl‘

1162 1548 1263 1610 Gratia
1277 1555 1528 1626 nuncupaturum
1542 1549 1615 1610 novi
1631 1549 1719 1626 regni
1735 1548 1906 1610 Granaten-

1161 1641 1212 1716 sis,
1236 1640 1359 1702 Poruvii
1382 1650 1412 1704 et
1435 1642 1610 1704 llexicanae
1630 1643 1768 1706 eiusdem
1784 1642 1907 1704 Ordinis

1162 1733 1194 1796 in
1216 1733 1310 1796 ludiis
1331 1733 1586 1809 occidentalibus,
1600 1735 1839 1812 congregationi
1855 1750 1907 1794 ve·

1162 1827 1347 1889 nerabilium
1359 1828 1492 1890 fratrum
1504 1835 1680 1890 nostrorum
1693 1828 1724 1890 S.
1736 1828 1770 1889 ll.
1785 1828 1820 1889 lt.
1836 1829 1908 1890 Car·

1162 1919 1312 1981 dinalium
1332 1921 1464 1996 negotiis
1485 1928 1516 1981 et
1536 1922 1813 1984 consultationibus
1835 1923 1906 2000 Epi-

1160 2027 1322 2090 scoporum
1338 2021 1368 2074 et
1383 2013 1584 2090 Regularium
1605 2015 1794 2092 praepositae
1815 2031 1906 2094 eupo-

1160 2106 1235 2180 sito,
1264 2107 1361 2184 quod,
1396 2107 1465 2168 licet
1487 2108 1520 2168 in
1548 2107 1700 2186 aliquibus
1726 2110 1906 2170 earumdem

1161 2199 1391 2276 provinciarum
1402 2202 1606 2264 conventibus
1617 2217 1672 2262 seu
1688 2203 1829 2266 dontibus
1844 2203 1907 2264 vul-

1161 2293 1197 2353 de
1223 2293 1371 2368 exiguus,
1400 2309 1514 2371 nempe
1541 2293 1692 2370 duorum,
1726 2295 1824 2358 trium
1852 2312 1907 2358 seu

1160 2391 1303 2462 quatuor,
1332 2385 1552 2462 religiosorum
1577 2402 1729 2450 numerus
1754 2388 1904 2463 aleretur,

1160 2493 1193 2538 ac
1214 2477 1307 2538 etiam
1329 2479 1361 2540 in
1384 2479 1545 2541 nonnullis
1566 2479 1707 2542 domibus
1728 2483 1906 2544 huiusmodi

1161 2585 1241 2630 unus
1262 2576 1387 2631 tantum
1409 2571 1571 2647 religiosus
1586 2575 1715 2634 nomine
1730 2575 1839 2652 prioris
1854 2575 1906 2634 ba-

1160 2663 1304 2726 bitaverit
1326 2671 1357 2726 et
1378 2665 1574 2739 inhabitaret,
1592 2666 1796 2730 nibilominus
1811 2668 1906 2730 iidem

1160 2765 1331 2820 conventus
1353 2759 1497 2820 omnibus
1513 2758 1572 2820 illis
1589 2761 1819 2837 praerogativis,
1840 2763 1906 2839 qui·

1161 2852 1216 2914 bus
1237 2853 1332 2914 ceteri
1356 2857 1530 2914 conventus
1559 2853 1666 2914 maiori
1688 2862 1718 2915 et
1739 2855 1907 2916 sufficienti

1160 2946 1343 3008 eorumdem
1354 2946 1570 3022 religiosorum
1583 2961 1716 3008 numero
1728 2948 1833 3009 referti
1846 2947 1908 3010 lrui

1159 3039 1309 3114 solebant,
1322 3037 1521 3112 fruebantur,
1533 3044 1564 3099 et
1579 3039 1662 3100 inter
1676 3039 1732 3100 alia
1748 3048 1782 3102 ut
1797 3055 1908 3102 eorum

1160 3131 1278 3208 priores
1298 3146 1353 3192 seu
1375 3130 1480 3193 vicarii
1503 3147 1558 3208 pro
1580 3131 1726 3208 legitimis
1741 3133 1908 3211 superiori·

1160 3223 1216 3284 bus
1236 3238 1360 3300 semper
1384 3223 1497 3298 babiti,
1520 3241 1553 3286 ac
1574 3220 1646 3285 voto
1667 3225 1734 3286 sive
1762 3225 1908 3301 suffragio

1160 3317 1193 3378 in
1219 3317 1360 3395 capitulis
1392 3317 1634 3394 provincialibus
1658 3318 1747 3396 potiti
1776 3317 1906 3395 inerint,

1160 3410 1335 3487 exsequia
1357 3410 1583 3487 praedictorum
1605 3411 1823 3488 religiosorum
1839 3427 1909 3474 mu-

1160 3519 1219 3564 nus
1238 3504 1272 3564 in
1293 3503 1483 3564 instruendis
1505 3503 1711 3582 explicatione.
1733 3505 1908 3567 catechismi

1160 3596 1280 3676 populis
1307 3596 1433 3657 illarum
1460 3598 1611 3674 partium,
1640 3597 1746 3674 eisque
1775 3599 1810 3658 ad
1840 3611 1907 3674 gre-

1160 3692 1259 3752 mium
1282 3690 1352 3774 lidei
1374 3689 1539 3751 catholicae
1562 3689 1749 3752 adducendis
1770 3691 1908 3752 versaba-

1161 3791 1223 3858 tur,
1246 3783 1345 3862 eaique
1359 3785 1396 3845 de
1411 3785 1497 3844 causi
1518 3784 1591 3844 satis
1613 3784 1704 3860 longe
1719 3800 1752 3844 se
1767 3783 1909 3846 conterre

1160 3879 1361 3952 cogebantur,
1384 3891 1443 3936 nec
1458 3877 1500 3937 eis
1515 3876 1554 3936 ob
1569 3883 1632 3938 tam
1654 3877 1907 3940 considerabilem

1161 3971 1337 4033 distantiam
1359 3971 1394 4030 ad
1423 3969 1578 4048 propriam
1600 3972 1730 4033 domum
1759 3971 1817 4032 nisi
1841 3978 1909 4048 post

1160 4063 1299 4142 plurium
1321 4062 1478 4123 mensium
1501 4062 1551 4123 vel
1571 4064 1665 4124 etiam
1683 4063 1814 4124 alicuius
1834 4065 1909 4125 anni

1159 4157 1293 4234 spatium
1315 4154 1416 4217 redire
1439 4155 1563 4232 licebat3
1587 4171 1690 4234 porro,
1707 4157 1763 4219 boc
1778 4157 1909 4219 minime

1160 4249 1312 4324 obstante,
1336 4249 1445 4324 vigore
1466 4250 1672 4325 quarumdam
1686 4250 1849 4312 literarum
1866 4249 1910 4312 ie-

1160 4345 1227 4406 licis
1243 4344 1464 4408 recordationis
1480 4343 1564 4405 l’auli
1579 4344 1634 4405 ΡΡ.
1649 4343 1685 4406 ll.
1700 4346 1910 4422 praedecesso-

1161 4441 1204 4502 ris
1225 4440 1335 4514 nostri,
1359 4439 1407 4501 die
1430 4454 1523 4500 xxvvi.
1547 4439 1716 4502 decembris
1740 4453 1852 4500 uncuv.
1876 4437 1909 4499 in

1162 4533 1256 4595 simili
1278 4533 1375 4594 formai
1397 4533 1505 4594 Brevis
1522 4534 1653 4612 desuper
1681 4531 1908 4609 expeditarum,

1162 4625 1422 4706 praetendebatur
1442 4633 1614 4688 conventus
1635 4625 1834 4699 huiusmodi,
1857 4625 1911 4702 qui

1162 4727 1230 4781 octo
1245 4719 1463 4795 religiosorum
1483 4733 1652 4781 numerum
1667 4725 1842 4781 sustentare
1857 4733 1910 4778 ne-

1163 4813 1357 4891 quivissent,
1389 4813 1541 4890 supprimi
1563 4812 1696 4885 deberc,
1730 4813 1852 4873 sivero
1874 4812 1910 4874 ad

1162 4908 1410 4985 suppressionem
1422 4904 1599 4967 huiusmodi
1615 4904 1764 4966 devenire
1778 4903 1911 4966 minime

1163 5007 1275 5077 posset,
1300 4999 1435 5075 religiosi
1457 4997 1492 5058 ad
1514 4997 1588 5058 alios
1610 5006 1783 5060 conventus
1804 5012 1859 5058 seu
1874 4997 1910 5059 ad

1163 5092 1236 5153 alias
1258 5092 1364 5152 domos
1386 5091 1543 5167 regulares
1566 5090 1772 5152 transferendi
1795 5095 1908 5163 essent,

1163 5185 1241 5246 itaut
1256 5185 1288 5246 in
1303 5183 1441 5262 partibus
1462 5183 1620 5245 indiarum
1641 5199 1705 5244 non
1720 5182 1911 5262 reperiretur

1163 5279 1387 5340 monasterium
1409 5285 1461 5338 aut
1483 5276 1633 5354 regularis
1655 5275 1826 5348 demusin
1848 5291 1909 5351 quo

1162 5385 1218 5430 seu
1240 5385 1298 5446 qua
1319 5369 1423 5430 minor
1438 5383 1590 5430 numerus
1604 5373 1672 5429 octo
1686 5365 1911 5427 monachorum

1162 5477 1218 5522 seu
1239 5460 1372 5523 fratrum
1394 5461 1570 5538 regularem
1594 5461 1691 5522 vitam
1713 5460 1856 5535 duceret;
1880 5465 1912 5520 et

1164 5553 1247 5629 aliis,
1271 5563 1363 5632 prout
1378 5553 1410 5615 in
1424 5553 1606 5634 supradictis
1628 5552 1713 5614 Pauli
1734 5553 1910 5630 praedeces·

1162 5753 1244 5800 tivarn
1258 5753 1286 5798 in
1300 5752 1434 5810 provinciis
1448 5755 1473 5797 Β.
1490 5755 1520 5798 M.
1533 5755 1560 5797 V.
1576 5752 1608 5796 de
1622 5751 1722 5808 Gratia,
1737 5751 1763 5796 et
1777 5753 1858 5798 const.
1870 5752 1908 5797 ed.

1162 5832 1286 5876 srnccxx,
1301 5821 1342 5864 (lio
1358 5833 1401 5865 xx.
1418 5819 1538 5866 octobris.
1561 5818 1650 5875 pontif.
1667 5830 1721 5873 xx,
1736 5819 1851 5876 augetur
1865 5829 1910 5865 nu·

1162 5900 1251 5934 uterus
1267 5889 1457 5944 vvracgistroruvn
1473 5887 1499 5931 in
1515 5886 1649 5944 provincial
1664 5885 1806 5932 Pervvvanai.
