4836 6998
196 2214 329 2258 Decretum

107 2265 283 2318 praedictum.

986 611 1183 658 unnebte'rus
1205 609 1273 656 xlll.

354 721 517 782 memorati
538 721 662 800 capituli
685 727 847 804 generalis,
872 735 935 791 tam
956 730 1099 792 cernrnis-

352 815 451 876 sarius
471 818 624 892 generalis
645 819 803 883 indiarum
820 839 912 901 quarn
927 824 1098 896 Pomanus,

352 908 475 985 quande
504 925 558 988 per
579 928 612 974 se
633 913 713 991 ipsos
740 917 882 978 eamdem
907 916 1099 994 provinciam

353 999 623 1066 Tucumanensem
649 1007 774 1069 visitare
801 1009 947 1070 nolebant
975 1009 1023 1070 vel
1046 1024 1098 1070 ne·

352 1095 492 1171 quibant,
519 1112 620 1160 unum
641 1115 679 1160 ex
700 1095 851 1177 religiosis
879 1103 998 1164 idoneis
1019 1103 1099 1166 eius-

351 1188 424 1250 dem
444 1190 621 1266 provinciae
646 1193 794 1272 deputare
815 1204 846 1258 et
868 1199 1042 1272 nominare,
1068 1204 1098 1258 et

351 1281 387 1342 ad
409 1281 493 1344 bunc
514 1284 660 1348 ellectum
686 1290 883 1366 provincialis
905 1300 936 1352 et
957 1293 1099 1355 desinite-

350 1374 436 1436 rium
457 1392 512 1455 pre
535 1387 674 1458 tempore
697 1383 837 1444 notulam
863 1384 1005 1448 omnium
1027 1386 1098 1447 veli·

350 1467 509 1544 giosorurn
524 1470 559 1532 ad
575 1472 605 1533 id
623 1489 740 1538 munus
761 1475 906 1540 visitandi
929 1479 1097 1555 dignorum
1119 1505 1121 1512 ·

350 1563 385 1624 nd
408 1564 531 1626 eosdem
557 1568 731 1644 superiores
758 1569 884 1632 mittere
911 1577 1097 1633 tenerentur

349 1664 381 1717 et
403 1659 574 1735 respective
595 1661 754 1736 deberent,
773 1663 878 1741 sieque
900 1663 931 1725 in
954 1664 1096 1726 luterum

349 1749 570 1812 invielabiliter
597 1752 752 1814 observari
782 1757 982 1819 mandarent:
1016 1774 1096 1819 ema-

349 1842 436 1904 navit
465 1861 481 1903 a
509 1845 641 1921 praelati
674 1847 921 1924 Congregatione
953 1851 1096 1912 cardina·

349 1932 426 1994 liuvn
454 1935 614 2000 decretum
644 1940 760 2002 teneris
789 1942 842 2020 qui
869 1943 1028 2020 sequitur,
1051 1946 1096 2006 vi-

348 2025 476 2090 delicet:

388 2217 476 2280 Sacra
499 2221 706 2301 congregatio
727 2227 1049 2291 eminentissimorum
1064 2239 1095 2291 ct

347 2314 647 2380 revendissimernm
682 2319 713 2383 S.
744 2321 780 2382 lt.
812 2322 846 2382 Ε.
886 2322 1094 2386 cardinalium

348 2411 480 2484 negotiis
508 2419 539 2473 ct
566 2413 844 2478 consultationibus
873 2415 1094 2496 cpiscoporum

346 2507 377 2562 et
398 2501 600 2579 Regulariunr
631 2508 817 2586 praeposita,
850 2509 914 2570 visai
944 2511 1094 2574 relatione

345 2593 587 2658 eminentissimi
618 2598 759 2673 consini,
793 2603 938 2679 praedicti
971 2603 1093 2666 Ordinis

344 2690 423 2766 apud
446 2689 590 2752 Sanctam
605 2691 716 2754 Sedem
735 2695 928 2771 protectoris,
945 2713 978 2758 ac
993 2712 1092 2758 erlun-

346 2782 420 2844 tiato
435 2792 508 2846 vote
523 2785 649 2864 capituli
665 2785 828 2864 generalis,
845 2789 1000 2850 relevante
1016 2790 1093 2851 emi·

345 2879 529 2942 nantissime
552 2887 657 2942 nostro
680 2880 820 2962 Spinula,
846 2884 968 2944 censuit
988 2890 1018 2944 et
1041 2883 1091 2945 de·

343 2973 454 3047 crevit,
484 2974 567 3036 idern
592 2975 752 3037 decretum
781 2976 908 3054 capituli
935 2977 1091 3053 generalis

344 3081 410 3127 esse
430 3068 661 3145 approbandum
680 3077 711 3131 et
732 3069 981 3132 confirmandum
997 3077 1031 3132 ut
1047 3069 1092 3130 in·

343 3159 399 3234 ira,
422 3161 580 3224 videlicet:
604 3161 734 3237 ‹Qued,
756 3171 858 3226 stante
876 3164 999 3226 summi
1020 3167 1092 3240 ege

342 3260 420 3314 state
448 3255 600 3332 praelatae
628 3255 803 3332 provinciae
832 3257 1089 3331 Tucumanensis,

343 3363 421 3424 quae
442 3346 650 3409 intolerabiles
678 3355 821 3427 sumptus
843 3351 1012 3414 adducendi
1039 3367 1090 3411 ex·

342 3447 487 3502 traneum
498 3441 744 3505 commissarium
756 3441 948 3507 visitatorem
960 3443 1090 3505 sullerre

341 3549 405 3594 nen
422 3541 533 3611 petest,
549 3536 670 3612 quande
686 3535 844 3600 lndiarum
860 3537 1089 3600 commissarius

340 3626 558 3704 perseipsum
573 3643 636 3688 non
652 3629 721 3690 vult
736 3631 879 3693 accedere
894 3630 929 3691 ad
947 3631 1089 3692 eamdem

233 3735 236 3739 ·
340 3719 1089 3800 provinciamadcapitulumceleb1·andu1n,tunc

151 4921 316 4969 cenllrmatie

97 4979 179 5027 relati
195 4981 297 5030 decreti.

338 3825 377 3870 ex
398 3811 506 3874 eadem
527 3813 683 3891 provincial
710 3818 957 3880 commissarium
985 3820 1088 3881 visita·

341 3913 441 3967 terem
462 3905 570 3968 debeat
591 3907 758 3984 assignare,
784 3919 814 3972 et
836 3911 870 3972 ad
893 3914 977 3974 bunc
998 3913 1088 3976 ellec-

340 4003 407 4058 tu1n
428 4015 484 4061 sue
507 4008 648 4079 tempere
670 4003 868 4081 provincialis
891 4013 923 4068 et
944 4004 1088 4068 desinite-

339 4089 423 4152 vium
452 4094 594 4154 notulam
625 4095 844 4171 religiosorum
873 4097 924 4160 tali
953 4114 1086 4161 munere

338 4186 505 4261 dignorum
537 4187 661 4264 ipsimet
689 4189 848 4252 indiarum
874 4193 1085 4255 commissario

339 4281 551 4341 transmittere
586 4290 762 4345 teneantur.
802 4285 1085 4348 constitutionibus

337 4371 509 4448 apostolicis
525 4379 554 4434 et
570 4374 693 4436 Ordinis
704 4393 737 4438 ac
753 4377 821 4437 aliis
836 4378 1084 4457 quibuscumque

338 4463 370 4525 in
381 4465 765 4532 contrariumlacientibns
777 4488 840 4533 non
853 4473 1080 4537 obstantibus».

337 4556 462 4632 Romae,
486 4573 566 4619 nnn.
594 4569 679 4639 sept,
697 4579 873 4626 neecrxrv.
900 4599 936 4612 -
958 4569 991 4630 F.
1012 4568 1083 4630 car-

336 4649 447 4711 dinalis
475 4651 666 4716 Pannonios.
693 4655 730 4718 V.
757 4657 901 4738 Arclriep.
925 4660 1082 4723 Damasce-

337 4757 395 4804 nus
416 4751 526 4806 secret.
551 4745 630 4807 Loco
644 4749 666 4826 †
679 4751 791 4830 stultit.

377 4933 396 5006 ἓ
417 4933 446 4994 2.
471 4933 550 4996 curn
565 4943 681 5011 autem,
696 4937 777 5000 sicut
792 4940 890 5002 dictus
905 4941 1083 5006 Franciseus

336 5025 423 5088 nobis
443 5027 575 5090 subinde
595 5032 708 5108 exponi
730 5031 813 5107 lecit,
837 5034 902 5111 ipse
923 5033 1082 5098 decretum

336 5119 525 5194 uniusmodi,
538 5137 600 5198 quo
615 5125 735 5185 firmius
750 5125 889 5200 subsitat,
903 5129 1084 5206 apostolieae

335 5213 579 5275 centirnrationis
604 5223 725 5277 nestrae
752 5220 922 5295 patrocinio
944 5238 1083 5284 cominu-

335 5308 396 5368 niri
427 5325 628 5389 summopere
662 5311 826 5373 desideret:
869 5329 947 5390 noS,
980 5317 1081 5394 ipsum

334 5401 533 5463 Franciscuna
553 5403 734 5481 specialibus
746 5404 902 5468 lavoribus
924 5417 955 5469 et
976 5411 1081 5484 gratiis

334 5495 477 5572 prosequi
504 5494 663 5571 volentes,
686 5505 717 5558 et
738 5513 754 5557 a
776 5498 935 5576 quibusvis
958 5517 1080 5562 excom·

334 5587 571 5662 munientionis,
607 5590 819 5666 suspensionis
848 5601 878 5655 et
910 5593 1078 5670 interdicti,

333 5679 460 5757 aliisque
475 5680 685 5743 ecelesiasticis
705 5685 879 5759 sententiis,
896 5687 1034 5748 censuris
1048 5697 1080 5750 ot

332 5771 450 5849 poenis,
472 5789 488 5832 a
511 5773 578 5834 iure
600 5773 649 5836 vel
672 5775 709 5837 ab
732 5775 874 5852 bomine,
903 5781 1010 5855 quavis
1032 5797 1081 5841 cc-

1156 728 1277 790 casiene
1292 729 1342 790 vel
1364 731 1451 792 causi
1473 729 1551 805 latis,
1563 729 1588 791 si
1603 730 1714 810 quibus
1736 733 1905 810 quomodo-

1157 821 1232 884 libet
1254 822 1418 886 innedatus
1446 824 1566 892 existit,
1589 827 1624 887 ad
1651 825 1796 887 ellectum
1819 841 1905 904 prac-

1156 915 1293 978 sentium
1316 919 1476 980 dumtaxat
1496 920 1767 997 consequendum,
1791 919 1903 981 barum

1155 1008 1237 1070 serie
1256 1008 1451 1073 absolventes
1466 1019 1497 1073 et
1508 1011 1683 1074 absolutum
1698 1011 1764 1073 lere
1778 1028 1904 1074 censen·

1158 1109 1219 1176 tes,
1250 1103 1525 1182 supplicationibus
1557 1105 1624 1166 eius
1655 1105 1783 1167 nomine
1814 1105 1903 1166 nobis

1156 1211 1249 1274 super·
1270 1196 1327 1258 hec
1343 1197 1505 1259 lrumiliter
1519 1198 1668 1275 porrectis
1683 1197 1835 1273 inclinati,
1852 1199 1902 1260 de-

1155 1296 1277 1350 cretum
1299 1290 1537 1368 praeinsertum,
1553 1291 1736 1354 auctoritate
1760 1291 1902 1370 aposteli-

1827 593 1885 654 app
1936 590 2125 646 an.c.1724

1154 1381 1199 1455 ci,
1227 1389 1335 1444 tenere
1365 1384 1587 1461 praesentium,
1620 1387 1841 1448 confirmamus
1871 1395 1901 1450 et
1953 1439 1957 1448 .

1155 1475 1368 1553 approbamus,
1386 1477 1494 1556 illique
1518 1477 1706 1540 inviolabilis
1720 1479 1902 1557 apostelicae

1155 1567 1309 1631 firmitatis
1320 1570 1417 1632 robur
1427 1572 1599 1632 adiicimus:
1613 1571 1695 1634 salva
1709 1580 1810 1634 tamen
1822 1587 1903 1634 sern-

1154 1677 1209 1738 per
1231 1662 1262 1722 in
1284 1663 1459 1740 praemissis
1481 1665 1662 1727 auctoritate
1681 1666 1901 1742 congregatio·

1154 1753 1202 1814 nis
1222 1756 1405 1818 eorumdem
1428 1756 1650 1820 cardinalium.

1193 1848 1212 1920 ἓ
1232 1847 1260 1908 3.
1284 1849 1501 1924 Decernuntes,
1518 1851 1641 1912 easdem
1656 1860 1830 1929 praesentes
1852 1853 1900 1916 lit-

1155 1945 1233 2000 teras
1248 1956 1370 2018 semper
1385 1941 1499 2018 firmus,
1513 1943 1627 2006 validas
1642 1953 1673 2006 ct
1687 1944 1821 2007 efficaces
1837 1945 1900 2007 exi-

1151 2041 1234 2093 stere
1255 2042 1286 2095 et
1307 2033 1383 2110 iore,
1399 2052 1534 2115 suesqqe
1549 2037 1702 2116 plenarios
1717 2045 1746 2100 et
1763 2039 1899 2116 integros

1153 2125 1279 2188 ellectus
1297 2129 1398 2192 sortiri
1415 2138 1446 2191 et
1461 2131 1613 2206 obtinere,
1631 2148 1664 2194 ac
1685 2131 1757 2207 illie,
1774 2133 1808 2193 ad
1823 2149 1900 2210 ques

1151 2227 1267 2297 spectat
1283 2229 1314 2282 et
1334 2237 1390 2300 pro
1412 2231 1550 2302 tempore
1577 2227 1736 2304 spectabit,
1759 2226 1898 2306 plenissi-

1151 2332 1202 2376 me
1222 2315 1400 2393 suffragari,
1424 2326 1454 2380 et
1476 2320 1512 2380 ab
1536 2319 1580 2380 eis
1601 2321 1773 2398 respective
1798 2321 1899 2382 invio-

1151 2409 1286 2472 labiliter
1300 2411 1469 2486 observari,
1485 2413 1591 2492 sicque
1606 2413 1637 2474 in
1654 2414 1828 2492 praemissis
1843 2431 1898 2493 per·

1151 2517 1363 2581 quoscumque
1384 2503 1499 2566 iudices
1527 2506 1697 2569 ordinaries
1719 2515 1750 2568 et
1777 2507 1897 2582 delega-

1152 2601 1207 2669 tes,
1232 2596 1324 2657 etiarn
1349 2614 1510 2660 causmum
1533 2599 1633 2676 palatii
1662 2599 1818 2676 apostolici
1843 2616 1896 2660 au-

1150 2688 1279 2763 ditores,
1303 2691 1430 2753 iudicari
1452 2699 1483 2754 et
1505 2693 1628 2754 deliniri
1652 2693 1775 2767 debere,
1798 2711 1832 2754 ac
1855 2694 1896 2753 ir-

1150 2781 1247 2843 ritum
1268 2791 1297 2845 at
1319 2784 1423 2860 inane,
1446 2787 1470 2847 si
1492 2803 1580 2848 secus
1600 2800 1694 2865 super·
1716 2788 1762 2848 bis
1782 2805 1798 2847 a
1820 2803 1896 2864 quo-

1149 2895 1253 2956 quam,
1267 2881 1375 2959 quavis
1390 2882 1583 2956 auctoritate,
1596 2883 1730 2944 scienter·
1742 2881 1790 2942 vel
1808 2882 1894 2958 igno-

1149 2981 1265 3047 ranter,
1288 2975 1453 3052 contigerit
1474 2977 1631 3038 attentari.

1188 3065 1207 3138 S
1228 3065 1256 3126 l.
1281 3065 1350 3128 Non
1372 3067 1563 3132 obstantibus
1578 3069 1761 3146 praemissis,
1775 3085 1808 3131 ac
1822 3085 1890 3131 cen·

1147 3159 1359 3222 stitutionibus
1380 3169 1411 3224 et
1432 3161 1678 3224 ordinationibus
1706 3162 1893 3241 apostolicis,

1147 3268 1192 3326 ac,
1209 3261 1360 3330 quatenus
1375 3271 1451 3334 epus
1469 3256 1520 3330 sit,
1537 3255 1714 3333 provinciae
1728 3265 1759 3316 et
1773 3255 1894 3318 Ordinis

1147 3347 1366 3424 praelatorum,
1380 3349 1473 3410 etiam
1486 3349 1671 3426 iuramento,
1684 3353 1893 3414 confirmatio·

1148 3455 1187 3500 ne
1209 3440 1382 3518 apostolici,
1407 3442 1456 3503 vel
1478 3443 1585 3520 quavis
1607 3445 1753 3507 firmitate
1769 3445 1825 3507 alia
1845 3462 1893 3506 re·

1146 3533 1272 3608 boratis,
1294 3535 1418 3596 statutis
1438 3542 1469 3596 et
1489 3537 1779 3612 consuctudinibus,
1798 3539 1893 3616 privi-

1147 3626 1235 3702 legiis
1250 3643 1385 3705 quoque,
1402 3627 1533 3690 indultis
1549 3636 1579 3690 et
1595 3629 1706 3692 litteris
1720 3632 1892 3708 apostolicis

1146 3719 1178 3779 in
1200 3720 1390 3782 centrarium
1406 3721 1646 3798 praemissorum
1662 3725 1893 3800 quomodolibet

1145 3811 1308 3886 cencessiS,
1331 3813 1520 3874 confirmatis
1542 3821 1572 3874 et
1593 3814 1761 3891 innovatis3
1780 3816 1892 3894 quibus

1144 3904 1290 3966 omnibus
1309 3913 1339 3970 et
1360 3907 1503 3983 singulis,
1527 3906 1652 3968 illerum
1669 3917 1791 3998 tqrores
1807 3925 1891 3986 prae·

1143 3997 1283 4060 sentibus
1304 4015 1359 4078 pre
1381 3999 1473 4078 plene
1488 4007 1518 4062 et
1535 4000 1725 4062 sullicienter
1740 4004 1891 4078 expressis

1144 4105 1177 4154 ae
1198 4095 1235 4155 de
1256 4093 1351 4154 verbo
1375 4095 1410 4156 ad
1436 4093 1567 4157 verbum
1585 4093 1709 4154 insertis
1730 4094 1889 4172 babentes,

1143 4187 1204 4248 illis
1232 4186 1304 4247 aliis
1325 4187 1357 4248 in
1383 4203 1439 4248 suo
1467 4187 1577 4248 robore
1605 4188 1831 4264 permansuris,
1854 4189 1891 4250 ad

1143 4281 1383 4357 praemissorum
1399 4280 1554 4354 ellectum,
1568 4279 1623 4342 bac
1638 4279 1705 4341 vice
1717 4281 1887 4359 dumtaxat,

1141 4373 1315 4452 specialiter
1331 4379 1362 4433 et
1378 4389 1521 4451 expresse
1541 4375 1742 4452 derogamus3
1765 4377 1889 4438 ceteris·

1142 4482 1201 4544 quc
1224 4463 1387 4528 centrariis
1409 4465 1668 4544 quibuscumque.

1182 4561 1295 4622 Datum
1316 4559 1442 4633 Rornae,
1465 4558 1543 4638 apud
1560 4559 1592 4622 S.
1610 4561 1736 4622 Petrum
1758 4561 1815 4623 sub
1836 4579 1889 4622 an-

1142 4654 1218 4716 nulo
1236 4651 1407 4726 Piscatoris,
1424 4652 1473 4714 die
1489 4667 1542 4712 xx.
1560 4652 1677 4714 decem.
1697 4671 1885 4731 llbcclllllv.,

1141 4747 1337 4827 pontificatus
1359 4745 1458 4806 nostri
1479 4761 1561 4807 anne
1584 4763 1605 4806 1.

1481 5219 1544 5282 vll.

1140 5410 1309 5481 Eatevtdit,
1334 5412 1432 5473 iente
1455 5411 1593 5480 vicedunt,
1611 5410 1652 5472 ed
1668 5426 1772 5471 elataee·
1793 5412 1883 5473 Ordi-

1178 5505 1469 5568 abscedendum
1501 5505 1547 5566 lV.
1572 5513 1603 5566 et
1632 5505 1728 5568 cloec.
1759 5505 1822 5576 lv,
1846 5521 1885 5566 rac

1178 5599 1341 5676 repeteres
1369 5600 1410 5661 ed
1443 5600 1621 5679 diqeitetes
1652 5601 1883 5664 ecclesiastices

1175 5691 1327 5764 prremeti,
1340 5708 1446 5753 cecum
1463 5701 1558 5754 caetra
1571 5690 1717 5754 coercebie
1730 5691 1812 5756 bene
1828 5695 1882 5757 ed-

1177 5790 1321 5860 sportam
1342 5787 1485 5849 ottdceot
1506 5788 1561 5865 (l).

841 5915 867 5922 —
875 5915 957 5924 —u
965 5918 1127 5927 ——..-—-⁴-
1148 5923 1326 5930 .—..-—--.---.

373 5983 402 6038 tl)
418 5985 455 6028 Ex
469 5987 572 6040 Regest.
588 5985 615 6030 in
631 5988 705 6032 arch.
722 5991 794 6032 Brev.

437 6104 489 6150 lur.
506 6106 576 6152 Perat.
592 6105 622 6154 de
639 6108 711 6169 Prep.
727 6108 789 6157 Fide
804 6111 885 6158 Partis
901 6113 920 6161 l.
936 6114 988 6160 vol.
1005 6115 1034 6160 ll.

1963 1858 2105 1906 Clausulae.

1936 3083 2125 3130 contrariorum

1913 3133 2053 3191 derogatio.
