4878 6982
348 585 402 642 sn.
417 589 447 644 c.
468 585 537 644 1708
587 581 646 652 250

565 722 625 784 mis
645 720 757 784 mundi
770 717 908 800 partibus
922 719 958 784 ad
973 717 1055 782 idem
1076 715 1243 794 collegium
1258 729 1312 776 seu

565 814 770 878 seminarium
791 815 981 888 accedentes,
1008 811 1145 890 caelique
1166 808 1312 888 qualitate

565 923 599 969 ac
619 907 701 968 vitae
722 906 815 968 etiam
837 905 957 968 ratione
980 906 1104 966 interae
1119 903 1253 964 maxime
1268 900 1310 960 di-

565 1015 679 1074 versos
702 1015 741 1060 ex
761 999 880 1061 assidua
901 997 934 1059 iu
955 997 1067 1060 studiis
1092 1013 1125 1058 ac
1145 995 1203 1074 piis
1224 1009 1313 1056 exer-

564 1091 644 1153 citiis
675 1092 892 1170 occupatione,
920 1091 1033 1169 quibus
1064 1103 1174 1150 eorum
1201 1093 1310 1148 natura

564 1190 682 1245 assueta
704 1199 768 1245 nou
791 1191 872 1259 erat,
895 1183 1032 1260 graviter
1053 1180 1146 1256 affici,
1168 1188 1215 1254 et,
1238 1195 1310 1258 pau·

564 1275 651 1338 latim
679 1277 791 1340 exinde
817 1282 1045 1338 contractarum
1076 1271 1310 1350 aegritudinum

564 1523 760 1582 quomodolibet
773 1519 997 1575 concernentibus,
1008 1517 1035 1564 in
1045 1519 1114 1564 dicta
1123 1527 1228 1564 canrera
1238 1516 1310 1562 iutra

564 1593 666 1636 certum
677 1589 742 1634 inibi
754 1589 944 1646 praescriptum
954 1590 1058 1642 tempus
1068 1583 1274 1642 praesentandis,
1283 1585 1309 1627 et

564 1655 748 1712 registrandis,
769 1655 808 1700 ita
830 1657 859 1700 ut
880 1653 1031 1711 praesentes
1049 1652 1076 1697 in
1091 1663 1122 1698 ea
1136 1648 1309 1708 praesentari,

564 1724 591 1766 et
605 1721 746 1778 registrari
760 1721 834 1766 nullo
856 1729 973 1778 unquam
992 1719 1108 1775 ternpore
1123 1717 1163 1762 vel
1178 1715 1255 1761 modo
1268 1725 1311 1758 ne·

564 1799 635 1833 cesse
657 1788 700 1842 eit,
714 1799 745 1833 ao
759 1787 832 1834 Beati
846 1787 884 1832 Pii
906 1785 1004 1840 Quinti,
1025 1785 1090 1830 sixti
1112 1783 1210 1838 Quinti,
1224 1785 1251 1840 et
1266 1784 1310 1826 Ur·-

565 1854 626 1900 banl
640 1854 738 1909 Octavi,
752 1865 852 1900 necnon
873 1852 1013 1898 clementis
1027 1849 1133 1904 Decimi,
1147 1853 1173 1895 et
1187 1857 1310 1906 quorum·

564 1931 676 1978 curvique
697 1920 810 1966 aliorum
834 1922 1013 1964 Rornanorum
1036 1917 1206 1972 Pontificum,
1228 1915 1308 1960 etiam

565 1987 794 2044 praedecessorum
816 1987 976 2038 nostrorum,
991 1995 1070 2040 super
1086 1983 1217 2030 solutione
1231 1991 1310 2027 anna·

565 2055 663 2106 tarum,
673 2056 699 2097 et
713 2051 942 2108 quindenniorum,
952 2050 1146 2106 quomodolibet
1157 2049 1243 2102 editis,
1253 2059 1309 2094 nec·

564 2129 616 2163 non
630 2117 691 2164 aliis
705 2117 913 2174 quibuscumque
927 2115 1078 2174 apostolicis
1097 2115 1177 2160 etiam
1194 2116 1220 2159 in
1235 2126 1309 2170 gene·

564 2185 666 2230 ralibus
680 2183 801 2228 conciliis
816 2183 903 2238 editis,
913 2185 939 2226 et
951 2181 1058 2226 edendis
1067 2181 1308 2234 constitutionibus,

564 2253 590 2294 et
605 2249 824 2304 ordinationibus,
845 2249 960 2306 dictique
982 2247 1144 2301 monasterii,
1160 2249 1185 2291 et
1204 2246 1309 2290 Ordinis

563 2313 699 2373 praedicti,
713 2315 794 2361 etiam
809 2315 959 2361 iuramento
973 2317 1021 2359 etc.
1037 2313 1176 2368 roboratis,
1192 2312 1309 2368 statutis,

564 2381 710 2438 privilegiis
731 2392 842 2439 quoquo,
863 2380 983 2436 indultis,
1005 2381 1031 2424 et
1053 2379 1140 2424 literis
1158 2378 1309 2434 apostolicis

564 2447 725 2493 monasterio
734 2447 876 2504 praedicte,
886 2447 1012 2503 illiusque
1022 2445 1120 2500 abbati,
1129 2447 1154 2490 et
1165 2444 1308 2500 monachis,

564 2525 610 2558 seu
624 2513 755 2559 canomms
765 2513 941 2570 regularibus,
953 2513 1089 2569 eidemque
1099 2511 1309 2567 congregationi,

563 2590 594 2625 ac
607 2579 764 2637 primodicto
778 2579 897 2636 collegio,
912 2589 959 2624 seu
974 2577 1108 2636 praedicto
1119 2577 1270 2632 serniuario,
1281 2577 1310 2621 il·

563 2645 668 2702 liusque
689 2645 878 2703 superioribus,
892 2647 918 2689 et
940 2645 1067 2701 personia,
1082 2646 1108 2689 et
1122 2644 1183 2690 aliis
1205 2644 1310 2701 quibus-

563 2723 675 2769 cumque
689 2712 717 2756 in
731 2722 835 2768 genere,
850 2711 891 2755 vel
905 2711 932 2755 in
947 2711 1040 2767 specle,
1062 2713 1109 2755 aut
1129 2710 1196 2755 elide
1211 2711 1238 2754 iu
1252 2721 1309 2754 con-

564 2779 687 2832 trarium,
709 2779 758 2823 sub
779 2777 987 2835 quibuscumque
1009 2777 1153 2829 tenoribus,
1168 2777 1194 2820 et
1208 2774 1309 2830 formis,

564 2844 758 2900 quomodolibet
772 2855 819 2900 per
832 2853 1010 2902 quoscumque
1026 2845 1157 2888 Romanos
1173 2842 1309 2886 Pontifices

563 2911 776 2967 praedecessores
797 2912 910 2964 nostros,
925 2913 951 2954 et
965 2909 1047 2954 etiam
1069 2919 1125 2956 nos.
1140 2908 1220 2953 etiam
1236 2909 1309 2952 motu

564 2975 670 3034 proprio
683 2978 731 3021 etc.
747 2976 884 3030 concessis,
898 2975 1050 3032 approbatis
1064 2977 1090 3020 et
1106 2974 1245 3028 innovatis,
1255 2974 1310 3030 qui·

564 3041 613 3088 bus
627 3043 749 3088 omnibus
769 3045 828 3096 etc,
849 3041 955 3087 etiamsi
969 3041 1001 3086 de
1016 3041 1070 3086 illis
1091 3045 1150 3095 etc,
1167 3051 1259 3085 eorum
1275 3043 1310 3085 te-

563 3119 641 3155 nores
655 3111 712 3164 etc,
727 3109 782 3154 illis
796 3107 863 3154 alias
878 3110 926 3152 etc.
942 3107 1131 3164 permansuris,
1141 3107 1174 3152 ad
1185 3107 1310 3162 praemis·

563 3185 653 3220 sorum
676 3175 869 3220 validissimum
890 3173 1020 3230 effectum,
1042 3172 1264 3227 motufsolentia,
1283 3176 1309 3218 et

564 3241 702 3298 potestatis
712 3241 876 3298 plenitudine
886 3241 993 3298 paribus
1004 3239 1161 3297 specialiter,
1172 3245 1198 3284 et
1208 3249 1309 3296 expres-

564 3319 600 3363 se,
614 3307 663 3353 hac
677 3307 734 3353 vice,
745 3307 883 3352 dumtaxat
897 3307 1063 3362 derogamus,
1075 3306 1238 3362 caeterisque
1252 3317 1309 3350 cou-

564 3373 656 3420 trariis
670 3373 886 3431 quibuscumque,
900 3383 959 3418 cum
977 3373 1104 3418 clausulis
1118 3372 1280 3429 opportunis.

670 3465 729 3513 ciat
743 3467 817 3512 motu
831 3465 937 3523 proprio
951 3469 968 3510 1.
985 3467 1010 3510 ll.

604 3573 637 3618 ct
651 3583 711 3618 cum
733 3570 899 3618 absolutione
912 3583 928 3618 a
942 3573 1060 3618 censuris
1074 3573 1108 3618 ad
1124 3573 1244 3618 effectum
1260 3578 1307 3620 etc.

564 3639 596 3683 at
611 3639 679 3696 quod
694 3637 778 3684 dictae
793 3639 1016 3695 congregationis,
1035 3651 1081 3684 seu
1095 3639 1246 3696 primodicti
1260 3641 1310 3686 col-

563 3703 635 3761 legii,
650 3704 692 3750 vel
706 3704 843 3750 seminarii
865 3705 1018 3751 huiusmodi
1038 3705 1107 3750 aliae
1121 3706 1309 3762 concessiones,

563 3770 760 3827 applicationes,
775 3773 801 3815 et
816 3771 927 3826 gratiae,
937 3772 970 3824 ei,
980 3771 1104 3828 illiusque
1115 3773 1239 3828 alumnis,
1249 3785 1310 3830 quo·

563 3836 706 3881 modolibet
719 3847 864 3891 concessae,
879 3848 909 3882 ac
923 3837 1094 3894 primodictae
1113 3839 1252 3884 schedulae
1267 3852 1310 3885 no-

563 3902 614 3946 stri
629 3904 716 3948 motus
731 3903 831 3960 proprii
846 3905 950 3949 tenores
968 3905 1049 3950 etiam
1065 3905 1188 3960 veriores,
1203 3917 1233 3951 ac
1247 3907 1309 3952 data

563 3967 712 4014 habeantur
732 3980 780 4025 pro
800 3969 939 4025 expressis,
955 3981 1000 4016 seu
1016 3971 1309 4028 intoto,velinpa1·te

563 4035 675 4092 exprimi
690 4035 791 4092 possint
806 4035 833 4080 iu
843 4035 939 4090 literis,
949 4037 976 4081 el
986 4037 1017 4082 de
1026 4038 1160 4094 perpetuis
1170 4039 1309 4094 exemptio

563 4111 603 4156 ne,
618 4101 792 4156 absolutione,
807 4103 834 4146 et
848 4102 1005 4147 liberatione
1026 4103 1143 4149 eiusdem
1166 4105 1265 4160 vineae,
1279 4116 1310 4150 ac

562 4168 642 4213 etiam
658 4169 806 4222 praedictae
821 4169 1036 4224 congregationis
1051 4179 1067 4214 a
1081 4171 1196 4225 canonis,
1210 4183 1256 4214 seu
1271 4181 1311 4215 re·

563 4233 709 4290 sponsionis
724 4233 875 4280 huiusmodi
890 4235 1029 4288 solutione,
1039 4235 1164 4292 illiusque
1176 4247 1206 4280 ac
1215 4236 1309 4281 directi

563 4299 673 4346 dominii
689 4311 768 4358 super
788 4301 879 4346 eadem
901 4301 986 4354 vinea,
1001 4301 1175 4358 separatione,
1191 4313 1310 4358 segrega·

563 4367 642 4422 tione,
657 4379 687 4412 ao
707 4366 940 4413 dismembratioue
955 4377 971 4412 a
985 4367 1118 4424 praedicto
1140 4367 1309 4424 monasterio,

563 4433 635 4478 etin
654 4433 772 4478 eamdem
792 4433 1026 4490 congregationem
1047 4433 1233 4488 translatione,
1254 4445 1310 4478 neo-

563 4507 615 4544 ιιοιι
629 4499 710 4544 etiam
724 4499 798 4544 illius
809 4499 964 4554 cassatione,
974 4499 1147 4556 revocatione,
1157 4499 1309 4558 abolitione,

563 4563 703 4616 ablatione,
717 4565 877 4621 irritatione,
891 4565 1052 4623 viribusque,
1063 4569 1088 4612 et
1099 4567 1192 4613 dilectu
1204 4577 1310 4612 cracua-

564 4631 643 4684 tione,
658 4629 827 4686 eiusdemque
840 4631 932 4677 vineae
942 4643 1008 4678 nova
1019 4633 1193 4688 concessione,
1204 4633 1309 4689 unione,

562 4697 715 4751 annexione,
730 4699 756 4741 et
771 4697 980 4754 incorporatione
994 4709 1054 4744 cum
1069 4699 1144 4744 bonis
1158 4700 1307 4756 praedictae

563 4763 787 4820 congregationis,
803 4775 863 4808 cum
878 4764 1102 4820 derogationibus,
1116 4765 1229 4821 decret0,
1239 4766 1310 4811 aliis·

562 4841 613 4886 que
628 4829 788 4886 praemissis,
799 4831 829 4875 nt
844 4840 924 4886 supra
939 4830 965 4874 in
980 4831 1066 4876 literis
1081 4832 1211 4877 latissime
1224 4835 1310 4877 exten·

562 4895 662 4949 dendis,
672 4898 698 4940 et
712 4896 780 4952 quod
794 4896 1000 4953 praemissorum
1013 4899 1140 4952 omnium,
1155 4901 1180 4944 et
1195 4899 1310 4954 singulo-

563 4971 632 5016 rurn,
642 4963 723 5007 etiam
734 4961 1129 5020 denominationes,qualitates,
1140 4965 1309 5021 nuncupatio-

563 5039 618 5082 nes,
633 5028 797 5084 situationes,
817 5029 985 5086 aliorumque
1000 5031 1208 5076 necessariorum
1225 5031 1309 5076 maior

562 5095 589 5138 et
604 5093 691 5139 verior
705 5095 865 5152 specificatio
879 5098 905 5140 et
920 5097 1053 5153 expressio
1068 5097 1126 5142 lieri
1141 5097 1224 5153 possit
1238 5097 1265 5142 in
1280 5097 1309 5142 li-

564 5159 628 5206 teris
644 5160 768 5206 informa
789 5161 907 5218 gratiosa
922 5164 947 5206 et
962 5174 1021 5207 cum
1039 5163 1167 5218 clausula,
1182 5166 1309 5220 perpetuo

563 5229 589 5270 et
602 5227 636 5272 ad
650 5229 803 5284 perpetuam
818 5227 857 5272 rei
871 5229 1035 5284 memoriam,
1050 5231 1076 5275 et
1091 5229 1171 5274 etiarn
1183 5242 1229 5286 per
1238 5231 1308 5276 viam

556 5291 594 5336 de
608 5293 691 5348 curia,
706 5295 735 5337 ut
751 5297 851 5349 vocant,
866 5305 912 5340 seu
927 5305 973 5351 per
982 5296 1051 5340 viam
1063 5299 1200 5352 secretam,
1210 5297 1308 5353 absque

562 5357 616 5403 alio
630 5359 714 5415 signo,
730 5359 770 5404 rel
790 5361 967 5417 contrasigno,
982 5362 1004 5406 el
1020 5362 1153 5408 videbitur
1174 5363 1309 5420 expedien-

562 5423 612 5479 dis,
633 5437 680 5470 seu
701 5425 724 5470 si
745 5427 826 5471 etiam
848 5427 988 5482 videbitur,
1009 5428 1140 5484 volumus,
1162 5430 1230 5486 quod
1252 5431 1308 5475 sola

563 5491 709 5548 praesentis
724 5493 809 5538 nostri
823 5495 911 5538 motus
926 5494 1026 5551 proprii
1040 5495 1178 5552 signatura
1188 5496 1308 5553 sufficiat,

563 5560 590 5602 et
604 5557 700 5614 ubique
715 5559 792 5603 lldern
814 5559 893 5604 saciat
907 5559 933 5604 in
957 5559 1061 5616 iudicio,
1077 5563 1103 5606 et
1117 5564 1201 5616 extra,
1216 5563 1309 5618 regula

563 5635 727 5681 quacumque
737 5625 871 5671 contraria
881 5638 932 5672 uon
942 5628 1070 5673 obstante.
1082 5628 1208 5673 Volumus
1219 5629 1307 5684 etiarn,

563 5691 632 5747 quod
646 5693 784 5747 praetextu
799 5693 890 5738 totalis
905 5694 1106 5750 segregationis,
1126 5694 1308 5752 separationis,

563 5759 590 5802 et
604 5757 846 5808 dismembrationis
867 5761 953 5806 dictae
974 5762 1094 5808 vineaea
1110 5761 1243 5818 praedicto
1258 5772 1309 5806 mo-

563 5824 688 5878 nasterio,
703 5825 778 5870 cuius
801 5827 902 5873 fructus
917 5828 944 5874 in
959 5827 1035 5874 libris
1053 5840 1173 5875 careret-ae
1187 5829 1310 5886 apostoli-

563 5901 609 5935 cae
622 5891 655 5936 ad
670 5891 781 5939 florenos
796 5895 942 5942 tercentum
958 5895 1069 5953 triginta
1084 5907 1197 5942 sexeum
1208 5896 1309 5941 duobus

564 5957 652 6018 tertiis
665 5957 778 6006 alterius
793 5959 885 6008 floreui
906 5962 1003 6008 similis
1025 5963 1109 6010 taxati
1129 5962 1309 6024 reperiuntur,

1089 595 1155 647 tua.
1178 593 1270 644 noar.
1293 589 1334 642 oa
1355 593 1384 641 r.
1407 589 1436 642 r.
1462 591 1543 642 raas
1564 587 1586 640 l.
2143 571 2334 633 An.c.1toe

1366 712 1466 787 causi,
1489 719 1543 774 aut
1562 717 1760 790 praemature
1780 708 2005 786 decedere,aut
2026 710 2112 776 inha-

1366 805 1442 867 biles
1463 806 1498 866 ad
1521 805 1639 867 labores
1654 805 1687 866 in
1701 805 1900 868 missionibus
1914 805 2113 868 sustinendos

1366 899 1514 972 evadere;
1537 899 1617 976 quod
1641 913 1704 960 non
1726 897 1834 960 accidit
1848 897 2023 960 Germanici
2038 913 2114 976 pon-

1366 990 1452 1052 ticoli
1473 996 1711 1068 ceterorumque
1735 990 1887 1052 similium
1908 990 2113 1068 collegiorum

1366 1099 1382 1142 a
1403 1083 1502 1145 clarae
1523 1083 1693 1144 memoriae
1713 1083 1862 1159 Gregorio
1880 1083 1959 1146 lllll.
1984 1083 2114 1161 aliisque

1365 1174 1478 1237 uostris
1500 1175 1782 1252 praedecessoribus
1796 1175 1944 1237 Romanis
1959 1175 2114 1237 Pontifici-

1365 1269 1422 1331 bus
1443 1274 1620 1332 erectorum
1635 1267 1781 1345 alumnis,
1795 1284 1930 1347 quorum
1951 1267 2112 1344 levamini,

1365 1514 1490 1570 illiusque
1511 1523 1592 1558 novae
1614 1512 1728 1568 unionis,
1746 1512 1910 1568 annexionis,
1924 1517 1951 1560 et
1966 1513 2113 1572 incorpora·

1365 1579 1444 1624 tionis
1459 1589 1519 1625 cum
1534 1579 1608 1624 bonis
1627 1579 1776 1636 praedictae
1798 1580 2014 1636 congregationis
2039 1581 2114 1626 nulla

1364 1647 1483 1691 reductio
1497 1649 1574 1691 taxae
1589 1657 1635 1703 per
1648 1646 1756 1690 abbates
1772 1658 1817 1692 seu
1834 1651 1974 1702 perpetuos
1985 1657 2114 1692 commen-

1364 1712 1481 1758 datarios
1496 1713 1613 1758 eiusdem
1637 1713 1792 1758 monasterii
1807 1723 1855 1769 pro
1869 1715 1988 1770 tempore
2003 1713 2115 1759 existen-

1364 1782 1404 1824 tes
1425 1779 1562 1836 praetendi
1583 1781 1674 1837 queat,
1695 1791 1726 1824 ex
1747 1791 1778 1824 eo
1799 1780 1867 1835 quod
1889 1781 1990 1825 residui
2011 1779 2114 1826 rrrrctus

1364 1845 1503 1902 ipsiusmet
1527 1846 1681 1892 monasterii
1696 1845 1729 1890 ad
1744 1845 1944 1890 substruendam
1960 1845 2034 1891 illius
2047 1846 2115 1892 anti·

1363 1923 1442 1968 quam
1458 1914 1546 1958 taxenr
1561 1913 1627 1957 satis
1642 1923 1772 1969 superque
1795 1911 1937 1968 sufficiunt,
1952 1915 2031 1970 prout
2045 1923 2114 1958 aoce-
2171 1915 2349 1974 Trunsnmptis

1363 1978 1458 2034 pimus,
1479 1979 1598 2035 quodque
1620 1977 1799 2035 praesentium
1822 1979 2010 2035 transumptis,
2031 1979 2112 2024 etiam
2133 1969 2221 2034 ecdem
2231 1967 2349 2026 ΜΜά·

1364 2044 1508 2101 impressis,
1524 2047 1550 2089 et
1566 2055 1645 2090 manu
1660 2045 1767 2100 datarii,
1778 2057 1825 2090 seu
1835 2045 1982 2102 prodntarii
1993 2057 2040 2102 pro
2050 2050 2115 2091 tem·
2134 2023 2248 2122 weng}
2256 2025 2309 2124 {fta
2318 2031 2350 2067 ⁰⁶

1363 2121 1425 2167 pore
1440 2111 1578 2156 existentis
1593 2109 1757 2168 subscriptis,
1773 2112 1862 2158 eadem
1878 2122 1987 2168 prorsus
1998 2111 2061 2158 tides
2071 2115 2115 2160 ad·
2131 2087 2207 2136 prm
2250 2089 2260 2122 ⁸
2311 2111 2316 2120 '

1363 2177 1488 2221 hibeatur
1503 2177 1530 2222 in
1552 2177 1657 2231 iudicio,
1678 2179 1704 2222 et
1725 2180 1800 2223 extra
1821 2177 1901 2232 illud,
1925 2190 1992 2235 quae
2014 2179 2113 2226 eisdem

1363 2243 1545 2296 praesentibus
1567 2243 1748 2298 adhiberetur,
1763 2243 1787 2288 si
1806 2247 1893 2290 essent
1916 2245 2056 2302 exhibitae,
2072 2249 2114 2293 vel

1363 2309 1490 2352 ostensae.

1470 2402 1528 2448 siat
1543 2405 1560 2447 1.
1577 2405 1603 2448 F.

1403 2510 1496 2554 Datum
1512 2512 1610 2555 Romae
1628 2511 1697 2568 apud
1712 2514 1735 2555 s.
1751 2511 1862 2558 Mariam
1887 2513 2012 2560 Maiorem
2028 2514 2113 2572 pridie
2174 2511 2239 2574 Deip
2261 2513 2349 2557 motas

1363 2573 1421 2619 idus
1436 2576 1592 2632 septembris
1607 2587 1676 2621 anno
1691 2587 1765 2622 nouo.
2131 2574 2241 2624 ΜΡΝ·

1469 2673 1542 2716 ,l'thtl
1556 2675 1620 2724 grata
1634 2675 1736 2722 sactum
1748 2675 1890 2726 principis.

1403 2781 1490 2835 Nuper
1512 2779 1642 2824 sanctitas
1664 2780 1756 2824 vestra
1770 2779 1803 2823 ad
1818 2780 2007 2827 consulendum
2031 2782 2113 2828 bonae
2172 2785 2348 2832 summarium

1363 2844 1509 2889 valetudini
1523 2845 1693 2890 alumnorum
1703 2845 1808 2901 collegii
1818 2846 1849 2889 de
1860 2848 2030 2904 Propaganda
2041 2845 2113 2904 side,
2133 2837 2196 2900 11ῑέ11
2201 2842 2283 2886 11101143
2288 2851 2349 2898 ΡΜ·

1366 2913 1439 2955 nrotu
1455 2911 1561 2968 proprio
1576 2911 1720 2968 acceptavit
1734 2911 1915 2958 dimissionem
1930 2914 2067 2960 cuiusdam
2078 2915 2114 2960 vi·
2132 2902 2193 2951 ΡΜ·

1364 2987 1435 3030 neae,
1447 2977 1479 3021 ad
1490 2978 1680 3022 monasterium
1692 2977 1781 3022 Sancti
1795 2979 1931 3024 Laurentii
1942 2982 2113 3036 spectantem,

1362 3043 1396 3087 ab
1414 3043 1625 3088 eminentissimo
1646 3043 1794 3088 Ottirobono
1816 3045 1934 3090 eiusdem
1957 3048 2114 3092 monasterii

1362 3109 1465 3163 abbate,
1480 3110 1529 3154 sub
1543 3121 1640 3154 canone
1656 3121 1702 3166 per
1717 3110 1889 3156 sanctitatem
1905 3113 2026 3157 Vestram
2041 3124 2115 3169 prae·

1364 3175 1486 3231 liniendo,
1508 3178 1631 3220 oretenus
1653 3176 1757 3231 factam,
1779 3177 1941 3233 eandemque
1963 3177 2066 3224 vineam
2087 3179 2114 3223 in

1363 3244 1519 3299 perpetuum
1533 3242 1660 3287 concessit
1680 3241 1882 3299 congregationi
1896 3243 1928 3288 de
1943 3245 2114 3301 Propaganda

1363 3308 1434 3362 Fide,
1449 3309 1497 3353 sub
1511 3308 1586 3354 cuius
1601 3309 1745 3354 directione
1760 3311 1786 3353 et
1798 3309 1960 3366 protectione
1976 3312 2049 3356 extat
2064 3311 2115 3357 dic-

1364 3376 1420 3418 tum
1435 3375 1586 3430 collegium,
1601 3375 1650 3420 sub
1671 3375 1850 3420 reservatione
1872 3378 1961 3421 tamen
1982 3377 2043 3422 novi
2057 3389 2115 3422 con-

1364 3452 1456 3486 sensus
1477 3441 1540 3486 dicti
1563 3441 1718 3496 cardinalis,
1740 3444 1766 3486 et
1787 3441 1906 3486 iniuncto
1927 3453 2006 3488 onere
2028 3443 2114 3488 eidem

1364 3508 1566 3564 congregationi
1580 3507 1720 3553 solutionis
1735 3507 1842 3554 canonis
1857 3510 1993 3554 scutorum
2007 3511 2114 3554 centum

1363 3575 1450 3620 favore
1471 3575 1574 3619 abbatis
1596 3585 1643 3631 pro
1666 3576 1783 3630 tempore
1798 3573 1866 3638 dicti·
1884 3574 2047 3627 monasterii,
2063 3575 2115 3618 exi-

1364 3642 1457 3687 mendo
1472 3641 1580 3698 insuper
1595 3641 1698 3686 ratione
1714 3639 1866 3686 huiusmodi
1880 3639 2055 3686 concessionis
2065 3641 2115 3686 fac-

1363 3709 1414 3762 tae,
1429 3717 1554 3752 excausa
1575 3706 1772 3764 propagationis
1792 3709 1903 3752 Sanctae
1919 3706 2000 3761 Fidei,
2016 3706 2113 3751 dictam

1363 3773 1597 3830 congregationem
1612 3773 1645 3818 ab
1660 3784 1739 3818 onere
1754 3773 1894 3818 solutionis
1905 3771 2042 3817 laudemii
2053 3783 2115 3829 quo·

1363 3851 1474 3897 cumque
1496 3839 1601 3884 nomine
1623 3839 1784 3894 nuncupati,
1807 3842 1833 3884 et
1855 3838 1936 3884 etiam
1958 3837 2114 3894 quindennii

1363 3906 1559 3964 quomodolibet
1582 3905 1676 3960 debiti,
1701 3907 1782 3950 etiam
1804 3903 1978 3950 courcellariae
2000 3903 2115 3950 officiali-

1363 3973 1420 4027 bus,
1433 3975 1458 4018 et
1473 3973 1526 4019 alia
1537 3974 1571 4018 ad
1581 3973 1699 4018 eiusdem
1710 3970 1926 4027 congregationis
1937 3970 2053 4016 savorem
2064 3969 2114 4014 dis·

1363 4041 1465 4096 posuit:
1487 4040 1582 4096 quibus
1603 4039 1726 4084 omnibus
1747 4037 1833 4082 dictus
1852 4037 2000 4082 cardinalis
2016 4047 2113 4082 novum

1363 4105 1498 4162 praestitit
1519 4115 1686 4158 consensum,
1708 4105 1812 4149 servato
1830 4103 1894 4148 dicti
1910 4104 1997 4148 motus
2013 4103 2115 4160 proprii

1364 4171 1496 4224 themate;
1512 4183 1581 4216 nunc
1596 4181 1657 4216 vero
1672 4181 1719 4227 pro
1734 4169 1830 4214 maiori
1840 4169 1923 4213 divini
1934 4169 2022 4214 cultus
2033 4169 2114 4214 incre-

1364 4241 1461 4290 menta,
1476 4237 1502 4281 in
1517 4236 1587 4281 dicto
1602 4235 1721 4292 collegio,
1733 4247 1764 4280 ac
1778 4235 1858 4280 etiam
1870 4245 1917 4291 pro
1928 4235 2018 4292 aliquo
2028 4233 2114 4279 dictae

1364 4303 1582 4360 congregationis
1597 4305 1636 4348 tot
1651 4302 1775 4348 oneribus
1791 4301 1947 4346 missionum
1958 4309 2114 4356 praegrava-

1363 4376 1406 4415 tae
1421 4368 1609 4422 sublevamine,
1624 4368 1807 4413 accedentibus
1822 4366 1904 4411 etiam
1919 4365 2040 4424 precibus
2055 4369 2114 4412 car-

1362 4437 1492 4482 dinalium
1509 4434 1726 4492 congregationis
1741 4432 1901 4488 huiusmodi,
1917 4433 1960 4478 cui
1970 4433 2040 4478 idem
2050 4433 2113 4476 emi-

1364 4502 1536 4548 nentissimus
1551 4501 1722 4555 otthobonus,
1735 4500 1841 4556 praevia
1851 4509 1899 4546 sua
1910 4499 2022 4556 epistola
2033 4509 2114 4544 scere

1363 4569 1433 4614 tario
1453 4569 1562 4622 directa,
1584 4567 1682 4612 obtulit
1703 4577 1859 4612 consensum
1881 4577 1928 4622 pro
1944 4565 2113 4621 infrascripta

1363 4635 1524 4686 cassatione:
1547 4635 1637 4680 eadem
1660 4633 1791 4678 Sanctitas
1813 4635 1915 4686 Vestra,
1936 4632 1969 4676 ad
1983 4629 2113 4676 validissi-

1364 4711 1437 4746 mum
1452 4701 1573 4746 ellectum
1589 4699 1736 4756 praesentis
1750 4699 1862 4754 gratiae,
1873 4700 1947 4742 motu
1963 4695 2045 4742 sinrili
2055 4707 2114 4740 con·

1363 4779 1469 4812 sensum
1492 4767 1529 4811 sic
1550 4767 1708 4824 praestitum
1730 4775 1776 4822 per
1797 4763 1953 4821 epistolam,
1978 4763 2113 4817 admittit,

1363 4845 1453 4880 omnes
1469 4833 1591 4886 deiectus,
1607 4832 1689 4888 siqui
1705 4831 1731 4876 in
1747 4831 1794 4876 illo
1809 4829 2009 4884 intervenerint,
2020 4841 2114 4874 sanan·

1363 4899 1404 4952 do,
1418 4911 1477 4944 cum
1494 4901 1642 4955 opportuna
1656 4899 1828 4953 derogatione
1844 4898 1999 4954 regularum
2015 4897 2113 4942 cancel-

1363 4965 1459 5020 lariae,
1483 4965 1650 5021 aliorumque
1671 4964 1882 5017 contrariorum:
1907 4975 1937 5009 ac
1958 4964 2056 5009 dictam
2078 4964 2113 5008 ri·

1363 5043 1448 5086 iream,
1464 5043 1562 5076 necnon
1585 5031 1737 5076 huiusmodi
1758 5031 1993 5087 congregationem
2008 5042 2024 5076 a
2038 5041 2113 5076 cano

1363 5099 1404 5144 nis
1419 5097 1546 5155 praedicti
1561 5097 1691 5142 solutione
1707 5097 1733 5141 in
1747 5099 1904 5153 perpetuum
1920 5096 2024 5150 liberat,
2035 5097 2112 5141 illum

1363 5175 1422 5210 cum
1446 5164 1562 5209 dominio
1585 5163 1684 5208 directo
1708 5174 1786 5219 super
1809 5163 1900 5208 eadem
1925 5163 2000 5208 v'lnea
2022 5174 2038 5208 a
2062 5175 2114 5208 mo·

1364 5231 1480 5276 rrasterio
1500 5229 1652 5284 abdicando,
1674 5227 1825 5286 dictumque
1842 5228 1989 5274 domimum
2005 5229 2114 5275 transse-

1363 5298 1444 5342 rerrdo
1459 5297 1485 5341 in
1501 5296 1735 5352 congregationem
1756 5296 1927 5352 praedictam,
1941 5295 1973 5340 ad
1989 5295 2064 5340 cuius
2080 5295 2114 5340 sa·

1363 5375 1452 5409 vorem
1467 5365 1515 5408 hoe
1529 5373 1588 5408 curn
1604 5363 1664 5408 utili
1678 5361 1794 5407 dominio
1808 5361 2001 5408 consolidatum
2017 5362 2076 5416 erit,
2087 5364 2112 5406 et

1362 5433 1492 5488 quatenus
1513 5441 1578 5486 otrus
1600 5429 1643 5482 sit,
1664 5439 1799 5484 canonem,
1814 5431 1840 5474 et
1861 5429 1915 5474 alia
1937 5429 1998 5474 iura
2020 5429 2046 5474 in
2063 5429 2113 5486 pri-

1364 5507 1455 5542 maeva
1468 5495 1634 5541 concessione
1655 5495 1816 5540 monasterio
1837 5498 1980 5550 reservata,
1998 5498 2111 5552 revocat,

1362 5565 1457 5618 cassat,
1474 5565 1500 5608 et
1514 5563 1645 5617 annullat,
1664 5561 1813 5618 dictamque
1832 5562 1935 5608 vineam
1951 5563 2035 5608 eidem
2051 5565 2112 5608 cou-

1363 5629 1513 5686 gregatioui
1528 5629 1558 5674 de
1575 5641 1648 5683 novo,
1662 5629 1761 5685 absque
1771 5629 1827 5674 ullo
1836 5639 1945 5684 prorsus
1956 5641 2043 5684 onere,
2054 5641 2112 5674 cou-

1363 5697 1440 5751 cedit,
1456 5695 1530 5740 illam
1545 5697 1665 5750 respectu
1681 5695 1761 5739 huius
1776 5706 1857 5740 novae
1871 5695 2046 5742 concessionis
2062 5696 2113 5740 cxi·

1364 5761 1457 5807 ruendo
1471 5773 1487 5807 a
1501 5761 1662 5817 quindenuio
1676 5761 1783 5806 aliunde
1798 5761 1886 5806 debito
1900 5761 2011 5818 collegio
2026 5762 2112 5806 cardi·

1364 5829 1474 5884 nalium,
1489 5837 1609 5873 camerae
1623 5829 1650 5872 et
1664 5827 1846 5882 cancellariae,
1861 5838 1921 5872 cum
1936 5827 2112 5884 derogationi-

1364 5896 1412 5942 bus
1426 5895 1607 5952 amplissimis,
1622 5897 1649 5940 et
1663 5894 1724 5942 aliis
1738 5894 1834 5951 gratiis
1846 5893 1929 5941 latius
1940 5894 1969 5941 in
1979 5894 2028 5940 hoc
2038 5897 2112 5940 motu

1363 5961 1470 6022 proprio
1484 5961 1622 6018 contentis,
1637 5963 1663 6008 et
1678 5961 1735 6008 sine
1756 5959 1917 6020 praeiudicio
1938 5960 2040 6022 primae
2054 5971 2112 6012 con·
