4836 6998
307 538 360 590 an.
376 542 405 591 o.
428 489 494 592 urar
545 540 604 606 352

695 727 948 798 tuuocfiuilus
965 729 1024 798 ΡΡ.
1041 729 1109 798 lllll.

667 867 1131 940 mmmmmmm

296 1063 509 1166 seffiisssacffii'sssssj
567 1062 586 1137 ἓ
610 1061 635 1122 ι.
660 1061 739 1124 Cum
761 1059 797 1122 ad
818 1060 1043 1142 infrascriptam
1064 1062 1273 1126 cardinalium

297 1167 381 1213 sionis.

529 1155 811 1232 Congregationem
842 1154 980 1218 delatum
1000 1155 1096 1218 luerit
1123 1154 1270 1218 dubium:

528 1251 576 1312 hu
598 1256 700 1310 custos
722 1255 752 1310 et
774 1247 961 1326 guardianus
983 1248 1013 1312 S.
1038 1248 1200 1328 Sepulchri
1221 1250 1273 1311 do-

528 1342 606 1404 mini
629 1342 727 1406 nostri
747 1343 817 1404 lesu
839 1341 954 1404 Christi
975 1359 1014 1404 ex
1037 1342 1160 1420 speciali
1180 1342 1273 1404 huius

528 1434 656 1498 Sanctm
677 1435 762 1500 Sedis
790 1435 983 1512 delegatione
1009 1442 1039 1499 et
1060 1436 1168 1512 vigore
1196 1451 1274 1498 non-

527 1527 687 1602 nullorum
709 1528 947 1606 privilegiorum
968 1545 1023 1607 per
1045 1528 1172 1592 dilectos
1194 1528 1273 1590 filios

527 1621 700 1698 superiores
715 1621 837 1684 Ordinis
851 1621 984 1684 fratrum
999 1622 1154 1684 llinorum
1170 1621 1273 1685 Sancti

527 1713 679 1775 Francisci
691 1713 728 1774 de
742 1713 941 1776 Obseruantia
955 1723 1207 1792 nuncupatorum
1223 1727 1273 1777 ex-

529 1803 699 1868 hibitorum
711 1807 893 1870 necessarias
907 1805 1066 1870 facultates
1080 1807 1189 1869 habeat
1202 1823 1276 1870 cou-

529 1897 648 1960 lerendi
661 1905 897 1980 ,sacramentum
913 1901 1181 1965 confirmationis:
1206 1916 1273 1975 nos,

298 2001 463 2100 uffflfissiffjf'
482 2007 511 2050 ur
531 2007 586 2072 pro
606 1991 767 2052 commissi
789 1992 878 2054 nohis
899 1993 1025 2055 caelitus
1051 1992 1210 2071 pastoralis
1232 1991 1275 2053 ol-

530 2085 590 2146 licii
604 2084 677 2148 cura
692 2101 801 2148 omnes
816 2084 1012 2148 difficultates
1026 2103 1058 2148 ac
1070 2087 1101 2148 iu
1114 2094 1273 2164 posterum

530 2179 690 2242 dubitandi
712 2179 766 2240 hac
788 2179 819 2241 in
841 2196 875 2240 re
886 2179 1079 2241 occasionem
1103 2179 1274 2246 tollerecu·

529 2273 659 2350 pientes,
682 2287 714 2332 ac
736 2271 884 2336 dilectum
906 2272 1008 2334 silium
1035 2273 1183 2335 loannem
1205 2273 1275 2334 Phi·

529 2363 647 2442 lippum
669 2381 684 2424 a
706 2363 877 2426 Mediolano
899 2365 1026 2428 fratrem
1047 2381 1190 2444 expresse
1205 2381 1274 2444 pro-

528 2457 643 2518 fessum
665 2457 736 2518 dicti
758 2456 894 2532 Ordinis,
910 2475 943 2520 ao
957 2460 1115 2522 custodem
1138 2466 1169 2520 et
1184 2476 1273 2536 guar·

528 2549 655 2612 dianum
677 2550 749 2614 dicti
775 2550 806 2614 S.
831 2551 1004 2629 Sepulchri,
1028 2552 1208 2630 specialibus
1233 2552 1274 2613 lu-

528 2641 655 2704 vorihus
677 2649 708 2702 et
729 2642 834 2716 gratiis
858 2643 1004 2721 prosequi
1025 2643 1182 2718 volentes,
1206 2650 1237 2705 et
1259 2661 1274 2704 a

528 2733 687 2810 quibusvis
706 2735 1049 2810 excommunicationis,
1064 2737 1274 2815 suspensionis

529 2832 559 2886 et
580 2826 747 2901 interdicti,
770 2829 898 2907 aliisque
918 2829 1128 2892 ecclesiasticis
1149 2837 1274 2891 sentcn-

529 2919 591 2993 tiis,
613 2922 750 2982 censurls
773 2929 804 2984 et
825 2922 944 3000 poenis,
967 2939 983 2983 a
1005 2923 1073 2986 iure
1092 2923 1142 2984 vel
1163 2923 1201 2984 ab
1221 2925 1275 2983 ho·

529 3012 627 3086 mine,
650 3015 756 3090 quavis
784 3015 943 3077 occasione
964 3015 1013 3077 vel
1036 3015 1122 3078 causa
1147 3015 1227 3090 latis,
1249 3015 1275 3076 si

529 3106 640 3182 quibus
663 3107 894 3184 quomodolibet
915 3109 1082 3172 innodatus
1102 3109 1215 3183 existit,
1239 3108 1273 3169 ud

529 3198 674 3260 ellectum
686 3201 894 3278 praesentium
909 3201 1069 3264 dumtaxat
1083 3217 1273 3280 consequeu-

529 3292 615 3365 dum,
629 3291 738 3354 harum
753 3295 831 3356 serie
846 3295 1038 3357 absolventes
1052 3302 1083 3356 et
1099 3295 1273 3357 absolutum

528 3383 595 3446 iore
617 3395 788 3460 censentes,
813 3388 923 3449 auditis
947 3387 1026 3449 votis
1047 3388 1273 3450 venerabilium

528 3475 662 3540 fratrum
683 3487 864 3540 nostrorum
889 3479 920 3543 S.
944 3480 979 3541 ll.
1004 3481 1038 3542 E.
1063 3481 1274 3544 cardinalium

530 3570 561 3630 in
585 3573 646 3633 toti
669 3571 824 3650 republica
845 3573 1010 3635 christiani
1037 3575 1182 3636 adversus
1204 3575 1274 3635 hae-

529 3664 655 3725 relicam
685 3665 869 3743 pravitatem
896 3665 1089 3742 generalium
1111 3668 1275 3746 inquisito-

530 3774 599 3819 rum
622 3760 802 3820 auctoritate
816 3759 977 3836 apostolici
992 3759 1164 3836 specialiter
1179 3761 1273 3838 depu-

531 3859 677 3926 tatorum,
701 3852 801 3914 eidem
823 3852 929 3914 loanni
948 3851 1088 3929 Philippo
1110 3855 1274 3916 custodiet

530 3945 697 4020 guardiano
726 3945 863 4007 eiusdem
886 3944 916 4006 S.
941 3944 1116 4021 Sepulchri,
1144 3947 1273 4007 durante

528 4038 595 4098 eius
615 4038 726 4111 ollrcio,
742 4044 773 4098 et
788 4052 842 4116 pro
864 4037 936 4098 locis
959 4037 1193 4100 Terraesanctue
1209 4047 1274 4100 tan·

530 4137 596 4191 tunt
618 4131 669 4192 ubi
692 4147 755 4191 non
777 4137 870 4191 eruut
885 4129 1025 4207 Episcopi
1046 4130 1125 4190 ritus
1139 4130 1226 4192 latini
1241 4132 1272 4193 in

529 4223 649 4302 proprii
672 4223 800 4285 dioecesi
828 4223 1016 4297 residentes,
1040 4227 1221 4300 potestatem
1243 4231 1274 4284 et

529 4317 705 4379 lacultatem
733 4316 912 4378 conterendi
939 4323 1169 4378 sacramentum
1195 4315 1276 4378 Con-

529 4411 713 4470 firmationis
745 4409 920 4470 huiusmodi
953 4409 1020 4470 oleo
1049 4417 1080 4470 et
1109 4410 1274 4471 chrismate

528 4503 622 4564 otiam
644 4503 789 4579 antiquis,
806 4502 831 4562 si
847 4519 927 4562 nova
942 4502 1048 4563 haberi
1064 4519 1127 4564 non
1143 4502 1271 4580 possint,

527 4609 584 4671 per
604 4595 790 4656 catholicum
811 4595 983 4657 antistitem
1005 4597 1178 4672 gratiamet
1192 4611 1274 4657 com·

529 4687 712 4748 munionem
733 4687 819 4751 Sedis
847 4686 1038 4766 spostolicae
1063 4689 1197 4750 habente
1224 4689 1274 4750 be-

530 4779 669 4853 nedictis,
693 4779 771 4840 dicti
792 4781 984 4854 auctoritate,
1002 4787 1110 4842 tenore
1131 4797 1273 4858 praeseu-

529 4871 619 4946 tium,
642 4873 840 4934 concedimus
862 4881 892 4934 et
913 4873 1110 4950 delegamus3
1133 4874 1215 4934 salvi
1232 4881 1275 4933 ta·

529 4981 600 5026 rnen
622 4981 745 5042 semper
766 4965 799 5026 in
822 4967 994 5042 praemissis
1013 4967 1195 5028 auctoritate
1212 4981 1276 5026 me-

529 5067 662 5118 moratae
685 5059 942 5135 Gongrcgaucnls
964 5058 1185 5120 cardinalium.

527 5274 587 5309 rum
602 5263 747 5319 dubitandi,
762 5263 832 5320 patri
854 5263 945 5309 loanni
965 5263 1084 5320 Philippo
1098 5275 1114 5308 a
1129 5262 1273 5308 Mediolano

527 5331 632 5376 Ordinis
653 5331 783 5375 llllrrorum
805 5331 894 5375 Sancti
914 5331 1046 5375 Truncisoi
1061 5332 1092 5375 de
1106 5330 1273 5375 observantiri

528 5397 652 5442 moderno
665 5395 767 5442 custodi
781 5399 807 5440 et
822 5397 968 5452 guardinno
983 5398 1068 5441 sancti
1078 5397 1219 5453 sepulchri,
1230 5397 1274 5441 dri-

527 5467 604 5509 rante
618 5463 674 5508 eius
689 5463 780 5518 officio,
795 5467 821 5508 et
835 5475 882 5520 pro
901 5463 964 5508 locis
979 5467 1075 5508 Terrae
1094 5466 1204 5508 Surrctae
1220 5465 1274 5508 tan-

528 5535 594 5585 tum,
608 5531 655 5576 rubi
668 5542 719 5576 non
734 5534 813 5575 erunt
827 5530 947 5586 Episcopi
961 5530 1029 5575 ritus
1041 5529 1119 5574 latini
1131 5530 1157 5574 in
1166 5529 1273 5587 proprisi

527 5597 639 5643 dioecesi
657 5596 810 5649 residentes,
825 5598 983 5652 potestatem
1003 5599 1029 5641 ot
1048 5596 1202 5641 facultatem
1217 5608 1274 5642 con·

528 5665 628 5710 terendi
641 5669 836 5711 sacramentum
850 5663 1066 5718 confirmationis,
1081 5665 1138 5710 oleo
1152 5666 1178 5709 et
1193 5664 1274 5708 chris·

529 5735 600 5778 mate
614 5733 693 5777 etiam
708 5731 832 5788 antiquis,
843 5732 865 5776 si
875 5743 941 5777 nova
952 5731 1044 5776 haberi
1054 5743 1105 5776 non
1115 5732 1216 5787 possint
1227 5742 1273 5787 per

527 5799 687 5844 catholicum
709 5797 863 5854 Episcopum
885 5799 1000 5855 gratiam
1019 5799 1045 5842 et
1060 5799 1271 5842 communionem

529 5865 779 5922 sedisapostolicae
797 5865 937 5910 habentem
953 5863 1104 5920 benedictis,
1121 5865 1232 5911 indulsit
1246 5867 1272 5909 et

528 5931 667 5989 delegavit,
682 5934 708 5976 et
723 5931 875 5977 huiusmodi
893 5931 1026 5977 indultum
1045 5931 1072 5976 in
1087 5943 1211 5988 praeseus
1224 5943 1272 5988 pro

1050 559 1114 607 tun.
1139 560 1230 606 bour.
1253 561 1294 606 ul:
1317 561 1345 606 P·
1370 561 1398 607 F·
1424 561 1506 607 PARS
1528 562 1550 606 1.

2109 545 2163 600 An.
2177 549 2212 600 0.
2241 545 2315 596 1721

1370 679 1439 754 §2-
1463 679 1531 742 Non
1554 679 1746 744 obstantibus
1757 679 1944 760 praemissis,
1959 697 1994 743 ac
2008 695 2079 760 apo-
2118 692 2329 740 contrariorum

1329 773 1454 854 stolicis
1471 781 1513 847 et,
1530 773 1563 836 in
1577 773 1808 836 universalibus
1822 773 1960 836 conciliis
1975 773 2076 849 editis,
2097 746 2249 804 compano.

1331 866 1528 943 generalibus
1549 865 1599 928 vel
1619 865 1816 946 specialibus,
1847 865 2080 930 constitutioni-

1330 960 1387 1022 bus
1408 966 1439 1022 et
1460 958 1717 1034 ordinationibus,
1728 959 1901 1038 ceterisque
1915 959 2078 1022 contrariis

1330 1053 1588 1132 quibuscumque.

1370 1147 1481 1210 Datum
1513 1147 1644 1222 Romae,
1674 1147 1753 1224 apud
1782 1145 1960 1210 Solarium
1987 1144 2079 1210 Maio·

1330 1257 1409 1316 rem,
1431 1240 1489 1303 sub
1508 1239 1624 1303 annulo
1646 1239 1817 1315 Piscatoris,
1846 1239 1897 1302 die
1917 1254 1988 1300 xrrr.
2011 1255 2080 1320 sep·

1332 1334 1458 1398 tembris
1481 1349 1651 1408 ccccxxx,
1674 1331 1783 1412 pontii.
1810 1335 1908 1396 nostri
1928 1350 2011 1396 anno
2032 1352 2055 1396 r.

1586 1491 1826 1506 m

1686 1616 1724 1680 V.

1330 1800 1467 1864 inuocat
1480 1802 1593 1865 litcrcs
1610 1800 1728 1866 Urbani
1743 1800 1837 1875 rull,
1847 1803 2026 1866 iunocentii
2038 1800 2074 1863 X.

1370 1895 1572 1974 aliorumque
1593 1895 1788 1976 Pontificum
1802 1911 1859 1974 pro
1874 1895 2076 1972 elecmosynis

1371 1989 1412 2052 od
1427 1989 1583 2050 Locorum
1600 1989 1793 2052 Sanctorum
1806 1989 2077 2054 conservationem

1369 2083 1404 2144 irc
1428 2089 1492 2144 toto
1514 2080 1585 2144 orbe
1607 2082 1793 2162 colligendis
1816 2083 1829 2163 (
1849 2081 1873 2161 l.

1496 2249 1748 2320 llluocfltllllts
1766 2252 1825 2320 ΡΡ.
1841 2251 1910 2320 ΧΙΙΙ.

1469 2374 1934 2442 mmmmmwm

1370 2551 1535 2614 Salvatoris
1557 2559 1589 2624 et
1609 2550 1732 2613 Domini
1746 2550 1862 2626 Nostri,
1879 2552 1933 2630 qui
1947 2569 2003 2632 pro
2019 2553 2075 2614 hu·
2121 2563 2279 2609 uxoratum.

1330 2645 1414 2706 mani
1435 2645 1558 2720 generis
1580 2643 1795 2722 redemptione
1809 2661 1841 2706 se
1855 2645 1958 2724 ipsum
1972 2646 2076 2708 exina-

1329 2737 1420 2811 nivit,
1448 2736 1542 2798 lactus
1571 2735 1717 2798 obediens
1743 2740 1898 2815 usquead
1927 2746 2073 2813 mortem,

1329 2831 1428 2906 vices,
1457 2829 1528 2892 licet
1549 2830 1718 2905 immeriti,
1742 2836 1889 2906 gerentes
1910 2832 1943 2893 in
1970 2832 2073 2907 terris,

1330 2925 1412 2986 inter
1427 2923 1613 3002 multiplices
1629 2924 1886 3002 gravissimasque
1896 2925 2077 3003 apostolicae

1328 3015 1488 3080 servitutis
1516 3033 1616 3090 curas,
1640 3016 1673 3078 in
1694 3033 1763 3078 eam
1791 3018 1956 3096 praecipue
1977 3027 2074 3098 pasto-

1329 3109 1400 3170 ralis
1421 3109 1626 3171 solicitudinis
1644 3109 1837 3185 vigilantiam
1852 3110 2074 3188 incumbimus,

1330 3209 1364 3264 ut
1386 3202 1464 3263 tanti
1486 3209 1518 3264 ot
1540 3210 1602 3263 tam
1631 3201 1761 3264 salubris
1793 3204 1934 3281 mysterii
1965 3221 2076 3266 monu-

1330 3301 1444 3368 menta,
1469 3296 1600 3373 quaein
1622 3295 1747 3357 civitate
1770 3296 1934 3358 lerusalem
1955 3305 1987 3359 et
2002 3297 2075 3360 locis

1329 3387 1556 3450 circumvicinis
1570 3397 1654 3462 sunt,
1678 3397 1913 3464 conserventur,
1931 3399 1962 3452 et
1977 3391 2073 3465 omni,

1329 3498 1389 3559 qua
1411 3481 1477 3542 lieri
1500 3481 1624 3560 poterit,
1648 3481 1755 3542 maiori
1778 3481 2013 3546 honoriticentia
2029 3501 2076 3546 re·

1328 3573 1481 3636 colantur.

1368 3668 1387 3740 ἓ
1411 3666 1436 3726 l.
1462 3667 1541 3729 Cum
1564 3668 1668 3745 itaque
1682 3667 1755 3729 alias
1776 3667 1856 3730 felic.
1874 3685 1935 3732 rec.
1954 3671 2076 3733 Urbano
2096 3734 2101 3744 ,
2122 3681 2159 3744 po
2172 3682 2233 3726 uro.
2246 3683 2311 3744 vsu

1329 3761 1404 3837 Papa
1428 3757 1505 3820 lllll.
1536 3761 1761 3837 praedecessori
1788 3771 1895 3824 nostro
1923 3737 2316 3844 exposito,¹n¹¹r'rr¹¹r¹1¹1{¹r¹ir¹}¹,¹t¹2¹if

1328 3853 1409 3930 quod
1438 3851 1582 3914 ecclesiae
1605 3859 1637 3914 et
1658 3853 1714 3914 alia
1736 3854 1799 3915 loca
1828 3855 1874 3934 pia
1897 3856 1927 3917 in
1950 3857 2075 3918 civitate
2094 3853 2145 3898 ‘¹¹¹⁰
2169 3843 2316 3904 sepepon-

2095 3895 2143 3939 bus
2168 3895 2314 3951 religiosis.

1329 3946 1520 4007 Hierusalem
1547 3953 1578 4007 et
1606 3945 1671 4007 aliis
1703 3946 1776 4008 locis
1805 3948 1918 4010 Terrae
1945 3949 2074 4012 Sanctae
2094 3953 2124 4010 ll
2144 3947 2315 4048 fflfflmcoffiff

1328 4039 1492 4100 existentia
1514 4039 1579 4099 lere
1599 4037 1700 4100 diruta
1720 4048 1822 4114 erant,
1838 4045 1869 4101 et
1884 4057 1962 4119 quae
1977 4043 2076 4105 adhuc
2094 4011 2213 4100 fflenuau
2236 4067 2315 4118 eora-

1329 4131 1370 4192 ibi
1396 4130 1567 4192 existebant
1595 4133 1782 4193 monasteria
1810 4149 1881 4194 aere
1908 4135 2009 4196 alieno
2038 4136 2077 4198 ob
2095 4111 2316 4208 {fflssffiffi

1329 4223 1456 4300 impiam
1479 4229 1648 4296 turcarum,
1672 4223 1910 4301 haereticorum,
1931 4235 1962 4288 et
1982 4227 2078 4288 schis·
2095 4219 2159 4260 crae.

1329 4316 1514 4377 praticorum
1538 4317 1745 4392 tyrannidem,
1770 4325 1800 4378 et
1822 4335 1877 4396 pro
1897 4327 2021 4382 sanctae
2043 4321 2076 4381 u-

1329 4407 1378 4468 dei
1394 4407 1559 4469 catholicae
1574 4410 1606 4469 in
1622 4409 1736 4470 eisdem
1754 4408 1827 4470 locis
1841 4413 2077 4474 conservatione

1328 4511 1486 4563 contracto
1508 4502 1674 4562 admodum
1690 4512 1811 4576 gravata
1828 4505 2074 4582 reperiebantur,

1330 4595 1410 4655 idem
1425 4593 1567 4655 Urbanus
1582 4595 1796 4672 praedecessor
1810 4595 2005 4672 Patriarchls,
2022 4599 2077 4658 hr-

1329 4686 1527 4764 chiepiscopis
1539 4695 1570 4747 et
1585 4686 1652 4746 aliis
1665 4685 1802 4748 locorum
1814 4689 1994 4764 ordinariis,
2006 4705 2076 4752 ncc-

1330 4795 1392 4839 non
1415 4779 1559 4839 omnibus
1579 4785 1611 4840 et
1631 4779 1763 4855 singulis
1785 4781 1969 4858 quorumvis
1991 4783 2075 4846 Ordi-

1330 4885 1419 4944 num,
1441 4870 1730 4946 congregationum,
1744 4880 1774 4934 et
1797 4873 2014 4937 institutorum
2030 4892 2078 4937 re-

1330 4963 1487 5039 gularium
1509 4963 1705 5038 generalibus
1727 4967 1916 5029 commiserit
1938 4977 1969 5030 et
1991 4985 2079 5030 man-

1329 5057 1459 5130 daverit,
1471 5064 1505 5118 ut
1518 5058 1552 5117 ad
1566 5057 1670 5118 minus
1682 5058 1798 5120 duabus
1810 5059 1928 5122 vicibus
1940 5061 2078 5140 quolibet

1329 5262 1453 5306 moderno
1475 5261 1592 5318 praelato
1612 5261 1720 5306 custode
1734 5263 1760 5306 et
1774 5261 1921 5318 guardieno
1940 5265 2026 5310 sancti
2040 5277 2078 5310 sc-

1329 5327 1441 5385 pulchri,
1457 5329 1482 5372 et
1497 5327 1594 5372 futuris
1610 5328 1773 5385 temporibus
1787 5340 1835 5386 pro
1849 5329 1911 5374 aliis
1926 5330 2033 5376 indicto
2043 5332 2077 5376 os·

1329 5395 1388 5438 flcio
1403 5395 1596 5439 successorihus
1611 5407 1657 5451 per
1671 5395 1777 5440 litteras
1787 5397 1945 5452 apostolicas
1954 5396 1981 5441 in
1993 5398 2077 5444 forma

1329 5461 1415 5506 brevis
1430 5461 1547 5518 expediri
1562 5461 1704 5507 ntandavit.

1682 5588 1777 5630 losarn
1792 5589 1931 5632 hunrocus

1570 5667 1593 5708 S.
1604 5665 1633 5708 R.
1646 5665 1671 5709 et
1686 5663 1844 5711 universalis
1859 5665 1977 5723 inquisit.
1995 5669 2048 5712 not.

1434 5799 1499 5842 Loco
1511 5797 1530 5852 l·
1542 5795 1629 5852 sigilli

1368 5931 1398 5986 ll)
1414 5933 1451 5975 lix
1464 5929 1506 5975 cit.
1522 5929 1588 5976 Bull.
1604 5933 1671 5988 part.
1688 5935 1783 5978 Terrae
1798 5935 1915 5980 Sanctae.
