4836 6998
329 549 382 612 An.
397 553 427 614 O.
449 552 518 613 1725

341 2761 469 2806 notmttur
487 2771 527 2804 su-

314 2815 527 2914 ftffflvtdl:

314 2923 355 2966 333
370 2919 525 2966 0030030331

314 2975 438 3029 promotis
476 2973 528 3018 eis-

567 553 625 626 tm

549 715 634 772 mus,
665 697 717 760 ubi
739 695 857 772 degunt
878 687 940 774 (l),
970 691 1092 770 integra
1113 699 1144 755 01
1166 692 1291 765 intacta,

548 793 662 870 absque
683 791 745 852 3113
767 807 893 868 3333333
913 787 1133 861 diminutione,
1150 803 1222 849 cnm
1243 803 1294 848 eo·

548 901 619 946 rum
642 883 749 946 notula
769 899 825 944 seu
848 880 1025 944 inventarIo
1040 881 1119 942 boni
1141 880 1200 940 fide
1221 895 1293 940 con-

548 977 637 1052 fecto,
661 977 821 1052 resignare
843 981 1019 1048 teneantur,
1036 981 1071 1035 ut
1094 972 1137 1034 illi
1159 979 1295 1050 postmo-

547 1070 623 1132 dnm
645 1070 804 1142 coenobio,
827 1067 996 1131 conventui
1013 1067 1062 1128 vel
1078 1065 1184 1128 domui
1199 1065 1293 1144 appli-

547 1164 609 1226 cari
631 1163 749 1240 possint
763 1181 796 1224 30
811 1163 955 1236 debeant,
972 1161 1022 1222 cui
1038 1160 1122 1220 iuxta
1144 1159 1294 1220 constitu-

548 1257 647 1318 tiones
667 1263 699 1316 et
720 1254 960 1317 consuetudines
988 1253 1138 1330 cuiusque
1159 1251 1292 1326 Ordinis,

547 1349 795 1426 congregationis
816 1365 849 1410 ac
872 1347 1006 1410 instituti
1029 1345 1206 1424 applicanda
1228 1361 1294 1406 esse

547 1441 732 1502 constiterit.
755 1440 840 1515 Quod
862 1441 887 1500 si
909 1455 997 1503 secus
1018 1438 1148 1500 fecerint
1168 1444 1200 1498 et
1222 1437 1293 1499 buic

548 1542 672 1596 nostrae
682 1533 871 1594 ordinationi
895 1548 957 1594 non
974 1531 1187 1609 obtemperare
1209 1545 1293 1608 prae-

547 1626 748 1704 sumpserint,
772 1624 1036 1699 contrafacientes,
1060 1624 1139 1686 ultra
1160 1639 1292 1700 poenam

547 1720 758 1799 suspensionis
784 1719 820 1781 ab
849 1718 995 1780 exercitio
1025 1717 1209 1796 pontificalis
1236 1716 1292 1778 mi-

547 1814 666 1876 nisterii
689 1815 720 1876 in
742 1812 885 1891 praefatis
914 1811 1082 1876 Clementis
1103 1809 1154 1871 lll.
1180 1809 1292 1871 litteris

547 1908 760 1980 constitutam,
776 1907 987 1985 suspensionis
1001 1907 1133 1983 insuper
1147 1922 1162 1966 a
1178 1904 1292 1967 divinis

546 2017 679 2080 poenam
701 2001 765 2078 ipso
780 1999 858 2060 facto
880 1999 1154 2072 incu1·rant,cuius
1176 1998 1293 2059 relaxa-

547 2095 666 2156 tionem
688 2093 776 2154 nobis
799 2099 920 2154 tantum
935 2099 965 2154 et
987 2093 1126 2153 Romarm
1147 2090 1290 2153 Pontifici

547 2204 602 2266 pro
623 2194 764 2265 tempore
782 2185 927 2248 existenti
949 2183 1080 2264 (sublata
1101 2185 1211 2246 ceteris
1227 2199 1290 2246 om-

547 2281 654 2356 nibus,
688 2280 781 2340 etiam
813 2277 1073 2341 Poenitentiariae
1099 2277 1290 2355 apostolicae

545 2375 644 2436 officio
665 2381 696 2435 et
718 2373 824 2434 maiori
846 2371 1096 2452 poenitentiario,
1113 2387 1179 2432 eam
1198 2371 1291 2432 etiam

546 2470 582 2530 ad
603 2475 726 2546 tempus
754 2464 910 2527 relaxandi
937 2461 1093 2544 facultate)
1118 2463 1291 2542 specialiter

545 2572 577 2624 et
598 2577 741 2639 expresse
756 2573 962 2632 reservamus
975 2576 1007 2621 ac
1022 2567 1210 2621 reservatam
1226 2573 1291 2620 esse

546 2655 692 2716 volumus
714 2661 745 2714 et
766 2651 959 2714 mandamus.

585 2750 604 2823 ἓ
626 2749 654 2810 6.
679 2747 850 2820 Postremo,
874 2761 945 2808 cum
967 2762 1100 2824 aequum
1123 2754 1154 2809 03
1179 2747 1292 2808 saluta·

547 2859 592 2918 re,
615 2843 678 2903 imo
700 2842 792 2902 etiam
816 2839 1024 2902 necessarium
1041 2839 1239 2915 arbitremur,
1257 2849 1291 2902 ut

546 2942 725 2998 occurratur
746 2951 780 2996 ac
806 2940 1019 3012 opportunum
1043 2933 1224 2995 adhibeatur
1244 2949 1292 2996 re-

314 3027 528 3083 nemausenses
547 3029 685 3092 medium
708 3027 902 3106 praeiudiciis
924 3032 953 3086 et
976 3026 1189 3100 detrimentis,
1213 3044 1291 3106 quae

315 3093 400 3128 usum
434 3082 528 3127 fibro-

314 3147 385 3192 3333,
407 3136 528 3182 aliorum·

314 3201 371 3246 que.

548 3125 695 3184 hactenus
722 3120 805 3181 illata
833 3119 925 3181 fnisse
954 3119 1116 3194 novimus,
1139 3137 1172 3180 ao
1197 3120 1291 3182 etiam

547 3218 585 3279 de
616 3223 717 3278 cetero
749 3213 858 3276 inferri
890 3227 976 3290 posse
1012 3213 1291 3276 animadvertimus

546 3309 713 3374 Ordinibus
734 3306 941 3383 regularibus,
964 3305 1132 3382 coenobiis,
1156 3323 1292 3369 conven-

547 3405 628 3466 tibus
649 3419 682 3465 ae
711 3401 853 3466 domibus
882 3398 1041 3480 praedictis
1069 3416 1108 3460 ex
1133 3399 1288 3474 facultate,

546 3513 623 3574 quae
644 3497 682 3558 ab
703 3495 876 3558 Alexandro
896 3494 1125 3571 praedecessore
1147 3493 1290 3554 ministro

545 3590 684 3668 generati
706 3597 736 3650 et
752 3587 989 3667 provincialibus
1011 3585 1132 3649 Ordinis
1158 3586 1289 3648 fratrum

545 3685 702 3748 illinorum
724 3679 986 3745 conventualium
1008 3679 1038 3743 S.
1063 3679 1235 3754 francisci,
1259 3687 1290 3740 03

544 3795 559 3839 3
582 3777 744 3841 Clemente
766 3775 875 3838 itidem
896 3773 1126 3852 praedecessore
1146 3773 1289 3836 ministro

543 3864 1288 3947 303033113033133113330331333313333333Ρ330-

542 3963 726 4036 dicatorum,
742 3969 777 4023 ut
793 3960 976 4039 praefertur,
999 3959 1115 4022 tributa
1130 3957 1200 4033 fuit,
1217 3974 1289 4021 con·

542 4055 671 4118 cedendi
698 4054 846 4133 promotis
873 4051 909 4114 ad
936 4051 1139 4130 episcopalem
1164 4060 1195 4113 03
1216 4053 1288 4114 31133

542 4147 757 4210 03310313331333
784 4145 949 4223 dignitates
981 4160 1073 4206 usum
1100 4144 1135 4205 ad
1166 4151 1287 4224 tempus

541 4241 693 4303 librorum
715 4239 909 4318 aliorumque
933 4239 1087 4300 bonorum
1109 4255 1187 4316 quae
1209 4249 1288 4302 tem·

542 4349 616 4412 pore
646 4349 719 4396 suae
750 4331 955 4412 promotionis
983 4332 1152 4407 habebant,
1185 4341 1285 4408 motu,

541 4427 667 4488 scientia
689 4435 720 4488 et
741 4426 900 4505 potestatis
927 4423 1123 4504 plenitudine
1145 4426 1285 4504 paribus,

543 4529 651 4582 tenore
672 4519 894 4600 praesentium,
917 4519 1035 4580 nedum
1057 4517 1211 4596 praefatis,
1234 4518 1286 4580 sed

542 4613 635 4675 etiam
657 4613 802 4675 omnibus
824 4619 855 4674 et
875 4611 1007 4688 singulis
1031 4611 1097 4672 aliis
1119 4613 1288 4691 superiori-

543 4707 599 4768 bus
610 4721 881 4784 quorumcumque
892 4705 1026 4766 aliorum
1037 4703 1200 4780 Ominum,
1214 4721 1287 4766 con·

543 4799 761 4876 gregationum
782 4816 814 4860 ac
841 4798 1058 4860 institutorum
1090 4797 1285 4874 regularium

541 4893 786 4972 praedictorum,
814 4893 954 4970 adquae
982 4891 1184 4970 praeinsertas
1217 4891 1286 4954 Ale-

541 4986 649 5048 xandri
671 4993 702 5048 et
723 4985 892 5048 Clementis
914 4985 1183 5063 praedecessorum
1205 4985 1285 5048 litte-

540 5097 599 5153 ras,
624 5087 785 5156 utsupra,
815 5078 1009 5139 extendimus
1037 5085 1067 5139 et
1088 5077 1283 5155 ampliamus

540 5173 659 5234 etiamsi
680 5172 814 5247 abbates,
828 5171 980 5248 magistri,
1003 5171 1138 5232 ministri
1155 5177 1186 5232 et
1200 5187 1285 5248 prae·

539 5265 629 5342 positi
662 5263 865 5344 provinciales
893 5271 947 5326 aut
972 5263 1130 5340 generales
1153 5263 1283 5340 fuerint,

538 5357 588 5419 vel
607 5373 801 5436 quacumque
819 5357 876 5419 3113
894 5357 1147 5420 denominatione
1161 5373 1194 5418 ac
1211 5357 1285 5419 titu-

538 5448 579 5525 lo,
591 5450 767 5526 Ordinibus,
781 5449 1071 5528 congregationibus
1086 5456 1118 5510 et
1132 5449 1283 5512 institutis

537 5544 700 5607 antedictis
722 5545 931 5624 praefuerint,
955 5560 1078 5606 necnon
1101 5545 1284 5606 eorumdem

537 5639 782 5716 coenobiorum,
804 5647 1030 5714 conventuum,
1057 5640 1284 5716 domorumque

536 5731 747 5810 superioribus
772 5732 919 5795 localibus
940 5740 971 5795 03
991 5731 1133 5812 capitulis
1158 5731 1283 5811 quibus·

577 5945 606 6004 311
623 5943 689 5988 Male
703 5943 763 5988 edit.
780 5943 855 5990 atain.
871 5943 936 6001 legit
951 5947 1081 5996 3103030031.

1070 563 1133 620 11111.
1158 563 1249 619 rona.
1274 562 1315 616 be
1337 565 1365 614 P·
1389 563 1418 614 F.
1442 560 1525 616 PARS
1549 557 1569 613 l.

2129 548 2181 606 Aa.
2195 553 2227 608 C.
2253 549 2324 605 lma
2408 570 2409 636 3

1350 703 1494 766 cumque,
1511 685 1697 766 praedictam
1716 685 1893 752 facultatem
1908 689 2098 752 concedendi

1349 784 1385 845 ad
1399 791 1520 860 tempus
1536 797 1626 843 usum
1642 781 1806 857 librorum,
1823 781 2017 860 aliorumque
2032 798 2098 845 mo·

1349 875 1461 938 billum
1476 875 1696 954 praefatorum,
1713 892 1837 954 prorsus
1852 876 2028 952 adimimus,
2044 893 2097 938 33-

1350 969 1479 1031 ferimus
1505 977 1537 1031 et
1563 970 1763 1046 abrogamus,
1791 986 1825 1032 ae
1852 986 1909 1048 pro
1940 971 2096 1048 33033333,

1351 1065 1469 1126 sublata
1490 1071 1522 1124 et
1536 1079 1661 1142 prorsus
1683 1063 1826 1140 abrogati
1848 1063 1885 1124 ab
1905 1063 2050 1125 omnibus
2065 1064 2098 1124 in

1352 1164 1510 1234 posterum
1532 1157 1636 1219 baberi
1652 1156 1809 1230 volumus,
1826 1156 1990 1219 statuimus
2004 1163 2035 1218 et
2046 1155 2099 1218 de·

1350 1250 1512 1326 claramus,
1535 1251 1612 1312 itaut
1635 1248 1792 1328 perpetuis
1814 1249 1928 1312 futuris
1950 1249 2100 1327 tempori-

1350 1343 1406 1405 bus
1422 1344 1573 1408 eiusmodi
1589 1343 1732 1406 facultate
1746 1344 1793 1407 uti
1807 1343 1940 1421 amplius
1956 1359 2098 1422 nonpos-

1349 1437 1412 1498 sint
1433 1453 1490 1499 nec
1505 1436 1648 1512 debeant,
1664 1439 1792 1515 perinde
1807 1453 1841 1498 ac
1854 1437 1879 1498 si
1895 1437 1966 1516 ipsis
1981 1453 1997 1496 3
2012 1453 2098 1515 prae·

1350 1530 1418 1592 fatis
1440 1529 1722 1609 praedecessoribus
1738 1529 1851 1592 nostris
1865 1545 2028 1608 nunquam
2044 1529 2098 1591 tri·

1349 1623 1420 1686 buta
1434 1631 1464 1686 et
1476 1641 1618 1686 concessa
1633 1623 1752 1698 fuisset,
1769 1631 1800 1686 et
1815 1639 1879 1685 non
1894 1623 1977 1698 31133,
1995 1621 2095 1698 311303,

1349 1734 1407 1779 nec
1431 1717 1489 1779 alio
1514 1717 1623 1793 modo,¹
1642 1717 1699 1780 sub
1722 1716 1832 1795 poena,
1858 1717 1883 1776 si
1908 1733 1995 1779 secus
2018 1715 2099 1777 fece·

1349 1810 1424 1884 rint,
1446 1812 1655 1889 suspensionis
1677 1829 1692 1872 3
1714 1810 1827 1874 divinis
1848 1826 1885 1872 eo
1906 1811 1971 1889 ipso
1992 1811 2097 1873 incur-

1348 1904 1454 1978 rendf,
1467 1906 1554 1967 cuius
1570 1905 1793 1968 relaxationem
1808 1905 1896 1967 nobis
1911 1911 1942 1966 et
1957 1905 2096 1966 Romano

1348 1996 1489 2061 Pontifici
1514 2016 1569 2078 pro
1593 2007 1734 2078 tempore
1757 1999 1915 2074 existenti,
1941 1998 2096 2076 privative

1347 2093 1447 2169 quoad
1467 2107 1575 2154 omnes
1600 2093 1692 2168 alios,
1722 2109 1916 2155 reservamus
1941 2101 1973 2154 et
1997 2107 2095 2153 reser-

1348 2193 1450 2246 vatam
1472 2202 1537 2247 esse
1550 2187 1727 2262 statuimus,
1743 2185 1949 2264 praecipimus
1963 2201 1996 2246 ac
2011 2199 2097 2247 man-

1347 2276 1464 2340 damus.

1387 2374 1406 2448 ἓ
1421 2373 1448 2435 7.
1467 2373 1685 2450 Oeceruentes,
1699 2381 1876 2454 praesentes
1888 2374 2005 2438 litteras
2015 2393 2096 2438 sem·
2141 2389 2289 2436 clausurae.

1348 2482 1402 2543 per
1424 2467 1548 2542 validas,
1572 2469 1676 2530 firmas
1698 2477 1728 2531 et
1750 2469 1885 2531 efficaces
1909 2470 2040 2532 existere
2061 2489 2095 2532 30

1348 2560 1424 2634 1330,
1439 2575 1572 2639 suosque
1588 2561 1738 2639 plenarios
1756 2569 1787 2624 et
1807 2563 1947 2640 integros
1968 2565 2095 2627 effectus

1347 2654 1450 2715 sortiri
1474 2661 1504 2716 et
1519 2653 1670 2730 obtinere,
1687 2671 1720 2716 ac
1734 2655 1771 2716 ab
1785 2657 1929 2718 omnibus
1942 2665 1973 2719 et
1988 2659 2094 2736 singu-

1348 2746 1395 2820 lis,
1419 2747 1454 2808 ad
1476 2762 1552 2824 quos
1567 2755 1682 2824 spectat
1698 2755 1729 2810 et
1750 2764 1804 2826 pro
1819 2757 1958 2827 tempore
1979 2757 2093 2828 specta-

1348 2840 1391 2901 bit
1413 2827 1645 2917 quomodolibet
1670 2841 1702 2902 in
1725 2839 1885 2916 futurum,
1909 2841 2095 2905 inviolabili·

1349 2940 1396 2994 ter
1417 2943 1447 2996 et
1469 2935 1651 2996 inconcusse
1672 2935 1840 3010 observari,
1857 2936 1963 3014 sicque
1984 2944 2014 2998 et
2030 2955 2092 3000 non

1348 3029 1437 3091 aliter
1452 3029 1484 3091 in
1497 3029 1672 3108 praemissis
1687 3044 1742 3106 per
1756 3039 1968 3110 quoscumque
1979 3031 2094 3094 iudices

1348 3123 1519 3185 ordinarios
1531 3131 1561 3184 03
1576 3121 1741 3198 delegatos,
1758 3122 1850 3184 etiam
1866 3139 2028 3187 causarum
2043 3141 2092 3204 pa·

1348 3215 1411 3277 latii
1433 3215 1589 3296 apostolici
1610 3216 1776 3290 auditores,
1793 3233 1826 3278 30
1842 3213 1871 3278 S.
1883 3215 1965 3278 11.Ε.
1991 3219 2093 3280 Cardi-

1348 3308 1442 3383 nales,
1459 3307 1551 3368 etiam
1563 3309 1600 3369 de
1612 3307 1706 3372 latere
1718 3307 1848 3385 Legatos
1859 3317 1891 3372 et
1902 3310 2093 3388 Apostolicae

1347 3400 1433 3463 Sedis
1463 3399 1610 3476 Nuntios,
1641 3399 1777 3478 aliosque
1805 3402 1958 3479 quoslibet
1984 3405 2091 3481 quavis

1346 3493 1591 3571 praeeminentia
1623 3503 1653 3555 et
1682 3501 1832 3573 potestate
1863 3494 2030 3572 fungentes
2061 3505 2091 3558 et

1346 3587 1523 3662 iuncturos,
1553 3585 1671 3649 sublati
1699 3586 1743 3648 eis
1770 3595 1938 3650 eteorum
1966 3589 2091 3652 cuilibet

1346 3681 1454 3758 quavis
1474 3681 1563 3742 aliter
1581 3679 1736 3744 iudicandi
1758 3687 1789 3742 et
1810 3681 2035 3760 interpretandi
2050 3683 2091 3745 fa-

1344 3774 1459 3836 cultate
1486 3790 1519 3835 30
1544 3774 1735 3848 auctoritate,
1763 3774 1891 3836 iudicari
1912 3783 1945 3837 et
1967 3777 2091 3839 definiri

1345 3865 1467 3941 debere,
1483 3883 1517 3929 ac
1538 3866 1663 3930 irritum
1684 3873 1715 3928 01
1736 3867 1840 3944 13330,
1863 3869 1888 3930 31
1909 3869 1984 3946 quid
2004 3887 2091 3933 secus

1344 3975 1437 4038 33303
1458 3960 1505 4020 his
1529 3978 1544 4021 3
1570 3975 1739 4038 quoquam,
1764 3963 1872 4039 quavis
1894 3963 2089 4040 auctoritate,

1343 4054 1476 4116 scienter
1500 4053 1550 4116 vel
1576 4055 1771 4131 ignoranter,
1802 4055 1969 4132 contigerit
1992 4065 2090 4120 atten-

1344 4148 1411 4208 tari.
1513 4141 1517 4150 '

1383 4243 1451 4317 ὃὸ.
1477 4241 1545 4304 Non
1577 4243 1769 4306 obstantibus
1800 4243 1999 4322 praeinsertis
2020 4243 2091 4308 dle·
2141 4257 2329 4320 3333330330

1344 4335 1451 4398 xandri
1473 4335 1523 4397 lV.
1548 4342 1579 4396 et
1601 4334 1772 4398 Clementis
1798 4335 1905 4398 itidem
1927 4336 1976 4400 lll.
2002 4353 2088 4416 prae·
2107 4319 2123 4364 ¹³
2125 4311 2265 4358 acutiores.

1342 4430 1536 4490 decessorum
1553 4427 1676 4504 litteris,
1690 4437 1720 4490 et
1735 4430 1773 4490 30
1787 4429 1855 4491 1330
1869 4431 2007 4507 quaesito
2024 4447 2087 4492 non

1344 4521 1496 4596 tollendo,
1519 4538 1553 4584 30
1574 4523 1667 4583 certis
1695 4523 1808 4584 nostris
1829 4530 1861 4585 et
1882 4524 2088 4588 Cancellariae

1342 4613 1522 4692 apostolicae
1550 4613 1685 4690 regulis,
1708 4615 1835 4692 aliisque
1860 4615 2031 4695 apostolicis
2056 4635 2090 4679 ac

1343 4707 1375 4768 in
1393 4705 1621 4768 universalibus
1636 4708 1938 4787 provincialibusque
1952 4717 2088 4788 013333-

1341 4799 1460 4862 dalibus
1475 4800 1611 4862 conciliis
1627 4799 1728 4876 editis,
1745 4802 1942 4877 generalibus
1957 4803 2008 4864 vel
2022 4819 2090 4881 spe-

1342 4893 1468 4956 cialibus
1484 4893 1757 4956 constitutionibus
1779 4904 1809 4956 03
1830 4895 2086 4972 ordinationibus,

1342 5002 1463 5048 necnon
1479 4986 1661 5064 quorumvis
1677 4987 1829 5049 Ordinem
1847 4987 2086 5065 praedictorum,

1341 5079 1434 5141 ctiam
1451 5077 1637 5153 iuramento,
1660 5081 1897 5143 confirmatione
1911 5082 2085 5158 apostolica,

1340 5180 1392 5236 aut
1413 5173 1520 5250 quavis
1546 5173 1694 5234 firmitate
1716 5173 1772 5234 alia
1793 5173 1944 5236 roboratis
1964 5175 2087 5237 statutis

1340 5273 1371 5328 et
1392 5266 1685 5341 consuetudinibus,
1714 5267 1808 5329 etiam
1835 5267 2089 5329 immemorabili-

1340 5360 1412 5435 bus,
1435 5359 1606 5437 privilegiis
1631 5376 1767 5439 quoque,
1790 5360 1918 5424 indultis
1938 5369 1968 5423 et
1989 5361 2087 5424 literis

1340 5452 1528 5531 apostolicis,
1552 5453 1667 5516 eisdem
1694 5455 1874 5530 Ordinibus,
1897 5454 2086 5533 illorumque

1339 5545 1549 5625 superioribus
1576 5555 1607 5607 et
1633 5547 1855 5625 professoribus
1886 5547 2087 5625 quibuscum-

1339 5655 1412 5716 que,
1435 5638 1492 5700 sub
1513 5638 1674 5718 quibusvis
1695 5641 1863 5702 verborum
1878 5640 2038 5702 tenoribus
2054 5645 2084 5700 et

1339 5731 1459 5806 formis,
1481 5747 1513 5793 30
1541 5745 1614 5794 cum
1639 5733 1888 5812 quibuscumque
1912 5733 2006 5795 etiarn
2035 5733 2086 5794 de-
