4880 6982
1018 582 1158 634 GLEMENS
1180 585 1224 632 xr.

343 704 454 765 dovera
475 701 511 765 ad
532 703 657 766 ianuam
685 701 895 782 ecclesiarum,
919 706 1023 786 ibique
1043 723 1089 768 so-

343 799 408 860 lunr
441 815 527 877 posse
560 799 743 861 benedicere
773 807 805 862 et
835 800 907 862 dare
942 800 1090 864 ultimum

343 893 429 969 vale;
462 895 560 956 cilicia
592 909 667 956 vero
689 901 719 958 et
740 894 796 956 alia
818 895 936 970 munia,
959 913 1035 974 quae
1057 897 1089 957 iu

342 986 522 1050 huiusmodi
553 987 733 1049 ministeriis
761 989 898 1050 adhiberi
918 987 1031 1065 solent,
1053 991 1090 1051 ab

343 1079 415 1157 ipsis
435 1079 630 1156 regularibus
645 1082 748 1160 peragi
763 1082 887 1157 debere,
905 1099 969 1145 non
984 1092 1089 1145 autem

342 1191 357 1232 a
379 1175 535 1252 parochis;
558 1174 721 1253 Episcopos
742 1192 796 1237 seu
819 1177 994 1249 Ordinarios
1009 1177 1091 1240 loco-

342 1283 414 1328 rum
444 1268 626 1346 permittere
657 1285 720 1332 non
750 1270 873 1346 debere,
897 1279 931 1333 ut
953 1271 1087 1350 parochi,

341 1360 455 1438 aliique
475 1363 513 1424 de
533 1361 615 1424 clero
646 1363 806 1438 saeculari,
839 1365 988 1426 maiorem
1010 1364 1088 1426 elee-

342 1468 503 1531 mosynam
517 1455 574 1516 sibi
589 1457 716 1517 attribui
730 1455 842 1518 iaciant
856 1457 893 1518 ab
907 1457 1089 1520 haeredibus

341 1547 571 1624 detunctorum,
601 1550 654 1627 qui
675 1549 708 1610 in
729 1551 863 1612 ecclesiis
894 1551 1089 1628 regularium

340 1641 533 1718 sepulturam
555 1642 612 1704 sibi
633 1643 799 1721 elegerint,
816 1661 909 1724 quam
930 1645 1090 1723 percipere

341 1742 477 1814 possent,
506 1735 531 1798 si
560 1737 592 1797 in
624 1739 788 1815 parochiali
819 1755 873 1802 seu
906 1739 962 1800 alia
994 1739 1089 1817 ipsius

341 1829 416 1890 cleri
437 1829 599 1891 saecularis
621 1831 746 1892 ecclesii
760 1833 886 1911 sepeliri
900 1833 1087 1908 voluissent;

341 1920 517 1984 functiones
546 1923 734 1986 luneralium
758 1941 852 2005 super
872 1925 1017 1988 cadavera
1038 1924 1088 1986 de-

341 2013 520 2078 iunctorum
532 2032 610 2094 quae
622 2017 654 2080 in
665 2019 802 2080 ecclesiis
814 2019 1005 2096 regularium
1016 2035 1088 2081 con-

342 2109 411 2184 tigit
432 2110 567 2188 sepeliri,
585 2119 745 2190 postquam
760 2111 794 2174 ad
811 2113 932 2175 easdem
948 2112 1087 2176 ecclesias

342 2203 555 2278 pervenerint,
571 2206 606 2267 ad
628 2205 707 2284 ipsos
723 2205 890 2282 regulares,
907 2222 970 2268 non
986 2206 1021 2268 ad
1037 2221 1087 2284 pa-

342 2295 461 2370 rochos,
484 2298 650 2375 pertinere.

382 2389 553 2452 Contrariis
587 2392 837 2472 quibuscumque
871 2395 949 2456 circa
984 2411 1088 2473 supra-

342 2483 454 2562 scripta
474 2485 578 2546 omnia
600 2486 731 2548 minime
751 2488 953 2550 obstantibus.
971 2521 1008 2532 -
1030 2487 1088 2548 llo-

344 2593 422 2651 mae,
445 2593 532 2638 xxiv.
556 2579 660 2658 aprilis
689 2597 843 2642 unccxvr.
867 2613 905 2626 -
927 2583 960 2643 F.
984 2580 1088 2644 (lardi-

343 2673 420 2734 nalis
451 2675 495 2736 Da
516 2675 630 2736 hanua
652 2673 907 2755 archiepiscopus
933 2676 1089 2736 Damasce-

343 2783 413 2844 nuS,
435 2769 617 2830 secretarius
631 2788 660 2828 s.

149 2965 324 3012 connrmauo
382 2957 452 3030 §2
476 2957 556 3020 Cum
584 2966 704 3034 autem,
734 2959 812 3022 sicut
836 2959 934 3021 dictus
960 2959 1089 3020 Bernar-

96 3019 179 3065 relati
200 3019 293 3067 decreti

341 3050 432 3113 dinus
463 3059 642 3130 procurator
674 3053 826 3129 generalis
848 3053 937 3115 nobis
957 3049 1089 3114 subinde

341 3146 453 3224 exponi
485 3143 572 3219 lecit,
605 3147 670 3224 ipse
701 3147 858 3209 decretum
891 3145 1086 3219 huiusmodi,

340 3255 403 3317 quo
433 3239 554 3302 firmius
588 3239 733 3301 subsistat
762 3247 794 3302 et
824 3246 968 3300 servetur
1002 3253 1088 3299 exac-

341 3333 413 3406 tius,
435 3333 617 3412 apostolicae
637 3333 882 3395 confirmationis
901 3337 1024 3393 nostrae
1037 3347 1089 3409 pa·

341 3426 473 3487 trocinio
494 3425 682 3488 communiri
705 3441 903 3504 summopere
917 3425 1084 3488 desideret:

340 3535 407 3593 uos,
432 3519 526 3598 ipsius
554 3519 738 3582 Bernardini
766 3519 972 3598 procuratoris
994 3533 1089 3596 gene-

341 3614 412 3676 ralis
440 3615 519 3676 votis
540 3615 594 3675 bac
615 3614 649 3676 in
676 3631 721 3691 re,
749 3620 904 3692 quantum
931 3629 1002 3675 cum
1030 3611 1086 3673 Do·

341 3709 428 3770 mino
450 3723 625 3786 possumus,
647 3707 854 3770 favorabiliter
875 3723 1015 3770 annuere
1036 3723 1087 3766 vo-

340 3799 452 3876 lentes,
476 3801 612 3882 ebmque
633 3818 648 3862 a
664 3802 825 3880 quibusvis
840 3802 1089 3865 excommunica·

341 3895 444 3970 tionis,
473 3896 684 3974 suspensionis
705 3904 735 3957 et
762 3896 932 3971 interdicti,
958 3896 1088 3974 aliisque

340 3988 548 4051 ecclesiasticis
562 3989 737 4063 sententiis,
753 3989 890 4051 censuris
905 3998 935 4050 et
950 3989 1057 4067 poenis
1072 4007 1086 4050 a

340 4081 409 4144 iure
430 4083 480 4144 vel
501 4084 538 4144 ab
558 4085 685 4145 homine
713 4084 821 4162 quavis
852 4085 1010 4146 occasione
1036 4084 1087 4144 vel

340 4192 427 4238 causa
448 4177 528 4252 latis,
544 4176 570 4238 si
588 4176 700 4255 quibus
714 4177 945 4255 quomodolibet
961 4177 1088 4239 innoda-

341 4277 390 4332 tus
410 4269 527 4344 existit,
549 4271 585 4332 ad
607 4270 752 4334 ellectum
769 4271 980 4350 praesentium
998 4269 1086 4332 dum·

340 4367 421 4422 taxat
445 4362 719 4438 consequendum,
750 4362 860 4424 harum
884 4363 964 4424 serie
989 4361 1086 4422 absol-

339 4461 449 4516 ventes
470 4463 501 4517 et
522 4453 699 4516 ahsolutum
726 4455 791 4516 iore
816 4463 993 4530 censentes,
1016 4471 1086 4534 sup·

339 4545 554 4624 plicationibus
575 4549 641 4610 eius
662 4548 791 4610 nomine
812 4547 900 4610 nobis
920 4565 1015 4626 super
1030 4549 1086 4610 hoc

339 4639 502 4703 humiliter
513 4642 661 4720 porrectis
672 4641 1086 4720 inclinati,decretumprae-

339 4733 1087 4814 insertum‚auctoritateapostolici,tenoreprae-

338 4828 486 4904 sentium,
502 4829 705 4908 approbamus
726 4837 756 4892 et
778 4829 1011 4903 confirmamus,
1028 4826 1086 4888 illi·

339 4937 400 4998 que
421 4921 605 4984 inviolabilis
626 4922 806 5002 apostolicae
821 4921 976 4984 firmitatis
990 4921 1085 4982 robur

338 5014 513 5076 adiicimus:
537 5015 619 5077 salva
636 5023 738 5078 tamen
754 5031 876 5094 semper
892 5016 923 5076 in
938 5015 1085 5093 praemis-

337 5107 378 5169 sis
392 5109 573 5172 auctoritate
585 5108 735 5188 praelatae
746 5109 1003 5187 congregationis
1013 5109 1087 5170 Car-

1146 705 1189 768 eis
1210 702 1381 784 respective
1402 699 1625 766 inviolabiliter
1645 701 1813 779 observari,
1835 703 1893 767 sic·

1146 815 1206 878 que
1227 798 1259 860 in
1281 798 1455 878 praemissis
1477 813 1531 877 per
1552 813 1764 878 quoscumque
1779 798 1892 862 iudices

1145 893 1315 954 ordinarios
1330 900 1361 955 et
1376 891 1541 969 delegatos,
1558 891 1652 954 etiam
1666 908 1826 954 causarum
1842 909 1893 970 pa-

1145 985 1209 1048 latii
1224 986 1380 1064 apostolici
1399 985 1565 1062 auditores,
1582 985 1709 1053 iudicari
1723 993 1755 1047 et
1768 985 1892 1048 deliniri

1145 1080 1268 1151 debere,
1295 1097 1329 1142 ac
1357 1079 1481 1142 irritum
1502 1086 1534 1140 et
1562 1080 1664 1154 inane,
1687 1080 1713 1141 si
1733 1095 1821 1142 secus
1841 1095 1893 1140 su-

1146 1191 1199 1253 per
1227 1175 1274 1236 his
1302 1191 1317 1234 a
1345 1190 1520 1253 quoquam,
1553 1174 1662 1252 quavis
1693 1174 1891 1248 auctoritate,

1144 1269 1279 1330 scienter
1304 1268 1352 1330 vel
1379 1269 1578 1344 ignoranter,
1608 1267 1773 1345 contigerit
1794 1273 1894 1329 atten-

1147 1363 1213 1423 tari.
1245 1359 1314 1423 Non
1344 1361 1535 1423 obstantibus
1566 1360 1840 1422 constitutionibus
1862 1367 1893 1420 et

1145 1455 1390 1518 ordinationibus
1415 1453 1597 1533 apostolicis,
1627 1454 1801 1532 ceterisque
1821 1469 1892 1514 con·

1146 1551 1247 1614 trariis
1269 1551 1527 1630 quibuscumque.

1185 1646 1295 1707 Datum
1327 1643 1456 1717 Romae,
1486 1639 1564 1721 apud
1594 1642 1622 1705 S.
1649 1642 1773 1704 llariom
1800 1643 1891 1706 llaio-

1144 1755 1223 1814 rem,
1245 1739 1302 1800 sub
1323 1737 1439 1799 annulo
1469 1737 1636 1810 Piscatoris,
1664 1736 1711 1798 die
1737 1753 1784 1797 ιιι.
1812 1737 1891 1799 iunii

1145 1849 1311 1908 unacurt,
1335 1831 1530 1912 pontificatus
1552 1830 1652 1892 nostri
1673 1846 1755 1894 anuo
1776 1845 1840 1891 xvr.

1480 2118 1556 2182 htv.

1147 2308 1320 2388 Corticata-t
1346 2309 1475 2372 litteras
1504 2315 1649 2386 potantes
1677 2301 1889 2367 commissarii

1183 2403 1342 2482 perterolis
1364 2403 1534 2465 ludicrum
1561 2399 1815 2464 occidentalium
1835 2397 1890 2461 Or·

1184 2497 1270 2558 diuis
1293 2497 1455 2560 Minorem
1478 2496 1514 2558 de
1539 2492 1749 2560 Obscroorttid
1765 2493 1801 2554 dc
1815 2493 1890 2552 arisi·

1185 2597 1289 2652 tutorc
1311 2593 1493 2667 pruot'rtct'uc
1518 2589 1677 2652 Cltt‘lertsic
1698 2585 1754 2668 (l).

1349 2760 1535 2830 eltutus
1558 2760 1618 2828 ΡΡ.
1644 2761 1688 2826 lll.

1264 2883 1300 2951 ad
1323 2890 1497 2968 perpetuen
1520 2885 1563 2950 rei
1590 2883 1769 2950 memoriam.

1184 3063 1252 3138 §l
1277 3063 1397 3141 Exponi
1420 3061 1509 3123 nobis
1539 3077 1640 3140 nuper
1667 3060 1739 3122 iecit
1760 3057 1890 3120 dilectus

1144 3157 1226 3218 filius
1249 3157 1376 3218 loannes
1397 3155 1530 3229 llusillo,
1553 3155 1647 3216 irater
1663 3167 1805 3231 expresse
1821 3168 1890 3230 pro-

1143 3250 1240 3312 fessus
1261 3267 1294 3312 ac
1321 3257 1422 3312 custos
1444 3256 1474 3310 et
1502 3255 1685 3328 procurator
1715 3245 1891 3324 provinciae

1143 3343 1295 3406 (lhilensis
1317 3343 1349 3404 iu
1371 3342 1465 3406 lndiis
1493 3339 1737 3406 Occidentalibus
1768 3338 1890 3401 Ordinis

1143 3437 1299 3500 llinorum
1329 3436 1432 3500 Sancti
1458 3435 1612 3498 Francisci
1633 3434 1670 3496 de
1690 3431 1889 3496 Obseruantia

1144 3541 1408 3610 nuncupatorum,
1432 3531 1510 3610 quod
1540 3531 1612 3592 alitis
1644 3529 1773 3592 dilectus
1794 3527 1889 3590 etiarn

1144 3627 1224 3688 lilius
1247 3626 1392 3704 Iosephus
1408 3624 1500 3699 Sana,
1516 3623 1746 3688 commissarius
1762 3626 1889 3699 genera*

1142 3719 1178 3782 lis
1201 3719 1431 3798 provinciarum
1452 3718 1633 3780 earumdem
1662 3716 1831 3790 indiarum,
1854 3715 1890 3776 acl

1143 3812 1331 3892 parcendum
1352 3811 1528 3874 innumeris
1555 3810 1711 3888 expensis,
1734 3823 1812 3887 quae
1835 3823 1890 3886 pro

1142 3907 1352 3969 visitatoribus
1384 3906 1531 3969 euntibus
1559 3903 1593 3964 ad
1623 3901 1789 3964 visitandos
1818 3917 1891 3963 con-

1142 4009 1256 4064 ventus
1277 4001 1467 4080 supradictae
1482 3999 1658 4078 provinciae
1674 3995 1827 4060 Chilensis
1842 4011 1891 4056 re-

1142 4095 1323 4173 quiruntur,
1345 4111 1399 4173 per
1420 4111 1489 4156 suas
1510 4098 1650 4171 patentes
1668 4091 1784 4152 litteras
1799 4087 1890 4150 desu-

1141 4205 1196 4268 per
1228 4195 1384 4252 emanatas¹
1412 4185 1577 4266 praecepit,
1607 4185 1696 4246 utin
1730 4191 1889 4262 posteram

1143 4297 1206 4342 non
1228 4281 1409 4342 admittatur
1430 4295 1487 4341 nec
1501 4279 1666 4358 recipiatur
1683 4278 1714 4339 in
1731 4275 1889 4356 provincii

1141 4373 1318 4435 huiusmodi
1340 4371 1450 4451 aliquis
1471 4371 1611 4433 visitator
1631 4387 1670 4432 ex
1690 4370 1747 4431 alib
1766 4368 1890 4448 provin-

1140 4466 1196 4541 cii,
1220 4467 1279 4528 nisi
1300 4466 1401 4528 solum
1423 4481 1461 4527 ex
1476 4463 1526 4526 illa
1541 4464 1769 4543 Assumptionis
1785 4463 1889 4524 beatae

1141 4561 1252 4622 llariae
1284 4559 1422 4636 Virginis
1454 4559 1653 4633 Tuctrrnanis,
1676 4564 1768 4635 prout
1789 4557 1886 4619 conti-

1140 4661 1235 4716 netur
1255 4655 1288 4714 in
1310 4653 1403 4731 ipsius
1424 4651 1542 4728 losephi
1569 4651 1772 4713 commissarii
1795 4666 1889 4727 gene·

1140 4747 1212 4808 ralis
1233 4747 1344 4808 litteris
1371 4744 1543 4824 praedictis,
1574 4744 1689 4806 tenoris
1711 4743 1764 4822 qui
1786 4743 1889 4822 sequi·

1142 4849 1203 4916 tur,
1226 4839 1382 4902 videlicet:

1812 559 1869 627 tel
1921 561 2020 619 Aac.
2042 561 2108 616 tato

1936 3079 2036 3136 Species
2053 3080 2121 3124 tacti.

1179 5027 1285 5088 Frater
1308 5025 1453 5105 Iosephus
1474 5027 1565 5101 Sana,
1588 5025 1710 5089 Ordinis
1725 5021 1821 5086 sancti
1836 5037 1887 5102 pa·
1924 5033 2033 5083 craturae
2048 5048 2116 5094 prae-

1906 5089 2006 5136 dictae
2038 5102 2117 5136 anno

1141 5119 1195 5180 tris
1217 5119 1314 5180 nostri
1337 5121 1488 5182 Francisci
1510 5119 1660 5196 regularis
1675 5117 1886 5180 observantiae
1906 5153 2008 5189 ccccxv.
2031 5145 2117 5190 eattae

338 5203 501 5266 dinalinm.
711 5281 713 5286 Δ

377 5297 397 5372 ἓ
417 5298 445 5359 3.
471 5298 688 5373 Decernenles,
705 5298 826 5360 easdem
844 5307 1019 5377 praesentes
1035 5297 1084 5360 lit-

341 5398 419 5453 teras
443 5409 566 5472 semper
595 5395 716 5469 srrmas,
749 5393 863 5456 validas
892 5401 922 5455 et
949 5393 1084 5456 efficaces

339 5487 470 5548 existere
492 5495 523 5548 et
539 5487 615 5562 iore,
638 5504 771 5566 suosque
792 5489 945 5567 plenarios
959 5497 990 5549 et
1006 5489 1085 5550 inte-

338 5593 408 5655 gros
430 5579 556 5642 allectus
582 5581 686 5642 sortiri
711 5589 741 5642 ct
766 5581 918 5656 obtinere,
950 5598 983 5644 ac
1011 5581 1082 5657 illis,

337 5672 371 5733 ad
387 5689 465 5752 qnos
478 5682 593 5752 spectat
608 5682 639 5736 et
651 5690 706 5753 pro
723 5682 859 5754 tempore
874 5676 1083 5753 quandocum-

337 5781 397 5844 que
417 5769 576 5846 spectabit,
602 5769 779 5847 plenissime
801 5769 972 5847 suffragari,
997 5779 1027 5832 et
1047 5771 1083 5832 ab

1140 5213 1236 5274 lector
1257 5211 1412 5286 iubilatus,
1435 5213 1627 5274 examinator
1656 5210 1809 5290 synodalis
1831 5209 1886 5271 hr-
1906 5197 2117 5297 23¹0·f3}{l³,}{¹0‘}‘g

1139 5305 1322 5384 chiepiscopi
1344 5307 1493 5382 Toletani,
1510 5305 1671 5383 theologus
1689 5304 1770 5382 regis
1784 5303 1885 5366 catho—
1905 5304 2050 5359 provinciae
2071 5308 2117 5351 xs-

1140 5399 1189 5460 lici
1211 5400 1243 5460 in
1265 5399 1481 5462 immaculatae
1502 5399 1719 5478 conceptionis
1742 5399 1886 5476 Deiparae
1904 5361 2115 5467 ffiffim}

1138 5509 1318 5570 congressu,
1331 5494 1566 5573 exprovincialis
1581 5491 1758 5572 provinciae
1773 5489 1885 5555 Castel-
1904 5463 2117 5582 {?0¹3⁰0‘},¹¹0¹fflf1³{›²²07

1139 5584 1196 5660 lae,
1218 5595 1304 5664 pater
1325 5587 1464 5649 eiusdem
1481 5593 1511 5648 et
1527 5586 1756 5665 provinciarum
1770 5585 1884 5660 nrago-
1905 5582 2020 5618 ΝΜΟ·

1139 5679 1207 5740 niae
1228 5686 1259 5740 et
1281 5679 1464 5755 Cotaloniae,
1487 5698 1520 5742 ac
1541 5680 1769 5742 commissarius
1791 5693 1884 5755 gene-

1137 5772 1210 5854 ralis
1228 5774 1371 5836 omnium
1385 5773 1625 5838 Occicleutaliom
1640 5773 1798 5836 indiarum
1814 5789 1884 5834 cum

129 5299 288 5348 clausulae·

381 5988 410 6044 (l)
427 5989 463 6034 lix
478 5989 581 6044 Ragest.
597 5989 624 6032 in
639 5989 714 6033 arch.
730 5991 802 6034 Brev.

448 6113 499 6163 lrtr.
518 6114 585 6158 Perat.
601 6113 632 6158 de
649 6113 720 6174 l‘rop.
738 6113 799 6159 Fida
813 6115 894 6160 Partis
910 6116 927 6159 l.
942 6115 996 6160 vol.
1013 6115 1043 6162 ll.
