4880 6982
300 531 355 588 An.
370 535 400 590 0.
422 537 490 590 1708
540 543 599 609 262

342 3201 416 3247 Fides
432 3203 502 3248 tran·

289 3255 404 3311 sumptis.

120 653 168 676 „,
230 757 231 760 Ἴ
332 684 474 734 clausuras.
562 685 649 762 sta.
681 689 908 762 decernentes,
941 689 1137 768 presbyteros
1169 689 1267 752 dictae

523 779 685 843 Societatis
706 797 800 859 super
826 783 1017 860 praemissis,
1040 789 1073 844 et
1094 781 1160 844 aliis
1181 782 1266 843 iuxta

522 871 682 935 facultates
705 874 864 952 praefatas,
882 881 911 936 et
926 875 1052 937 illarum
1067 876 1186 952 vigore,
1203 890 1267 936 ser-

521 966 590 1027 vata
613 973 716 1028 tamen
744 967 869 1030 illarum
892 969 989 1030 formai
1017 968 1207 1046 exequendis
1229 982 1267 1028 ex

522 1058 631 1136 quovis
663 1059 723 1120 alio
750 1069 929 1139 praetextu,
952 1062 1003 1123 vel
1032 1061 1140 1140 quovis
1165 1060 1268 1121 colore

522 1167 577 1228 per
598 1167 810 1232 quoscumque
831 1155 889 1216 loci
912 1155 1101 1230 ordinarios,
1117 1169 1172 1216 seu
1193 1152 1267 1213 alios

521 1245 708 1322 superiores,
731 1255 762 1308 et
784 1247 899 1310 iudices
918 1248 1138 1311 ecclesiasticos
1158 1253 1189 1309 et
1204 1261 1268 1308 sae·

522 1337 642 1400 culares
664 1339 772 1417 quavis
793 1341 976 1403 auctoritate
1000 1341 1179 1420 fungentes,
1203 1354 1267 1400 mo-

522 1430 637 1504 lestari,
660 1433 851 1509 perturbari,
875 1435 925 1496 vel
947 1435 1115 1514 inquietari
1136 1433 1268 1496 nullate·

523 1541 582 1585 nus
603 1540 700 1603 posse.
725 1525 836 1606 Sisque
862 1527 893 1588 in
922 1528 1097 1606 praemissis
1111 1543 1166 1606 per
1177 1543 1267 1605 quos-

523 1633 658 1696 cumque
678 1617 939 1694 indicassemus
956 1623 1010 1695 eis,
1027 1631 1058 1684 et
1079 1636 1187 1683 eorum
1203 1621 1267 1682 cui-

523 1709 597 1772 libet
621 1711 733 1788 quavis
758 1711 846 1774 aliter
874 1712 1029 1775 iudicandi
1054 1721 1086 1775 et
1115 1714 1267 1791 interpre-

523 1804 608 1864 tandi
636 1803 780 1867 facultate
802 1814 832 1867 et
854 1807 1053 1882 auctoritate,
1083 1806 1208 1870 iudicari
1237 1813 1267 1868 et

522 1896 645 1958 definiri
660 1898 783 1973 debere,
799 1915 832 1960 ac
847 1899 971 1960 irritum
985 1907 1016 1962 et
1033 1901 1125 1962 inane
1139 1899 1164 1960 si
1179 1916 1267 1962 secus

521 2005 615 2068 super
635 1991 683 2052 bis
703 2009 719 2052 a
740 2007 913 2070 quoquam,
940 1994 1047 2070 quavis
1072 1993 1265 2067 auctoritate,

520 2081 655 2144 scienter
666 2083 716 2144 vel
728 2085 918 2162 ignoranter,
931 2087 1097 2162 contigerit
1109 2087 1264 2148 attentari.

292 2180 502 2280 ¹moottaisganttum
562 2179 581 2251 ἓ
610 2177 656 2239 te.
687 2177 756 2240 Non
785 2179 978 2241 obstantibus
1009 2181 1201 2259 praemissis,
1233 2197 1267 2242 ac

522 2270 684 2347 quibusvis
704 2271 953 2334 costitutionibus
974 2281 1005 2334 et
1021 2272 1283 2335 ordinationibus-

521 2363 705 2440 apostolicis,
722 2370 752 2425 et
773 2371 927 2442 quatenus
948 2381 1025 2443 opus
1046 2366 1085 2426 sit
1106 2367 1212 2428 nostra
1230 2366 1266 2428 de

522 2471 586 2518 non
597 2457 800 2519 concedendis
816 2456 1018 2534 indulgentiis
1033 2459 1069 2520 ad
1085 2458 1192 2534 instar,
1208 2465 1268 2520 sta·

523 2549 610 2624 tutis,
633 2558 665 2611 et
685 2551 977 2625 consuetudinibus,
1001 2551 1174 2630 ceterisque
1195 2567 1268 2613 con-

524 2643 625 2704 trariis
646 2643 903 2722 quibuscumque.

290 2797 298 2838 ι
347 2741 502 2818 praefinitur
562 2736 649 2812 §Vb
674 2736 891 2798 Praesentibus
918 2737 954 2798 ad
983 2737 1096 2814 viginti
1123 2753 1220 2800 annos
1251 2755 1266 2799 a

301 2804 390 2850 emptis
402 2806 502 2842 ΟΟΠῦΘδ·

289 2847 399 2896 sianum.

523 2830 585 2892 fine
606 2830 735 2892 aliorum
759 2829 873 2906 viginti
895 2847 1063 2906 annorum,
1080 2833 1115 2893 ad
1137 2847 1214 2908 quos
1228 2833 1267 2892 si-

521 2924 611 2986 miles
633 2923 748 3000 gratiae
760 2941 775 2984 a
787 2923 839 2985 fel.
853 2940 914 2987 reo.
928 2925 1102 2987 Alexandro
1117 2926 1172 2988 ΡΡ.
1187 2925 1264 2988 Vlll.

521 3017 754 3096 praedecessore
776 3025 883 3079 nostro
897 3033 1057 3081 concessae
1078 3019 1206 3082 fuerunt
1223 3020 1269 3082 in·

522 3111 685 3184 choandos,
709 3118 831 3172 tanturn
854 3111 1005 3174 valituris.

562 3205 650 3280 §Vl
675 3203 828 3266 Volumus
850 3213 955 3268 autem
974 3215 1008 3268 ut
1025 3206 1163 3284 ipsarum
1184 3223 1268 3286 prae-

521 3297 658 3359 sentium
673 3297 849 3360 litterarum
865 3301 1078 3378 transumptis
1093 3317 1148 3362 scu
1163 3317 1268 3362 exem·

522 3390 591 3470 plis,
606 3390 700 3450 etiam
715 3389 883 3468 impressis,
901 3407 997 3453 manu
1012 3392 1141 3456 alicuius
1156 3394 1269 3454 notarii

522 3484 647 3562 publici,
662 3483 715 3544 vel
736 3484 891 3546 secretarii
913 3483 1012 3546 diotae
1028 3484 1186 3548 Societatis
1198 3487 1270 3549 sub-

522 3579 655 3656 scriptis,
672 3585 703 3640 et
716 3577 819 3653 sigillo
835 3577 998 3656 praepositi
1020 3579 1175 3654 generatis
1188 3580 1268 3643 eius-

523 3673 593 3734 dem
626 3669 803 3744 Societatis,
832 3670 882 3730 vel
909 3670 1037 3733 alterius
1066 3687 1214 3750 personae
1236 3673 1268 3735 in

523 3764 723 3827 ecclesiastici
751 3763 900 3840 dignitate
921 3765 1106 3826 constitutae
1125 3765 1268 3841 munitis,

523 3860 630 3919 eadem
654 3873 780 3935 prorsus
806 3856 881 3918 fides
914 3856 1104 3935 ubicumque
1131 3857 1270 3921 locorum

523 3951 682 4024 habeatur,
702 3963 781 4026 quae
803 3949 969 4011 baberetur
990 3951 1106 4012 eisdem
1128 3967 1272 4030 praesen-

524 4045 617 4120 tibus,
633 4043 658 4104 si
674 4043 775 4103 forent
791 4041 945 4102 exhibitae
966 4042 1016 4103 vel
1037 4050 1188 4106 ostensae.

563 4139 675 4198 flatum
690 4135 816 4208 Itomae,
828 4135 908 4212 apud
924 4133 955 4196 S.
968 4134 1094 4196 Mariam
1111 4137 1268 4212 Maiorem,

523 4230 580 4292 sub
591 4227 710 4290 annulo
732 4227 903 4301 Piscatoris,
920 4226 969 4288 die
984 4241 1063 4288 xxvi.
1086 4231 1271 4308 septembris

524 4337 700 4396 succutit,
723 4319 920 4399 pontificatus
941 4321 1040 4381 nostri
1065 4337 1147 4384 auno
1168 4338 1237 4384 vni.

779 4465 1018 4476 Ἠ

833 4562 957 4625 xxvtt.

526 4699 840 4782 Coatfrutcrnitotcm
855 4697 1145 4776 Stourupiqiortcm
1162 4697 1271 4761 rotfre-

564 4796 599 4856 ui
622 4794 708 4854 ritus
736 4792 861 4868 Leopolf
890 4799 1027 4852 erectam
1054 4799 1082 4853 ct
1113 4792 1271 4854 illaudata-

564 4887 653 4947 rrum
680 4883 712 4946 S.
740 4883 902 4960 Ortoplttv'i
931 4882 973 4944 od
1003 4883 1095 4945 illota
1124 4890 1271 4960 spectans

564 4979 679 5040 ssirrtff
701 4997 720 5040 o
742 4976 971 5038 iurisdictione
988 4975 1136 5053 Episcopi
1158 4975 1272 5052 Leopo-

565 5074 688 5142 liensis,
712 5079 806 5148 utque
829 5071 865 5131 in
887 5070 1024 5132 tutelam
1046 5086 1139 5131 suunt
1161 5077 1191 5131 et
1216 5069 1272 5132 So-

565 5183 638 5230 croe
664 5163 928 5244 Couqrcqutt'onis
950 5163 1087 5239 suscipit
1109 5161 1165 5241 (l).

729 5331 915 5401 stumfius
938 5331 1067 5400 rr.xt

667 5455 1130 5525 mmmmmwm

568 5637 729 5698 Pastomlis
750 5635 843 5697 oflicii
865 5649 954 5708 cura,
978 5631 1099 5694 meritis
1123 5631 1194 5692 licet
1216 5631 1275 5691 im-

526 5731 661 5810 paribus,
685 5729 774 5791 nobis
797 5745 835 5790 ex
856 5727 917 5788 alto
943 5725 1104 5788 commissa
1125 5723 1272 5802 postulat,

1043 571 1105 616 lUR·
1131 571 1221 616 Port'r.
1246 569 1287 614 DE
1309 569 1337 614 P·
1362 569 1390 615 F.
1415 572 1498 618 PARS
1521 571 1541 614 l.

1323 696 1358 752 ut
1380 704 1413 750 ea
1435 705 1514 767 quae
1536 689 1658 768 piorum
1683 689 1823 752 locorum
1845 683 2067 764 quorumlibet,

1323 783 1504 860 praesertim
1533 783 1824 845 confraternitatum
1846 796 1879 842 ac
1904 780 2069 841 domorum

1323 875 1516 952 regularium
1538 876 1705 954 tranquillo
1720 873 1813 938 statui
1834 871 1979 950 felicique
1999 885 2070 949 pro-

1323 969 1442 1045 gressui
1473 972 1671 1045 conducunt,
1706 969 1838 1030 libenter
1868 965 2070 1028 concedamus

1323 1069 1415 1143 prout
1443 1064 1475 1126 in
1505 1064 1636 1126 llomino
1667 1061 1875 1141 conspicimus
1903 1057 2069 1122 salubriter

1324 1157 1481 1234 expedire.
2063 1209 2072 1220 f

1363 1251 1381 1326 ἓ
1405 1251 1430 1310 l.
1449 1249 1555 1328 ltaque
1567 1250 1693 1312 dilectos
1706 1249 1784 1312 fllios
1795 1247 1938 1312 officiales
1953 1253 1984 1308 et
1998 1260 2071 1308 con·

1323 1341 1432 1405 fratres
1445 1343 1713 1406 confraternitatis
1722 1342 1976 1420 Stauropigianae
1990 1355 2070 1400 uun·

1324 1441 1450 1512 cupatae
1478 1435 1696 1498 liutbenorum
1724 1451 1796 1498 cum
1818 1435 1849 1498 S.
1874 1433 1910 1494 n.
1938 1432 2070 1494 Ecclesia

1324 1528 1487 1590 unitorum
1509 1529 1540 1590 in
1556 1529 1681 1591 civitate
1696 1528 1889 1606 Leopoliensi
1905 1527 1963 1590 sub
1978 1525 2069 1588 titulo

1323 1635 1376 1683 seu
1400 1622 1594 1684 invocatione
1616 1622 1845 1701 assumptionis
1871 1621 1981 1682 Beatae
2009 1619 2069 1681 lda-

1323 1713 1387 1774 riae
1408 1713 1545 1790 Virginis
1566 1715 1725 1789 canonice,
1748 1721 1783 1777 ut
1804 1715 1963 1786 asseritur,
1986 1729 2068 1774 erec-

1324 1814 1383 1880 tae,
1406 1823 1463 1868 nec
1478 1823 1541 1870 non
1563 1809 1730 1870 monachos
1750 1808 1930 1870 monasterii
1945 1807 1975 1870 S.
1987 1807 2070 1870 Onu·

1324 1899 1405 1978 pbrii
1427 1901 1583 1962 Eremitae
1604 1902 1737 1964 nationis
1753 1903 1935 1965 eorumdem
1952 1901 2068 1964 Rotna-

1324 2008 1437 2054 norum
1470 2009 1565 2072 prope
1594 2002 1624 2056 et
1658 2003 1744 2058 extra
1775 1994 1899 2058 moenia
1931 1994 2068 2057 eiusdem

1322 2085 1454 2148 civitatis
1474 2085 1524 2149 siti
1539 2095 1570 2148 et
1584 2089 1620 2150 ad
1642 2089 1754 2151 dictam
1776 2088 2069 2152 Confraternitatem

1322 2180 1507 2256 spectantis,
1535 2188 1570 2242 ut
1591 2181 1755 2258 apostolico
1776 2181 1928 2260 praesidio
1949 2180 2070 2242 suffulti

1323 2287 1338 2331 a
1360 2272 1520 2350 quibusvis
1535 2274 1821 2352 perturbationibus
1835 2283 1867 2336 et
1882 2275 2070 2351 gravamini-

1324 2363 1380 2427 bus
1401 2365 1585 2429 releventur
1602 2375 1634 2428 et
1656 2368 1689 2429 in
1711 2369 1763 2430 suri
1785 2368 1946 2429 vocatione
1961 2367 2069 2430 utilius

1323 2467 1540 2536 perseverent;
1563 2461 1744 2538 specialibus
1766 2461 1923 2522 favoribus
1944 2468 1975 2523 et
2003 2477 2071 2538 gra·

1325 2551 1374 2612 tiis
1397 2553 1543 2630 prosequi
1569 2553 1724 2629 volentes,
1747 2561 1909 2617 eteorum
1933 2554 2070 2631 singula-

1324 2660 1373 2706 res
1393 2660 1540 2723 personas
1561 2646 1754 2723 aquibusvis
1775 2647 2070 2710 excommunicatio-

1325 2737 1385 2810 nis,
1407 2737 1618 2814 suspensionis
1637 2746 1667 2800 et
1683 2739 1850 2815 interdicti,
1873 2740 2003 2818 aliisque
2023 2757 2070 2802 ec·

1324 2829 1497 2892 clesiasticis
1518 2832 1693 2906 sententiis,
1714 2833 1854 2894 censuris
1875 2839 1906 2895 et
1927 2833 2034 2912 poenis
2055 2851 2070 2894 a

1325 2921 1392 2984 iure
1415 2923 1464 2986 vel
1488 2925 1525 2986 ab
1545 2925 1673 2986 bomine
1701 2926 1810 3004 quavis
1841 2927 1999 2990 occasione
2020 2927 2071 2988 vel

1324 3017 1412 3078 causrl
1434 3013 1512 3091 latis,
1539 3017 1564 3079 si
1590 3019 1702 3096 quibus
1727 3019 1959 3096 quomodolibet
1981 3021 2071 3082 inno·

1324 3108 1410 3170 datae
1437 3110 1594 3184 existunt,
1624 3113 1659 3174 ad
1685 3111 1831 3174 effectum
1858 3113 2071 3190 praesentium

1325 3203 1482 3264 dumtaxat
1504 3203 1770 3282 consequendum,
1787 3205 1899 3267 barum
1919 3205 2000 3268 serie
2021 3206 2070 3268 ab·

1324 3295 1491 3370 solventes,
1513 3304 1543 3358 et
1557 3298 1710 3360 absolutas
1731 3297 1796 3360 lore
1811 3307 1984 3374 censentes,
2001 3317 2071 3378 sup-

1325 3389 1540 3468 plicationibus
1572 3407 1681 3452 eorum
1708 3392 1835 3454 nomine
1863 3391 1952 3453 nobis
1978 3408 2072 3472 super

1326 3482 1383 3544 boc
1413 3484 1576 3545 humiliter
1597 3484 1745 3562 porrectis
1769 3483 1921 3559 inclinati,
1944 3485 2073 3548 Confra-

1327 3577 1507 3638 ternitatem
1529 3577 1731 3654 praedictam,
1762 3577 1908 3656 illiusque
1928 3576 2072 3640 officiales

1326 3677 1357 3732 et
1378 3669 1559 3744 confratres,
1576 3685 1609 3730 ac
1625 3671 1790 3732 monachos
1812 3671 1948 3750 aliasque
1969 3687 2073 3749 perso·

1327 3777 1381 3824 nas
1402 3763 1549 3841 praedicti
1571 3763 1764 3838 monasterii,
1785 3779 1957 3844 eorumque
1979 3771 2073 3826 reret

1327 3855 1406 3916 bona
1437 3871 1650 3934 quaecumque
1679 3863 1821 3918 nuncet
1848 3873 1903 3935 pro
1932 3865 2074 3935 tempore

1326 3949 1498 4023 existentia,
1512 3948 1549 4009 ab
1570 3948 1657 4010 omni
1672 3955 1703 4010 et
1718 3965 1914 4029 quacumque
1936 3951 2072 4012 iurisdic-

1327 4041 1423 4116 tione,
1440 4041 1642 4116 correctione,
1656 4041 1845 4118 visitatione,
1857 4043 2073 4123 superioritate

1326 4143 1358 4196 et
1379 4141 1530 4214 potestate
1552 4135 1694 4198 moderni
1716 4143 1747 4196 et
1767 4151 1822 4214 pro
1848 4143 1988 4214 tempore
2010 4136 2073 4198 exi·

1327 4227 1438 4290 stantis
1468 4227 1608 4307 Episcopi
1636 4226 1847 4307 Leopoliensis
1878 4228 2017 4291 liutbeni
2039 4230 2075 4291 il-

1328 4322 1449 4400 liusqoe
1464 4321 1643 4384 officialium
1654 4329 1685 4382 et
1696 4321 1914 4384 ministrorum
1925 4338 2074 4400 quorum·

1328 4431 1473 4494 cumque,
1486 4415 1647 4494 apostolica
1662 4416 1855 4490 auctoritate,
1868 4423 1978 4478 tenore
1989 4432 2076 4494 prae-

1328 4511 1478 4584 sentium,
1503 4516 1565 4570 tam
1586 4509 1761 4570 universim
1782 4525 1874 4587 qnam
1889 4509 2074 4586 singillatim

1329 4611 1478 4682 perpetuo
1500 4602 1666 4664 eximimus
1687 4611 1717 4664 et
1740 4603 1917 4677 liberamus,
1940 4602 2075 4682 illosque

1328 4703 1359 4758 et
1380 4697 1446 4756 illas
1477 4696 1535 4756 sub
1556 4697 1589 4756 Β.
1614 4697 1709 4770 Petri,
1738 4713 1772 4758 ac
1794 4696 1898 4758 nostra
1930 4705 1961 4758 et
1988 4697 2075 4760 Sedis

1329 4788 1531 4868 apostolicae,
1547 4795 1577 4850 et
1589 4790 1847 4866 congregationis
1858 4805 1929 4850 ven.
1941 4788 2075 4851 fratrum

1330 4891 1511 4944 nostrornm
1534 4883 1564 4946 S.
1584 4883 1620 4944 R.
1648 4885 1682 4944 E.
1708 4883 1920 4946 Cardinalium
1943 4882 2075 4960 negotiis
2115 4960 2117 4966 ,

1330 4975 1545 5053 Propagandac
1566 4975 1652 5037 Fidei
1673 4975 1863 5054 praepositae
1884 4976 2074 5054 protectione

1329 5069 1526 5146 suscipimus,
1550 5069 1700 5147 nobisque
1721 5079 1752 5130 et
1773 5085 1829 5147 pro
1852 5077 1991 5146 tempore
2012 5069 2077 5130 exi·

1330 5163 1425 5222 stenti
1446 5162 1584 5223 Romano
1612 5163 1754 5224 Pontifici
1783 5171 1813 5225 ct
1836 5162 2076 5239 congregationi

1330 5254 1481 5333 praefatae
1502 5256 1596 5316 ctiam
1619 5265 1769 5335 perpetuo
1790 5256 1983 5330 subiicimus,
1999 5256 2077 5316 itaut

1331 5351 1499 5410 modernus
1521 5355 1552 5410 et
1574 5365 1628 5428 pru
1641 5357 1780 5428 tempore
1801 5351 1938 5412 existens
1953 5349 2078 5428 Episco-

1331 5458 1388 5520 pus
1403 5441 1576 5521 praedictus
1592 5445 1719 5522 eiusque
1735 5443 1879 5505 oflioiales
1893 5451 1925 5506 et
1940 5442 2077 5504 ministri

1332 5535 1427 5598 ullam
1449 5536 1559 5615 quovis
1586 5545 1748 5615 praetextu
1770 5543 1801 5598 et
1823 5553 1861 5597 ex
1882 5552 2078 5614 quacumque

1331 5631 1420 5692 causti
1441 5631 1474 5692 in
1502 5631 1816 5705 Confraternitatem,
1850 5629 2076 5692 monasterium

1332 5729 1363 5784 et
1384 5723 1551 5785 monachos
1582 5722 1753 5798 eiusmodi,
1777 5738 1949 5800 eorumque
1977 5737 2025 5783 res
2047 5729 2078 5782 et

569 5945 599 6000 (1)
615 5948 651 5988 bx
666 5944 721 5989 Bul.
738 5945 762 5987 P.
779 5943 810 5987 de
825 5947 849 5989 P.
866 5945 892 5988 l'.
907 5952 964 5998 app.
982 5942 1029 5987 rol.
1046 5945 1074 5998 t,
1088 5953 1146 5999 pag.
1161 5944 1209 5997 ³78,
1224 5941 1311 5986 collat.
1328 5951 1386 5986 euin
1402 5943 1464 5994 fleg.
1481 5943 1520 5983 nr.

2100 538 2154 592 Aa.
2168 537 2198 590 G.
2221 537 2291 589 1709
