4836 6998
347 559 399 611 An.
415 562 445 612 d.
466 561 534 612 1732
585 561 644 624 1133

565 698 771 760 discretorum
802 699 1013 761 etmalorum
1044 697 1309 770 infirmariorum,

566 809 600 852 ac
627 801 861 870 procuratorum
884 794 1108 870 cuiuscumque
1139 791 1250 852 domus
1281 795 1311 850 et

566 885 724 962 hospitalis
748 893 886 962 spectare
913 885 947 946 ad
965 886 1124 961 religiosos
1152 885 1260 945 domus
1282 888 1312 942 et

565 978 724 1056 hospitalis
756 979 933 1042 huiusmodi
961 981 995 1042 ad
1026 979 1159 1040 lormam
1189 991 1311 1038 earum-

567 1073 637 1133 dem
653 1072 914 1134 constitutionum
942 1080 1050 1134 votum
1074 1070 1238 1144 babentes3
1261 1084 1312 1128 ve·

566 1180 649 1238 rum,
675 1165 745 1242 quia
767 1165 956 1243 experientis
987 1163 1188 1243 quadraginta
1212 1168 1243 1222 et
1268 1157 1313 1221 ul·

566 1265 613 1320 tra
634 1273 790 1320 annorum
811 1267 1005 1336 compertum
1026 1266 1109 1330 erat,
1132 1254 1313 1334 quamplura

566 1352 820 1413 inconvenientia
842 1353 874 1414 13
898 1352 1119 1430 praeiudicium
1144 1349 1239 1410 etiam
1267 1365 1314 1408 re·

568 1444 683 1520 gularis
704 1445 917 1507 observantiae
938 1453 1005 1508 orta
1026 1445 1119 1508 luisse
1140 1460 1173 1504 ac
1195 1443 1227 1502 in
1251 1441 1315 1502 dies

567 1537 642 1598 oriri
658 1553 696 1598 ex
711 1539 865 1616 praedicto
880 1539 970 1600 modo
986 1537 1114 1600 faciendi
1130 1535 1222 1597 dictas
1237 1533 1316 1596 elec-

568 1631 677 1704 tiones,
700 1631 769 1693 ideo
791 1632 823 1693 in
844 1633 954 1694 eodem
975 1631 1109 1709 capitulo
1124 1627 1262 1705 generali
1283 1628 1314 1687 in

567 1724 690 1786 civitate
722 1725 874 1787 llexicani
905 1741 1013 1786 mense
1044 1723 1199 1786 februario
1234 1735 1315 1781 anno

569 1833 749 1892 noccxxx,
764 1819 800 1880 ad
821 1819 1048 1880 occurrendum
1069 1813 1246 1878 huiusmodi
1265 1813 1315 1873 ab·

569 1909 669 1972 surdis
691 1918 721 1972 et
749 1912 1062 1984 inconvenientibus,
1085 1925 1139 1987 per
1160 1906 1317 1986 pluralita-

570 2011 633 2065 tem
654 2005 873 2081 sutiragiorum
901 2005 1074 2066 resolutum
1100 2003 1210 2075 luerat,
1234 1997 1314 2076 quod

569 2097 617 2158 ius
638 2097 773 2174 eligendi
789 2098 884 2160 dictos
899 2097 1099 2177 praelectum,
1116 2093 1318 2172 vicepraelec-

569 2203 649 2268 tum,
673 2195 829 2270 discretos,
843 2197 973 2256 maiores
995 2194 1180 2256 infirmarios
1202 2198 1232 2250 et
1247 2201 1316 2264 pro·

569 2297 724 2350 curatores
760 2291 983 2368 cuiuscumque
1017 2287 1127 2350 domus
1158 2287 1316 2365 pertinere

568 2381 694 2444 deberet
705 2381 739 2442 ad
752 2383 940 2462 praelectum
954 2381 1131 2460 generalem
1143 2389 1173 2443 et
1185 2387 1317 2458 quatuor

569 2477 749 2538 definitores
780 2477 940 2553 generales
968 2477 1028 2538 unt
1054 2492 1126 2538 cum
1151 2473 1317 2536 secretario

569 2571 705 2647 generali
727 2579 758 2633 et
779 2571 932 2648 praelecto
953 2571 1062 2632 domus
1082 2570 1135 2631 ubi
1157 2568 1223 2628 steri
1245 2581 1316 2628 con-

568 2667 668 2741 tingat
689 2663 867 2726 huiusmodi
895 2665 1074 2738 electiones,
1101 2678 1223 2725 necnon
1245 2675 1315 2721 cum

569 2758 688 2820 duobus
710 2759 776 2820 aliis
802 2759 953 2836 religiosis
974 2759 1027 2836 qui
1056 2773 1172 2818 munus
1193 2755 1243 2816 vel
1265 2771 1318 2830 ge·

568 2851 694 2926 neralis,
717 2851 768 2912 vel
789 2853 957 2915 assistentis
979 2851 1143 2928 generalis,
1163 2849 1214 2910 vel
1235 2849 1318 2910 vice·

569 2945 732 3021 generalis,
755 2945 806 3007 vel
827 2945 972 3024 praelecti
993 2945 1122 3007 alicuius
1141 2943 1249 3005 domus
1265 2941 1317 3002 ob·

569 3038 676 3112 ierint,
700 3039 746 3100 bis
768 3039 912 3101 omnibus
933 3038 1160 3112 deficientibus,
1176 3052 1247 3098 cum
1268 3051 1316 3096 re·

569 3131 685 3208 ligiosis
706 3134 803 3210 magis
823 3133 972 3205 antianis,
995 3149 1072 3209 3333
1093 3131 1222 3214 reperiri
1245 3145 1318 3192 con-

568 3225 669 3300 tingat
690 3225 722 3288 in
744 3227 846 3302 domo,
863 3228 894 3288 13
916 3245 975 3305 qua
998 3227 1065 3288 steri
1087 3226 1217 3288 debeant
1239 3224 1318 3285 elec-

569 3319 671 3380 tiones
692 3321 876 3397 praedictae,
899 3321 985 3382 etad
1008 3336 1057 3381 eas
1084 3319 1315 3398 procedendum

569 3420 649 3474 esset
671 3429 725 3490 per
754 3415 940 3476 scrutinium
963 3422 995 3475 et
1023 3420 1094 3475 vota
1123 3412 1316 3487 secretana

570 3515 673 3568 tamen
696 3515 731 3568 31
751 3521 790 3568 ex
811 3509 899 3569 novis
921 3509 1084 3584 suliragiis,
1105 3515 1140 3568 ut
1160 3522 1251 3584 supra
1267 3507 1317 3566 ad·

569 3600 726 3676 bibendis,
756 3603 894 3679 quinque
922 3617 977 3680 pro
997 3602 1149 3664 electione
1171 3597 1316 3661 canonica

568 3693 738 3756 sufficiant:
753 3702 784 3755 et
801 3695 950 3756 incudem
965 3694 1156 3772 expositione
1170 3692 1317 3753 subiunc-

571 3793 613 3861 to,
627 3787 707 3864 quod
724 3789 755 3849 in
774 3788 927 3864 praedicto
945 3787 1077 3864 capitulo
1094 3785 1232 3863 generali
1246 3799 1315 3844 san·

570 3881 668 3942 citum
683 3881 793 3956 iuerat,
807 3882 887 3959 quod
899 3881 1051 3944 eiusmodi
1066 3881 1233 3942 electiones
1248 3878 1315 3939 steri

570 3973 700 4036 debeant
723 3975 760 4036 de
784 3975 920 4036 triennio
942 3975 973 4035 in
997 3974 1180 4047 triennium,
1204 3973 1317 4048 absque

569 4083 606 4128 eo
627 4069 708 4146 t1uod
730 4069 889 4146 prorogavi
911 4068 1039 4147 possint,
1057 4083 1115 4129 nec
1136 4065 1218 4145 quod
1234 4065 1317 4127 ullus

570 4160 602 4220 in
615 4160 802 4239 praelectum
812 4162 950 4224 eiusdem
967 4164 1076 4224 doinus
1088 4160 1202 4236 reelegi
1213 4163 1315 4236 queat,

570 4261 611 4322 ita
632 4261 726 4340 quod,
748 4261 773 4321 si
796 4261 968 4323 triennium
990 4261 1189 4339 expiraverit,
1207 4265 1237 4319 et
1252 4273 1315 4318 non

570 4355 705 4432 potuerit
726 4357 765 4417 ob
779 4355 951 4417 absentiam
966 4354 1060 4432 patris
1081 4353 1233 4430 generalis
1248 4367 1317 4430 pro-

571 4448 636 4508 cedi
657 4449 693 4510 ad
715 4449 882 4527 praedictas
904 4449 1087 4524 electiones,
1110 4464 1166 4508 seu
1188 4447 1316 4508 alteram

571 4557 610 4602 ex
631 4540 703 4616 illis,
727 4549 800 4602 tunc
821 4541 1045 4618 vicegeneralis
1071 4557 1142 4603 cum
1163 4541 1226 4602 suis
1247 4540 1317 4600 assi-

570 4636 723 4698 stentibus
744 4635 839 4711 eligat
861 4651 916 4712 per
936 4635 1135 4708 scrutinium,
1158 4643 1192 4696 ut
1213 4649 1315 4712 supra,

572 4733 798 4812 praesidentem
821 4731 903 4792 illius
932 4733 1041 4792 domus
1062 4745 1116 4790 seu
1139 4729 1316 4801 domorum,

572 4843 650 4907 quate
665 4829 816 4907 praelecto
839 4827 1027 4902 indigerent,
1045 4827 1141 4888 donec
1157 4824 1318 4902 perveniat

572 4923 692 4983 litterae
724 4927 863 4999 patentes
895 4919 984 4980 electi
1012 4918 1063 4978 vel
1093 4917 1263 4978 electorum
1286 4918 1317 4977 in

572 5015 763 5094 praelectum
791 5030 845 5075 seu
874 5013 1058 5091 praelectus3
1081 5019 1113 5071 et
1134 5011 1191 5071 boc
1218 5011 1317 5088 ipsum

571 5111 760 5170 servandum
788 5107 881 5168 sitin
903 5125 973 5169 3333
1002 5105 1104 5166 331133
1125 5103 1174 5163 vel
1203 5119 1320 5166 renun-

571 5204 709 5265 ciationis
730 5202 886 5264 dictorum
908 5201 1097 5275 electorum,
1120 5206 1151 5258 et
1168 5199 1200 5260 13
1214 5199 1318 5260 33333-

572 5299 612 5359 113
634 5297 727 5374 patris
749 5295 902 5371 generalis
917 5295 1010 5371 possit
1032 5293 1254 5369 vicegeneralis
1270 5293 1319 5352 ad·

572 5391 697 5452 mittere
720 5390 794 5450 tales
815 5387 1083 5456 renunciationes,
1113 5386 1255 5448 iniuncto
1278 5395 1320 5446 ta-

572 5501 645 5546 men
668 5483 769 5545 eidem
785 5498 880 5542 onere
901 5479 1087 5542 certiorandi
1102 5481 1220 5542 dictuxn
1236 5495 1323 5558 prac-

572 5575 688 5637 iectum
711 5572 900 5649 generalem,
918 5578 963 5644 ut,
979 5571 1099 5632 servata
1114 5570 1211 5632 lormd
1233 5589 1322 5650 supe-

572 5669 636 5728 rius
652 5667 804 5743 expressi,
821 5665 913 5742 possit
928 5665 962 5726 ad
979 5663 1144 5724 electiones
1160 5666 1319 5738 devenire,

574 5768 609 5821 ut
623 5759 721 5821 fusius
733 5758 900 5820 lrabebatur
911 5773 950 5818 ex
963 5757 1108 5835 particuli
1125 5757 1320 5818 resolutionis

574 5862 678 5930 captae
693 5853 725 5911 in
744 5851 852 5912 eodem
874 5850 1006 5928 capitulo
1031 5849 1186 5925 generali:
1204 5866 1238 5910 ac
1253 5865 1321 5927 pro-

575 5944 647 6006 inde
669 5960 723 6021 pro
738 5953 824 6021 parte
838 5942 991 6006 vocalium
1013 5943 1176 6003 memorati
1196 5942 1321 6021 capituli

1089 581 1154 626 tb'tt.
1178 579 1269 624 Portu.
1294 579 1334 622 DE
1355 578 1384 624 P.
1408 579 1436 624 F·
1461 579 1543 625 PARS
1565 579 1586 624 t.

2145 562 2202 615 An.
2216 563 2249 614 0.
2273 561 2341 616 1732

1367 696 1519 772 generalis
1531 697 1631 760 eidem
1644 699 1887 776 Congregationi
1904 699 2115 763 Cardinalium

1367 789 1547 870 supplicato,
1571 797 1617 865 ut,
1640 792 1762 870 praevii
1784 793 1984 870 derogatione
2004 795 2115 855 consti-

1369 883 1528 944 tutionum
1540 883 1661 946 Ordinis
1678 885 1708 945 in
1722 885 1802 946 dicto
1813 885 1947 964 capitulo
1963 891 2034 960 xx.§
2053 887 2114 960 td,

1368 976 1553 1053 praedictam
1586 977 1810 1039 resolutionem
1838 981 2053 1054 consumaret,
2079 982 2115 1041 ad

1369 1071 1425 1130 boc
1447 1074 1482 1130 31
1503 1069 1679 1130 executioni
1701 1070 1879 1132 demandari
1902 1072 2010 1149 possit:
2035 1088 2116 1132 enra-

1370 1162 1455 1223 navit
1476 1178 1492 1221 3
1513 1163 1663 1238 praedicta
1692 1164 1943 1240 congregatione
1972 1166 2118 1228 Cardine-

1371 1255 1446 1316 lium
1469 1257 1629 1318 decretum
1646 1259 1762 1319 tenoris
1777 1261 1936 1336 sequentis
1951 1259 2115 1322 videlicet:

1411 1442 1499 1504 Sacra
1521 1443 2115 1521 3333333333331333333333331
2216 1458 2350 1517 barsina

1371 1537 1702 1600 reverendissimorum
1732 1539 1763 1602 S.
1781 1541 1815 1602 ll.
1834 1541 1868 1601 11.
1894 1542 2115 1618 cardinalium,
2136 1511 2351 1620 ξὲἶῖηἷῗὲῗῗ

1371 1630 1503 1706 negotiis
1532 1639 1563 1693 et
1589 1633 1867 1696 consultationibus
1894 1635 2117 1714 Episcoporum
2136 1616 2209 1664 Μ’·

1371 1731 1401 1784 31
1423 1723 1624 1800 Regularium
1647 1729 1845 1804 praepositae,
1862 1731 1897 1792 ad
1916 1745 2009 1806 quarn
2030 1746 2118 1791 sanc-

1373 1816 1509 1879 tissimus
1530 1817 1675 1881 dominus
1697 1829 1803 1882 noster
1825 1821 1968 1884 Clemens
1989 1821 2034 1884 PP
2049 1825 2114 1886 llll.

1371 1909 1512 1972 libellum
1535 1913 1665 1988 remisit,
1681 1921 1799 1976 attento
1814 1916 1960 1992 sutlragio
1975 1919 2119 1980 eminen-

1372 2003 1482 2064 tissimi
1505 2005 1673 2068 Cardinalis
1695 2007 1775 2082 Pico,
1805 2008 1931 2072 Ordinis
1948 2011 2118 2074 Bethlemi-

1373 2105 1473 2160 tarum
1495 2101 1571 2178 apud
1589 2102 1731 2164 Sanctam
1748 2105 1859 2168 Sedem
1875 2108 2068 2184 protectoris,
2084 2125 2119 2170 ac

1371 2209 1405 2252 re
1429 2194 1563 2270 undique
1585 2205 1707 2258 mature
1721 2197 1864 2274 discussa,
1878 2199 2046 2276 referente,
2064 2218 2118 2280 pro

1371 2285 1619 2348 eminentissimo
1647 2289 1802 2352 Cardinali
1830 2291 1956 2369 Belluga
1982 2303 2118 2372 ponente

1371 2377 1507 2454 absente,
1534 2381 1783 2444 eminentissimo
1809 2385 1962 2448 Cardinali
1981 2387 2120 2449 Barberi-

1372 2473 1416 2548 ni,
1433 2474 1568 2550 benigne
1582 2477 1751 2554 rescripsit:
1776 2479 1898 2556 praevia
1919 2479 2119 2558 derogatione

1371 2582 1435 2643 cap.
1460 2583 1504 2628 1x.
1528 2568 1547 2642 ἓ
1571 2567 1617 2643 16,
1641 2571 1900 2634 constitutionum
1922 2573 1954 2634 13
1970 2575 2003 2634 ea
2019 2583 2117 2652 parte,

1371 2677 1430 2738 qua
1462 2662 1653 2740 disponitur,
1686 2663 1853 2726 electiones
1879 2667 2117 2744 praeteriorum,

1372 2755 1698 2834 vice-praefectorum,
1731 2766 1865 2835 quatuor
1896 2761 2116 2836 discretorum,

1371 2851 1496 2912 maioris
1518 2851 1682 2912 infirmarii
1697 2869 1729 2913 ac
1747 2854 1953 2929 procuratoris
1967 2853 2119 2918 iaciendas

1372 2961 1437 3006 esse
1464 2960 1479 3004 a
1510 2945 1643 3020 singulis
1675 2947 1949 3008 communitatibus
1981 2964 2120 3010 conven-

1373 3045 1480 3111 tuum,
1509 3037 1714 3116 imposterum
1741 3038 1808 3100 illas
1830 3055 1896 3101 esse
1924 3041 2074 3104 iaciendas
2102 3060 2118 3103 a

1372 3131 1520 3208 generali,
1543 3139 1677 3208 quatuor
1704 3132 1931 3208 assistentibus,
1953 3135 2119 3196 secretario

1372 3224 1522 3302 generali,
1545 3224 1699 3303 praelecto
1721 3225 1842 3300 domus,
1865 3227 1917 3288 331
1939 3229 1973 3288 sit
1994 3228 2117 3302 electio,

1372 3325 1403 3379 31
1424 3317 1542 3380 duobus
1564 3317 1727 3392 religiosis,
1740 3317 1793 3396 qui
1814 3319 1931 3380 luerint
1953 3320 2004 3382 vel
2026 3337 2120 3396 gene

1372 3411 1460 3485 rales,
1484 3418 1537 3472 aut
1558 3411 1734 3472 assistentes
1763 3411 1934 3488 generales,
1957 3422 2010 3475 aut
2031 3414 2117 3476 vice-

1372 3505 1543 3581 generales,
1566 3513 1618 3566 aut
1640 3506 1798 3582 praelecti,
1820 3515 1863 3581 et,
1887 3507 1947 3568 illis
1970 3524 2035 3570 non
2055 3510 2120 3570 exi·

1371 3599 1535 3671 stentibus,
1557 3615 1573 3658 a
1595 3597 1745 3674 religiosis
1766 3600 1842 3661 viris
1864 3600 1960 3677 magis
1987 3603 2119 3664 antianis

1370 3693 1510 3753 eiusdem
1531 3691 1653 3766 domus,
1670 3701 1700 3754 et
1715 3693 1823 3754 electio
1839 3694 2029 3770 intelligatur
2043 3695 2118 3757 lacta

1372 3785 1404 3846 in
1431 3801 1593 3862 personam
1625 3786 1691 3846 3133
1719 3786 1772 3863 qui
1800 3787 1942 3847 babuerit
1971 3789 2119 3850 maiorem

1373 3895 1541 3941 numerum
1570 3878 1804 3956 suffragiorum
1840 3881 1920 3957 quod
1951 3881 2119 3944 electiones

1373 3975 1448 4034 bant
1469 3975 1507 4036 de
1530 3973 1666 4033 triennio
1688 3972 1719 4034 in
1749 3973 1922 4035 triennium
1943 3975 2057 4054 absque
2078 3975 2120 4036 ia-

1372 4067 1487 4129 cultate
1508 4083 1557 4127 eas
1578 4067 1781 4143 prorogandi,
1806 4073 1854 4140 et,
1876 4067 1901 4127 si
1923 4069 1997 4129 durn
2025 4069 2116 4146 spirat

1374 4160 1565 4233 triennium,
1595 4160 1633 4220 ob
1661 4159 1830 4221 absentiam
1859 4161 2031 4236 generalis,
2056 4179 2119 4223 333

1373 4252 1562 4333 pervenisset
1582 4253 1718 4330 provisio
1738 4254 1775 4314 ab
1796 4253 1904 4315 eodem
1926 4263 2022 4332 capta,
2046 4264 2120 4319 tunc

1373 4347 1616 4423 vice-generalis
1631 4363 1702 4408 cum
1716 4347 1779 4406 suis
1800 4347 2012 4409 assistentibus
2027 4349 2118 4426 eligat

1372 4441 1599 4521 praesidentem
1615 4441 1697 4502 illius
1720 4441 1840 4514 domuS,
1858 4441 1910 4502 ubi
1927 4449 1991 4502 erat
2007 4441 2119 4502 iacien-

1373 4535 1409 4596 da
1430 4535 1551 4609 electio,
1572 4535 1624 4612 qtri
1647 4550 1715 4596 eam
1730 4535 1884 4609 gubernet
1899 4551 1955 4613 pro
1978 4535 2116 4614 interim3

1373 4633 1453 4710 quod
1476 4631 1535 4690 erit
1556 4629 1783 4689 observandum
1805 4629 1837 4688 in
1858 4643 1929 4690 casu
1951 4630 2052 4690 obitus
2067 4641 2120 4692 aut

1373 4721 1614 4786 renunciationis
1640 4721 1809 4782 electorum
1832 4729 1903 4781 ante
1925 4721 2118 4798 triennium;

1374 4827 1404 4880 et
1425 4819 1506 4896 thod
1528 4816 1567 4876 ob
1588 4815 1759 4876 absentiam
1781 4815 1932 4890 generalis
1955 4815 2054 4876 valeat
2075 4817 2119 4876 vi-

1374 4909 1576 4988 cegeneralis
1599 4909 1763 4970 admittere
1779 4909 2029 4970 renunciationes
2043 4910 2121 4971 elec-

1376 5013 1489 5078 torum,
1510 5017 1582 5064 cum
1604 5001 1792 5076 obligatione
1816 5011 1919 5062 tamen
1941 5000 1979 5062 de
2000 5002 2036 5062 iis
2056 5018 2121 5064 cer-

1374 5097 1505 5160 1133331
1518 5103 1636 5175 patrem
1650 5093 1839 5170 generalem,
1855 5095 1891 5155 ad
1907 5094 1963 5154 boc
1979 5102 2013 5154 ut
2028 5095 2122 5172 possit

1374 5191 1447 5252 dare
1467 5197 1655 5268 opportunas
1678 5188 1886 5266 providentias
1901 5202 1956 5264 pro
1970 5187 2122 5250 electione

1373 5299 1594 5346 successorum.

1416 5379 1540 5451 Romae,
1564 5377 1613 5437 die
1633 5393 1668 5436 n.
1692 5375 1764 5436 maii
1787 5389 1994 5448 nuccxxxn,
2019 5373 2122 5436 Cardi-

1377 5472 1454 5532 nalis
1475 5472 1678 5532 anxctsccs
1699 5469 1918 5529 aneenxxus.

1417 5657 1649 5736 Loco†sigilli.

1576 5845 1598 5907 l.
1623 5843 1764 5922 Arcbiep.
1790 5844 1859 5906 Cor.
1883 5843 2077 5906 secretarius.
