4836 6998
141 561 196 616 An.
210 565 241 618 d.
264 565 331 617 1725

361 703 444 782 quod
467 717 560 765 nemo
586 703 681 780 possit
709 704 885 781 promoveri
913 703 949 765 ad
970 703 1108 764 sacerdo·

363 797 442 859 tium
465 797 524 858 nisi
552 807 620 875 post
645 797 784 876 elapsum
809 795 995 860 decennium
1022 813 1037 856 a
1059 796 1108 858 die

362 891 519 966 ingressus
534 891 566 951 in
588 889 791 966 religionem;
814 891 959 963 secunda,
975 891 1055 968 quod
1072 888 1108 950 ad

360 984 504 1046 ellectum
532 999 566 1043 se
598 983 803 1060 promovendi
833 984 868 1044 ad
903 983 1108 1044 sacerdotium

362 1076 448 1138 nulla
462 1076 577 1138 directe
593 1076 643 1138 rel
658 1075 812 1138 indirecte
825 1077 871 1138 uti
887 1077 979 1154 possit
995 1075 1108 1136 media-

362 1171 446 1232 tione
461 1169 588 1232 alterius
604 1185 752 1246 personae
768 1186 824 1249 pro
834 1169 999 1231 obtinenda
1015 1169 1108 1230 licen·

360 1264 403 1325 tiai
417 1281 432 1322 a
445 1269 531 1340 patre
543 1262 681 1340 generali
692 1269 722 1324 et
733 1262 946 1324 assistentibus
959 1261 1110 1338 generali-

362 1358 430 1430 bus,
453 1358 506 1419 sed
528 1355 658 1433 proponi
681 1355 788 1417 debeat
803 1373 818 1416 a
834 1363 921 1432 patre
942 1355 1109 1434 viee-prae-

362 1450 441 1512 lecto
463 1447 601 1526 generali
621 1452 652 1508 et
667 1447 893 1523 assistentibus,
909 1447 962 1526 qui
977 1447 1110 1510 debeant

362 1543 440 1624 patri
457 1541 593 1620 generali
616 1541 745 1619 eiusque
763 1541 939 1602 delinitorio
961 1541 1027 1604 illas
1042 1557 1110 1618 pcr-

361 1653 451 1698 sonas
471 1634 664 1723 signifioare,
687 1650 761 1710 quas
781 1634 958 1696 huiusmodi
979 1634 1110 1710 dignita·

363 1739 426 1792 tem
448 1727 627 1807 promoveri
653 1743 740 1804 posse
766 1727 971 1803 crediderint3
999 1728 1108 1802 tertia,

361 1821 480 1902 quodsi
492 1821 581 1883 aliter
593 1821 744 1899 quispiam
756 1820 1111 1884 adsacerdotiumluerit

362 1921 536 1995 promotas,
553 1914 618 1991 ipso
633 1912 711 1975 lacto
727 1915 867 1976 incurrat
888 1914 921 1975 in
936 1915 1110 1993 suspensio·

362 2023 467 2072 neura
483 2007 609 2080 divinis,
625 2023 641 2066 a
657 2023 717 2084 qua
739 2007 865 2070 nonnisi
881 2023 936 2084 per
950 2022 1111 2070 summum

360 2103 544 2166 Pontificem
560 2100 677 2162 absolvi
691 2100 803 2178 possit,
821 2107 851 2162 et
866 2100 1038 2163 habilitatio
1049 2103 1110 2180 peti

362 2203 512 2274 nequeat,
536 2193 596 2256 nisi
612 2195 814 2271 praecedente
830 2193 1022 2272 beneplacito
1037 2195 1111 2256 defi-

363 2288 474 2352 nitoris
496 2286 668 2364 generalis3
691 2293 818 2363 quarta,
840 2287 921 2364 quod
940 2294 1111 2348 teneantur

362 2381 500 2460 quotidie
523 2379 679 2442 celebrare
701 2387 732 2442 et
756 2380 907 2458 applicare
927 2379 1110 2442 sacrificium

363 2478 448 2539 iuxta
470 2473 679 2536 intentionem
695 2472 841 2550 praelecti
857 2473 959 2535 localis
980 2481 1012 2534 et
1026 2475 1111 2536 iuxta

362 2567 567 2644 obligationes
581 2565 813 2627 communitatis
834 2565 918 2628 illius
939 2567 1064 2640 domus,
1080 2573 1112 2628 et

363 2661 460 2742 quod,
475 2661 501 2722 si
515 2673 571 2738 pro
590 2658 798 2720 celebratione
821 2659 955 2736 aliquam
977 2659 1111 2721 eleemo-

361 2769 472 2833 synam
491 2752 683 2829 receperint,
699 2757 869 2812 teneantur
884 2751 969 2812 illam
990 2753 1111 2814 tradere

362 2847 394 2910 in
416 2846 559 2909 manibus
574 2845 670 2922 ipsius
685 2844 830 2922 praelecti
849 2842 952 2905 localis
973 2845 1026 2906 ubi
1039 2846 1112 2908 mis·

360 2958 412 3004 sae
432 2939 643 3013 celebrantur,
672 2937 720 2998 rel
747 2937 834 3000 cuius
856 2937 995 3000 subditus
1017 2938 1111 3002 luerit

361 3035 414 3096 ille
436 3033 489 3112 qui
504 3041 591 3093 extra
612 3037 805 3092 conventum
821 3030 1037 3106 celebraverit,
1054 3032 1112 3094 sub

360 3127 468 3208 poeuis
489 3131 594 3187 contra
609 3123 828 3202 proprietarios
844 3124 986 3198 inllictis;
1003 3125 1109 3203 quinta

361 3223 442 3300 quod
460 3220 492 3280 in
507 3215 647 3296 quolibet
661 3223 820 3278 conventu
843 3233 906 3277 uon
922 3218 1034 3292 adsint,
1051 3218 1111 3280 nisi

362 3317 422 3377 duo
443 3312 631 3383 sacerdotes,
649 3315 679 3370 et
701 3309 733 3370 in
757 3308 915 3382 domibus,
939 3325 1018 3387 quae
1038 3319 1111 3374 suut

360 3405 518 3478 matrices,
536 3413 598 3466 tres
612 3401 647 3462 ad
668 3400 813 3462 ellectum
833 3401 997 3478 supplendi
1018 3403 1050 3464 in
1065 3421 1112 3466 ea·

359 3515 430 3562 sum
444 3499 547 3560 obitos
568 3496 601 3558 in
623 3495 691 3554 aliis
711 3495 934 3571 conventibus;
958 3503 1057 3571 sexta,
1080 3506 1111 3560 et

361 3611 432 3656 casu
454 3607 526 3670 quo,
543 3589 580 3650 de
595 3587 717 3649 licentia
732 3585 826 3648 etiam
842 3589 935 3665 patris
957 3591 1111 3665 generalis

361 3699 393 3749 et
404 3685 627 3756 assistentium,
641 3679 739 3742 maior
750 3696 901 3742 numerus
913 3698 1111 3760 promovere-

362 3791 424 3855 tur,
445 3779 488 3840 sic
504 3775 638 3855 promoti
654 3789 718 3836 non
740 3774 857 3852 possint
879 3775 1035 3840 celebrare
1050 3777 1110 3839 nisi

360 3871 606 3952 superveniente
627 3867 787 3928 vocatione
813 3867 941 3930 alicuius
972 3869 1030 3932 loci
1057 3887 1112 3948 per

362 3968 483 4030 obitum
503 3963 629 4026 alterius
650 3961 830 4036 sacerdotis;
857 3963 1005 4040 septima,
1029 3965 1110 4043 quod

361 4061 549 4130 sacerdotes,
574 4061 720 4132 utsupra
745 4057 895 4131 promoti,
924 4056 1055 4118 debeant
1077 4057 1110 4118 iu

363 4153 507 4218 omnibus
525 4148 613 4224 sequi
629 4145 724 4208 vitam
747 4147 923 4223 regularem
943 4165 975 4210 ac
991 4147 1112 4212 deierre

363 4261 509 4310 coronam
536 4238 711 4304 clericalem
733 4237 770 4298 ad
796 4240 893 4302 instar
918 4245 1111 4304 sacerdotum

319 4373 325 4383 ·
364 4341 486 4407 Ordinis
509 4341 539 4402 S.
562 4335 686 4398 loannis
702 4334 769 4408 Dei,
791 4339 934 4416 quodque
950 4351 1111 4413 uunquam

363 4455 423 4500 nec
433 4453 489 4516 per
501 4437 595 4498 breve
608 4435 754 4512 temporis
766 4432 901 4511 spatium
915 4429 1030 4507 possint
1045 4443 1112 4489 esse

364 4531 509 4612 praelecti
524 4527 701 4606 generales,
724 4541 782 4587 nec
797 4525 892 4587 ullam
908 4523 1112 4600 praelaturam

364 4625 479 4688 habere
499 4637 676 4700 supremam
697 4636 752 4681 seu
774 4617 980 4689 ordinariam,
1004 4631 1061 4678 nec
1075 4604 1113 4676 'ex

364 4713 595 4795 dispensatione
616 4712 709 4791 patris
736 4710 903 4788 generalis,
927 4725 984 4770 nee
1004 4707 1113 4769 desiui-

367 4811 435 4874 torii
457 4808 622 4887 generalis,
649 4822 706 4868 nec
733 4805 956 4880 cuiuscumque
986 4801 1114 4863 alterius

364 4904 546 4983 superioris,
558 4901 611 4964 sed
624 4899 704 4979 quod
715 4897 910 4960 solummodo
919 4896 1035 4974 possint
1047 4910 1113 4955 esse

327 5039 328 5042 =
365 4997 489 5060 discreti
504 5003 735 5068 conventuum,
751 4991 892 5068 magistri
908 4987 1112 5059 novitiorum,

365 5101 397 5154 et
418 5092 594 5153 assistentes
615 5089 810 5167 provinciae3
834 5091 939 5146 octava
960 5082 1113 5160 denique,

366 5187 448 5264 quod
468 5185 494 5245 si
509 5181 619 5260 aliquis
633 5179 771 5241 sacerdos
793 5175 956 5238 saecularis
971 5183 1114 5249 aegrotus

366 5283 400 5343 iu
423 5277 623 5357 hospitalibus
637 5275 751 5347 degens
774 5277 891 5350 peteret
912 5286 968 5347 pro
989 5259 1043 5329 sua
1064 5269 1116 5328 de-

367 5375 494 5436 votione
508 5369 629 5430 admitti
644 5366 679 5426 ad
695 5365 834 5427 habitum
855 5361 1015 5439 religionis
1031 5369 1115 5422 ante·

367 5483 460 5546 quam
489 5465 606 5538 obiret,
637 5461 755 5540 possint
788 5467 874 5536 pater
902 5455 1056 5534 generalis
1085 5462 1116 5515 et

367 5560 581 5624 delinitorium
602 5555 770 5617 concedere
792 5552 950 5614 licentiam
972 5550 1063 5611 alicui
1078 5550 1115 5610 de

368 5653 529 5734 praelectis
555 5649 702 5713 localibus
722 5664 779 5728 pro
800 5645 978 5707 huiusmodi
1005 5643 1116 5705 admis-

368 5749 467 5823 sione,
479 5747 644 5810 accedente
658 5753 761 5808 tauaen
772 5758 926 5804 consensu
938 5740 1023 5802 illius
1034 5754 1117 5801 oom-

410 5961 440 6018 (l)
455 5960 523 6005 Edit.
540 5959 616 6004 Malu.
632 5957 698 6014 legit
712 5961 871 6010 praesectam.

995 584 1192 632 nnneblc'rds
1215 583 1283 630 lllll.

1834 562 1893 628 375
1944 564 1996 616 Au.
2012 567 2042 618 C.
2064 566 2133 616 1725

1164 701 1342 776 munitatis,
1370 719 1434 766 non
1463 702 1605 766 obstante
1632 702 1713 780 quod
1741 701 1774 762 in
1801 702 1911 764 eodem

1164 801 1321 858 conventu
1357 796 1457 858 adsint
1492 796 1543 858 alii
1578 797 1637 859 duo
1671 795 1844 860 sacerdotes
1879 801 1914 857 ut

1165 905 1265 966 supra.

1206 983 1310 1046 Tertio
1333 984 1398 1047 loco
1413 983 1604 1062 exquisitum
1628 983 1686 1044 luit
1707 989 1816 1046 votum
1831 984 1913 1046 eius·
1946 991 2082 1056 ,resolutio
2098 993 2145 1037 aar·

1165 1078 1234 1138 dem
1265 1077 1388 1154 capituli
1414 1075 1583 1152 generalis,
1610 1093 1648 1140 an
1672 1083 1759 1154 pater
1780 1077 1914 1154 praelec-
1933 1050 2050 1146 {zzz-eirca
2066 1043 2146 1091 ‘¹⁰⁰²'

1167 1177 1216 1230 tus
1243 1169 1395 1246 generalis
1423 1169 1473 1230 rel
1501 1169 1692 1247 quicumque
1719 1168 1797 1230 alius
1824 1185 1916 1250 supe-

1166 1263 1229 1326 rior
1258 1263 1376 1340 possint
1407 1262 1440 1324 in
1473 1261 1627 1338 religione
1659 1261 1799 1338 recipere
1829 1263 1913 1337 illos,

1166 1357 1220 1435 qui
1242 1355 1456 1418 inservierunt
1477 1356 1579 1418 eidem
1601 1354 1758 1432 religioni,
1773 1372 1829 1418 seu
1851 1355 1915 1418 iue-

1165 1451 1243 1526 riut,
1269 1457 1304 1514 ut
1325 1450 1420 1526 vulgo
1444 1449 1571 1522 dicitur,
1595 1447 1758 1510 Dcuudoa:
1781 1457 1812 1512 et
1833 1465 1915 1510 reso·

1166 1545 1269 1608 lutum
1285 1544 1390 1606 extitit
1411 1559 1467 1622 per
1488 1542 1665 1606 communia
1684 1541 1829 1618 saliragia
1851 1557 1914 1604 non

1167 1655 1264 1718 posse.

1206 1733 1319 1807 Quarto
1343 1732 1409 1794 loco
1429 1730 1623 1810 propositum
1644 1730 1713 1805 luit,
1736 1747 1774 1794 an
1791 1730 1823 1792 in
1844 1747 1915 1792 casa
2014 1743 2147 1806 noscique

1167 1826 1268 1888 obitus
1291 1825 1435 1904 praelecti
1451 1823 1622 1901 generalis,
1639 1823 1762 1902 quando
1783 1823 1818 1884 ad
1840 1839 1915 1885 eum
1935 1799 2149 1904 θὲἒζὲῗᾶᾛρῖῗῧῖ

1167 1919 1342 1996 pertineret
1361 1933 1532 1980 convocare
1554 1916 1743 1995 capitulum,
1766 1933 1823 1978 seu
1844 1933 1916 1978 cou-
1936 1903 1953 1948 ¹¹
1969 1905 2105 1958 pertineat.

1167 2020 1314 2074 currente
1330 2027 1527 2090 quocumque
1549 2011 1610 2072 alio
1625 2011 1765 2088 legitimo
1787 2011 1916 2088 impedi·
1971 2070 1977 2086 ,
2141 2001 2143 2006 ’

1167 2113 1290 2180 mento,
1314 2106 1346 2167 in
1361 2104 1466 2184 aliquo
1487 2121 1525 2166 ex
1547 2104 1612 2166 istis
1634 2104 1754 2166 casibus
1768 2119 1917 2166 convoca-

1168 2199 1212 2260 tio
1226 2197 1352 2276 capituli
1367 2197 1524 2276 pertinere
1545 2198 1653 2260 debeat
1668 2198 1704 2260 ad
1719 2198 1916 2260 assistentem

1168 2292 1391 2370 antiquiorem:
1406 2298 1437 2353 et
1449 2290 1564 2369 pariter
1576 2289 1749 2352 resolutum
1761 2290 1820 2352 luit
1835 2292 1916 2368 quod

1169 2386 1201 2448 in
1216 2402 1286 2446 casu
1308 2385 1410 2446 obitas
1432 2384 1526 2462 patris
1553 2382 1708 2459 generalis
1726 2399 1782 2444 seu
1810 2382 1915 2444 vicarii

1168 2478 1338 2554 generalis,
1356 2477 1405 2538 vel
1428 2477 1459 2538 iu
1474 2492 1580 2538 casum
1602 2475 1704 2552 gravis
1727 2475 1917 2538 infirmitatis

1167 2586 1219 2634 eos
1240 2571 1380 2648 legitime
1402 2569 1616 2646 impedientis,
1639 2585 1695 2630 seu
1721 2583 1917 2648 quacumque

1167 2665 1224 2726 alid
1237 2664 1376 2740 legitima
1393 2661 1480 2724 causai
1498 2669 1718 2735 concurrente,
1740 2663 1787 2722 ius
1804 2677 1918 2723 convo·

1168 2757 1256 2820 candi
1278 2757 1446 2835 capitulum
1473 2754 1617 2832 generale
1639 2763 1669 2818 et
1691 2755 1723 2816 in
1745 2770 1783 2816 eo
1804 2755 1917 2832 praesi-

1168 2851 1260 2913 dendi
1283 2850 1439 2928 pertineat
1460 2849 1495 2910 ad
1511 2857 1632 2926 patrem
1647 2849 1843 2912 assistentem
1865 2863 1917 2924 ge·

1168 2942 1307 3008 neralem
1323 2943 1545 3022 antiquiorem,
1560 2959 1627 3018 seu,
1643 2958 1680 3002 eo
1699 2941 1864 3020 impedito,
1880 2940 1917 3002 ad

1167 3037 1242 3100 alios
1257 3037 1451 3112 assistentes,
1469 3035 1554 3098 iuxta
1565 3051 1675 3098 eorum
1687 3034 1916 3108 antianitatem,

1167 3131 1218 3192 vel
1239 3133 1274 3192 ad
1291 3131 1365 3192 alios
1387 3129 1496 3192 locales
1512 3128 1565 3207 qui
1585 3136 1774 3207 sequuntur,
1801 3128 1917 3192 attentat

1167 3239 1290 3302 semper
1312 3239 1422 3288 eorum
1437 3223 1629 3286 antianitate.

1207 3319 1320 3394 Quinto
1335 3323 1428 3395 atque
1444 3315 1555 3378 ultimo
1571 3315 1637 3376 loco
1652 3315 1843 3392 propositum
1858 3312 1917 3374 luit
1972 3375 1977 3386 ,
2017 3319 2149 3367 uasoiuuo

1167 3429 1207 3474 an
1227 3413 1258 3474 in
1271 3426 1376 3473 casum
1388 3409 1489 3472 obitus
1502 3407 1810 3486 vice·praelector·um
1822 3419 1916 3482 gene·
1935 3374 2069 3484 lcffl'tisfflq‘ffi
2080 3384 2150 3474 [ἷῖἒξζ

1168 3505 1278 3567 ralium
1294 3504 1400 3564 Limae
1416 3509 1469 3563 aut
1487 3500 1609 3575 blerici,
1632 3514 1688 3560 seu
1702 3496 1850 3576 praelecti
1871 3495 1917 3574 (l)
1936 3481 2150 3581 liffinssgfflilj

1167 3599 1391 3674 cuiuscumque
1416 3594 1545 3654 alterius
1569 3591 1759 3670 provinciae,
1782 3590 1917 3669 praelec-
1937 3589 2048 3634 puerant.

1168 3699 1218 3754 tus
1234 3690 1358 3752 noviter
1373 3688 1502 3761 electus,
1515 3685 1636 3748 etiamsi
1647 3683 1916 3746 confirmationem

1168 3801 1241 3846 suae
1262 3781 1423 3844 electionis
1448 3797 1464 3840 a
1489 3787 1576 3858 patre
1598 3777 1752 3856 praelecto
1778 3776 1917 3854 generali

1168 3879 1267 3941 acibuc
1288 3891 1350 3938 uon
1373 3873 1557 3946 obtinuerit,
1579 3871 1673 3949 possit
1688 3886 1834 3932 exercere
1850 3886 1919 3932 mu-

1168 3989 1227 4034 nus
1243 3966 1496 4045 vice-generalis,
1520 3973 1552 4027 et
1565 3963 1712 4026 similiter
1726 3981 1782 4042 per
1800 3970 1917 4026 secreta

1167 4063 1311 4139 suffragia
1343 4060 1516 4122 resolutum
1547 4058 1606 4119 init
1637 4058 1719 4134 quod
1751 4057 1784 4118 in
1813 4073 1917 4120 casum

1168 4157 1277 4220 mortis
1309 4153 1457 4216 naturalis
1489 4150 1734 4228 uniuscuiusque
1767 4167 1804 4212 ex
1836 4150 1919 4212 vice-

1167 4249 1328 4330 praeiectis
1358 4245 1569 4324 generalibus,
1594 4243 1767 4321 praelectus
1792 4243 1918 4305 noviter

1168 4345 1295 4417 electae,
1313 4343 1374 4404 una
1396 4356 1468 4402 cuna
1489 4337 1703 4400 assistentibus
1721 4335 1918 4414 generalibus
2012 4369 2014 4375 2

1168 4437 1252 4499 illius
1274 4435 1377 4510 regni,
1401 4448 1510 4509 gerere
1531 4449 1565 4492 ea
1587 4431 1692 4494 omnia
1712 4429 1819 4509 possit,
1840 4445 1917 4510 quae

1169 4547 1185 4592 a
1207 4526 1480 4592 constitutionibus
1501 4523 1743 4603 vice-praelectis
1765 4523 1917 4600 generali-

1169 4625 1227 4686 bus
1248 4621 1472 4692 conceduutur,
1489 4619 1587 4680 donec
1608 4619 1751 4680 adveniat
1766 4617 1832 4678 eius
1846 4631 1916 4676 cun-

1171 4715 1315 4789 inmatio,
1332 4729 1423 4792 quae,
1438 4712 1463 4772 si
1481 4711 1569 4774 iustis
1591 4715 1628 4774 de
1649 4711 1748 4772 causis
1768 4709 1919 4784 denegata

1169 4808 1276 4883 luerit,
1292 4808 1392 4870 adbuc
1412 4805 1517 4868 omnia
1532 4821 1587 4884 per
1602 4803 1705 4882 ipsum
1720 4809 1805 4880 gesta
1820 4800 1919 4862 valida

1170 4903 1279 4964 simet
1298 4899 1474 4980 plenarium
1491 4913 1585 4960 suum
1606 4895 1752 4958 ellectum
1773 4891 1920 4974 consequi

1171 4996 1313 5060 debeant.

1211 5182 1279 5258 ἐι.
1310 5180 1390 5242 Cum
1422 5185 1545 5252 autem,
1574 5178 1653 5239 sicut
1685 5175 1793 5238 eadem
1827 5187 1921 5251 eapo-
1987 5198 2151 5245 comm„

1170 5273 1241 5334 sitio
1273 5271 1497 5348 subiungebat,
1528 5269 1680 5346 praelatae
1714 5267 1918 5329 resolutiones
1939 5252 2151 5352 fflffilgfffssffl·

1171 5380 1227 5444 pro
1241 5365 1405 5428 salubriori
1421 5364 1560 5432 eiusdem
1582 5360 1841 5438 durgi-eguimus
1860 5357 1920 5420 lra-

1172 5468 1257 5522 trum
1266 5458 1435 5519 directione
1447 5474 1480 5518 ac
1492 5455 1644 5531 regularis
1653 5455 1684 5518 iu
1697 5455 1731 5516 eat
1743 5451 1920 5529 disciplinae

1172 5566 1336 5630 progressu
1358 5551 1391 5610 in
1412 5550 1494 5611 dicto
1516 5547 1650 5627 capitulo
1672 5544 1809 5624 generali
1837 5560 1922 5606 com-

1172 5644 1262 5706 muni
1278 5643 1430 5704 vocalium
1444 5641 1592 5718 suliragio
1607 5640 1702 5702 laetae
1724 5637 1860 5711 luerint,
1887 5652 1921 5696 ac

1172 5744 1362 5816 exponentes
1388 5735 1534 5816 praedicti
1555 5734 1676 5798 easdem
1697 5730 1919 5803 resolutiones,
