4878 6982
153 584 258 638 Α1.Ο.
280 583 349 636 1708

156 733 239 797 Scuta
248 737 361 792 quatuor

140 788 233 834 millia
241 792 272 834 ut
281 799 362 845 supra

140 839 236 887 oblata
257 841 360 888 donan-

139 895 362 994 11111111

141 997 283 1047 lumnatus
319 1013 360 1047 ro-

141 1052 248 1100 11111111
278 1011 360 1102 ufba-

141 1105 213 1152 niae.

184 4443 330 4492 Clausulas.

1043 598 1184 644 GLEMENS
1204 597 1249 642 XI.

419 719 487 794 §b
511 719 554 782 dc
574 719 713 799 insuper,
737 725 772 782 ut
801 717 1008 796 Congregatio
1037 732 1122 797 prae·

379 813 459 876 dicta
480 812 614 890 gaudere
634 813 729 893 possit
754 813 915 875 commodo
936 818 967 874 et
988 810 1122 874 utilitate

378 913 538 969 scutorum
550 906 790 985 quatuormillia
801 903 1122 983 monetaepraedictae

379 1015 435 1078 per
449 1015 505 1062 nos
522 1007 660 1078 utsupra
680 999 866 1073 oblatorum,
883 997 1027 1059 volumus
1041 1009 1123 1060 eam·

378 1094 449 1156 dem
464 1108 618 1155 summam
632 1099 766 1171 quatuor
780 1090 876 1152 millia
887 1099 1046 1153 scutorum
1058 1103 1123 1150 mo-

379 1191 468 1247 netae
488 1184 666 1248 huiusmodi
687 1201 743 1264 per
770 1183 919 1247 dilectum
947 1183 1047 1244 silium
1069 1197 1123 1242 no-

378 1286 480 1341 strum
500 1279 664 1356 losepbum
686 1277 769 1340 tituli
786 1275 817 1340 S.
835 1275 946 1338 blariae
961 1275 1123 1338 1111111-

377 1372 508 1450 pontina
541 1377 736 1449 nuncupatae
770 1369 911 1431 eiusdem
946 1368 977 1431 S.
1012 1367 1048 1428 R.
1085 1367 1120 1428 E.

377 1463 595 1543 presbyterum
607 1462 801 1526 cardinalem
816 1461 1027 1538 Sacripantem
1042 1475 1123 1522 nun·

379 1563 537 1635 cupatum,
550 1565 580 1620 et
595 1562 738 1618 nostrum
750 1553 959 1632 prodatarium
970 1553 1125 1614 eiusdem·

379 1665 440 1728 que
462 1649 718 1725 congregationis
737 1646 940 1726 praelectum,
956 1645 1067 1724 deponi
1089 1645 1122 1706 in

378 1742 475 1804 banco
496 1741 603 1804 dilecti
622 1740 678 1802 srlii
700 1737 853 1803 Francisci
873 1738 1047 1800 blonthioni
1068 1752 1123 1798 seu

380 1834 411 1898 S·
436 1833 568 1913 Spiritus
589 1833 621 1894 in
643 1833 732 1896 Sauria
754 1831 923 1911 nuncupati
938 1831 976 1893 do
989 1829 1072 1893 Urbe
1087 1831 1122 1892 ad

378 1925 533 1990 creditum
554 1933 585 1988 et
604 1925 838 2004 dispositionem
864 1923 961 2002 ipsius
985 1923 1124 1998 congre·

379 2020 529 2096 gationis,
561 2019 597 2081 ad
625 2017 773 2080 ellectum
801 2025 907 2080 tamen
935 2015 1122 2079 investiendi

378 2111 545 2192 praefatam
566 2125 722 2173 summam
743 2111 775 2172 in
798 2117 843 2171 tot
865 2109 939 2171 locis
964 2107 1122 2170 montium

378 2204 578 2267 cameralium
592 2220 656 2266 non
678 2203 873 2277 vacabilium,
891 2217 1026 2281 quorum
1040 2201 1122 2264 irue-

379 2303 429 2360 tus
449 2299 570 2373 erogari
597 2297 729 2359 debeant
749 2313 804 2375 pro
830 2295 1068 2359 manutentione
1089 2295 1122 2356 in

378 2391 561 2470 primodicto
582 2389 712 2466 collegio
731 2405 787 2451 seu
801 2387 937 2467 praelato
956 2387 1122 2450 seminario

380 2483 473 2546 unius
494 2482 695 2545 adolescentis
709 2497 749 2544 en
762 2481 919 2561 provincial
940 2481 1038 2559 Epiri,
1054 2479 1123 2540 vul-

380 2591 419 2652 go
439 2575 567 2637 Albania
588 2575 776 2652 noncupata,
788 2573 846 2636 sub
866 2573 983 2649 regulis
998 2578 1029 2634 et
1050 2587 1136 2634 con*

378 2667 592 2730 stitutionibus
622 2668 764 2730 eiusdem
794 2666 970 2746 primodicti
1001 2665 1122 2742 collegii

378 2777 433 2823 seu
454 2759 581 2838 praelati
594 2761 754 2822 seminarii
775 2759 942 2839 recipiendi
962 2767 992 2822 et
1006 2759 1121 2833 alendi,

378 2859 472 2930 prout
492 2851 689 2930 recipiuntur
701 2859 732 2914 ct
746 2851 875 2914 aluntur
890 2853 982 2914 ceteri
1003 2851 1121 2914 alumni

379 2945 432 3022 qui
453 2943 568 3007 ibidem
583 2945 620 3006 de
635 2945 790 3022 praesenti
811 2946 931 3021 degunt
944 2951 976 3005 et
991 2944 1123 3007 educan-

378 3045 441 3112 tur,
463 3036 581 3098 sublatd
609 3037 692 3098 inter
717 3037 821 3114 ipsum
848 3036 1013 3098 alumnum
1034 3035 1122 3098 Alba·

378 3147 510 3194 nensem
532 3137 562 3193 et
584 3129 658 3192 alios
679 3145 875 3208 quacumque
891 3144 1016 3208 prorsus
1037 3127 1122 3190 dille-

378 3223 491 3298 rentid,
514 3237 696 3300 novumque
720 3221 898 3284 huiusmodi
926 3222 1122 3283 alumnatum

378 3317 488 3380 ceteris
518 3331 618 3393 usque
649 3315 741 3377 modo
772 3313 881 3376 erectis
910 3321 940 3375 et
971 3313 1122 3375 institutis

377 3416 465 3472 motu
487 3408 552 3487 pari
573 3407 771 3484 adiungimus
782 3415 813 3469 et
833 3407 1038 3468 annectimus.
1056 3405 1121 3467 Dic-

377 3504 462 3582 tique
473 3501 593 3565 alumni
606 3500 789 3563 libanensis
804 3500 1051 3562 nominationem
1066 3515 1122 3578 pro

376 3603 530 3674 tempore,
553 3595 673 3672 quoties
695 3592 877 3654 nominandi
900 3607 985 3654 casus
1010 3608 1123 3654 euene-

376 3689 428 3762 rit,
444 3695 606 3767 postquam
627 3693 733 3746 tamen
754 3701 809 3746 sua
828 3685 929 3746 studio
950 3685 1121 3762 compleve-

376 3781 417 3842 rit
438 3775 567 3843 dilectus
588 3779 671 3841 filios
692 3777 801 3840 Petrus
825 3776 965 3840 llozovik
987 3778 1019 3838 in
1041 3775 1122 3838 dicto

376 3873 506 3949 collegio
518 3873 556 3934 de
566 3871 719 3949 praesenti
734 3869 850 3946 degens
865 3875 896 3932 et
910 3871 1024 3930 uostris
1038 3887 1121 3931 surn-

376 3965 479 4044 ptibus
506 3968 665 4042 bucusque
691 3963 806 4026 ibidem
834 3969 975 4024 retentus
996 3969 1027 4024 et
1048 3963 1122 4026 edu·

376 4063 478 4130 catus,
504 4057 540 4118 ad
566 4055 662 4134 ipsam
688 4068 807 4116 sacram
839 4053 1121 4130 Congregationem

377 4150 409 4212 in
430 4155 617 4227 perpetuum
637 4153 792 4226 spectare,
815 4153 920 4221 motu,
941 4145 1069 4207 scientid
1090 4153 1122 4207 et

376 4242 534 4320 potestatis
554 4241 749 4322 plenitudine
764 4237 918 4300 similibus
939 4237 1047 4300 itidem
1068 4239 1122 4300 uo·

376 4335 482 4396 lomus
502 4340 533 4396 et
553 4335 747 4396 mandamus.
1073 4409 1076 4416 Ι

417 4429 436 4502 5
456 4427 483 4488 5.
500 4427 718 4499 Decernentes,
731 4431 908 4503 praesentes
923 4423 1039 4486 litteras
1051 4425 1122 4486 nul-

377 4521 407 4582 lo
435 4535 573 4598 unquam
604 4525 745 4597 tempore
771 4519 809 4580 de
833 4517 1042 4595 subreptionis
1070 4517 1120 4578 vel

377 4612 566 4690 obreptionis
587 4628 642 4674 seu
663 4611 815 4673 nullitatis
836 4611 923 4685 vitio,
946 4611 998 4672 vel
1019 4611 1121 4672 inten-

377 4706 469 4769 tionis
490 4711 614 4768 nostrae
629 4710 681 4766 aut
696 4704 755 4765 alio
770 4704 915 4783 quopiam
930 4703 1050 4766 deiectu
1065 4720 1120 4765 no-

376 4799 450 4873 tari,
472 4799 560 4875 argui
589 4805 642 4860 aut
664 4798 696 4858 in
725 4797 967 4860 controversiam
988 4798 1024 4859 ad
1046 4814 1120 4876 quo-

376 4891 497 4953 rumvis
519 4891 698 4952 instantiam
719 4891 838 4965 adduci,
861 4906 916 4952 seu
938 4891 987 4952 111
1007 4891 1052 4969 (1)
1073 4908 1121 4953 11-

373 4984 545 5046 stitutionis
565 4985 599 5044 in
622 4984 781 5060 integrum
802 4982 854 5044 vel
873 4983 1063 5046 reductionis
1084 4985 1120 5046 ad

377 5077 528 5139 terminos
549 5076 626 5138 iuris
647 5083 700 5137 aut
721 5076 792 5137 alitis
819 5077 1051 5154 quomodolibet
1073 5093 1122 5138 re·

375 5169 479 5230 vocari
499 5168 719 5246 impugnarive
741 5183 839 5246 posse,
862 5184 972 5232 neces
987 5184 1023 5230 11
1038 5170 1119 5246 quod

375 5261 541 5339 praemissa
563 5262 718 5324 verificata
739 5277 804 5322 non
825 5261 899 5336 sint,
916 5269 969 5324 aut
982 5264 1065 5340 quod
1085 5262 1119 5335 ii,

376 5369 511 5432 quorum
533 5355 673 5430 interest,
690 5353 725 5414 ad
740 5355 769 5417 id
784 5355 885 5417 vocati
900 5363 931 5416 et
945 5354 1041 5416 auditi
1055 5369 1119 5415 non

375 5445 505 5522 luerint,
528 5449 650 5510 easdem
672 5449 789 5509 litteras
810 5461 865 5525 per
885 5447 1119 5526 subreptionem

375 5539 516 5602 obtentas
537 5541 669 5615 censeri,
692 5548 723 5602 et
744 5547 904 5620 propterea
933 5540 1051 5601 viribus
1072 5556 1118 5602 ca-

374 5647 461 5707 rere,
489 5647 592 5710 neque
624 5633 902 5710 congregationem
925 5631 1118 5710 'praedictam

374 5724 521 5803 illiusque
541 5725 701 5788 ministros
722 5725 758 5786 ad
779 5725 1003 5789 verificandum
1032 5741 1118 5804 prae·

415 5937 445 5992 (ll
460 5937 550 5983 Potius
563 5936 621 5992 lego
634 5940 668 5981 vt.

1178 715 1269 778 missa
1290 715 1434 794 compelli
1455 721 1486 778 et
1507 715 1620 788 teneri,
1636 726 1739 790 neque
1753 709 1792 770 ob
1807 706 1837 768 id
1852 703 1922 766 nul-

1178 807 1220 870 las
1241 815 1272 870 et
1294 808 1396 869 irritas
1423 824 1455 868 ac
1477 807 1593 870 nullius
1625 801 1778 867 momenti
1804 815 1870 862 esse
1891 806 1922 860 et

1178 900 1244 962 iore
1265 901 1395 974 censeri,
1412 901 1516 979 sicque
1537 913 1592 978 per
1613 908 1824 976 quoscumque
1845 891 1922 953 iudi·

1178 1009 1238 1067 ces,
1261 1001 1333 1068 111,
1349 993 1442 1056 etiam
1463 1007 1624 1056 causarum
1646 988 1748 1069 palatii
1767 984 1923 1066 apostolici

1178 1085 1344 1161 auditores,
1368 1102 1400 1148 ac
1420 1085 1593 1164 praedictae
1614 1083 1646 1147 S.
1664 1085 1700 1144 tt.
1718 1083 1753 1144 E.
1777 1079 1920 1144 cardina-

1179 1180 1233 1253 les,
1247 1185 1319 1253 etc,
1335 1178 1463 1252 sublati,
1480 1187 1551 1252 etc,
1568 1176 1695 1240 iudicari
1710 1173 1832 1248 debere,
1849 1178 1921 1247 etc,

1178 1271 1378 1348 irritumque,
1391 1277 1463 1345 111,
1474 1269 1629 1345 attentari,
1642 1276 1699 1332 etc.
1717 1266 1786 1329 Non
1801 1265 1945 1348 obstan,

1179 1363 1261 1426 tibus
1283 1364 1388 1426 nostra
1409 1369 1440 1424 et
1455 1363 1659 1427 Cancellariae
1674 1360 1863 1439 Apostolicae
1874 1374 1923 1420 re-

1179 1455 1251 1532 golt
1272 1457 1309 1518 de
1324 1456 1392 1518 iure
1406 1455 1544 1534 quaesito
1556 1470 1620 1517 non
1633 1453 1782 1527 tollendo,
1798 1466 1922 1514 necnon

1178 1550 1396 1612 lateranensis
1423 1547 1554 1612 Consilii
1578 1547 1791 1610 concessiones
1815 1559 1923 1624 perpe-

1178 1647 1246 1704 tuas
1268 1643 1329 1706 nisi
1351 1643 1383 1704 in
1405 1641 1524 1704 casibus
1544 1657 1560 1702 a
1581 1641 1651 1704 iure
1678 1639 1833 1718 permissis
1855 1637 1924 1700 ficri

1178 1734 1381 1812 prohibentis,
1397 1751 1431 1798 ac
1452 1731 1598 1813 praedicti
1612 1732 1727 1796 Urbani
1748 1732 1924 1809 praedeces·

1178 1827 1266 1902 soris,
1289 1843 1411 1890 necnon
1433 1827 1616 1889 recolendae
1642 1825 1813 1886 memoriae
1834 1823 1925 1901 Sym·

1178 1920 1297 1994 maelii,
1330 1918 1415 1981 Pauli
1443 1919 1609 1996 11111111
1638 1916 1703 1990 111,
1734 1923 1764 1979 11
1793 1916 1923 1978 aliorum

1178 2013 1391 2075 Romanorum
1432 2013 1617 2076 Pontificum
1652 2010 1923 2092 praedecessorum

1178 2113 1358 2169 nostrorum
1378 2105 1522 2169 derebus
1538 2105 1690 2169 Ecclesiae
1704 2120 1768 2166 non
1788 2103 1924 2164 alienan-

1177 2199 1234 2275 dis,
1257 2217 1290 2262 ac
1311 2200 1356 2261 Pii
1378 2199 1429 2262 lll.
1448 2201 1485 2264 de
1501 2199 1607 2276 gratiis
1629 2201 1776 2262 camerae
1797 2198 1925 2276 Aposto-

1178 2292 1253 2354 licae
1273 2293 1423 2354 interesse
1444 2293 1676 2371 quomodolibet
1703 2289 1922 2352 concernenti-

1177 2385 1234 2448 bus
1255 2385 1288 2446 in
1320 2385 1399 2448 dicta
1431 2385 1559 2450 cameri
1590 2386 1671 2448 intra
1700 2393 1820 2448 certum
1845 2381 1921 2443 inibi

1177 2479 1400 2558 praescriptum
1423 2485 1544 2557 tempus
1571 2477 1802 2557 praesentandis
1823 2481 1853 2537 et
1875 2491 1923 2536 re-

1178 2572 1355 2648 gistrandis,
1375 2573 1452 2634 itaut
1473 2578 1648 2652 praesentes
1670 2571 1702 2632 in
1725 2571 1923 2648 1111111111-

1178 2665 1288 2726 111111
1315 2665 1476 2741 registrari
1499 2664 1586 2726 nullo
1612 2678 1752 2740 unquam
1783 2651 1924 2740 temp'ore

1178 2757 1230 2817 vel
1249 2756 1340 2818 modo
1361 2772 1486 2819 necesse
1506 2756 1557 2831 sit,
1579 2773 1613 2818 ac
1634 2756 1714 2818 beati
1739 2755 1784 2816 Pii
1806 2754 1857 2828 1.,
1880 2754 1923 2815 ie·

1177 2853 1307 2930 licisque
1327 2852 1546 2916 recordationis
1567 2851 1646 2915 sixti
1661 2849 1711 2926 lt,
1733 2857 1764 2912 et
1779 2849 1851 2912 dicti
1865 2847 1923 2910 Ur-

1177 2946 1249 3009 bani
1271 2945 1364 3020 Vlll.,
1387 2963 1510 3010 necnon
1531 2946 1703 3010 clementis
1725 2945 1778 3020 x,
1801 2951 1832 3007 et
1847 2960 1922 3023 quo-

1178 3053 1387 3117 rumcumque
1416 3040 1548 3102 aliorum
1576 3040 1789 3101 Rornanorum
1817 3037 1923 3100 Ponti·

1179 3133 1284 3204 sicum,
1313 3132 1404 3193 etiam
1432 3134 1701 3211 praedecessorum
1728 3137 1920 3203 nostrorum,

1177 3239 1271 3301 super
1291 3223 1446 3287 solutione
1460 3231 1645 3286 annatarum
1662 3230 1694 3284 et
1715 3223 1923 3302 quindennio-

1178 3333 1250 3378 rum
1271 3317 1501 3394 quomodolibet
1523 3318 1624 3388 editis,
1640 3333 1762 3380 necnon
1774 3315 1840 3377 aliis
1855 3314 1922 3393 qui·

1178 3409 1370 3488 buscumque
1381 3411 1564 3489 apostolicis,
1578 3413 1672 3472 etiam
1683 3412 1715 3472 in
1724 3409 1922 3486 generalibus

1178 3503 1315 3563 conciliis
1337 3503 1426 3565 editis
1441 3509 1471 3564 et
1486 3505 1625 3578 edendis,
1648 3501 1921 3566 constitutionibus

1178 3603 1209 3657 et
1229 3595 1475 3659 ordinationibus
1496 3597 1680 3675 apostolicis,
1700 3597 1836 3678 dictique
1856 3611 1922 3656 mo-

1178 3689 1306 3750 nasterii
1331 3696 1361 3750 et
1382 3689 1504 3752 Ordinis
1533 3691 1693 3769 praedicti,
1718 3691 1812 3752 etiam
1841 3689 1921 3752 iura-

1177 3789 1295 3856 mento,
1319 3790 1392 3856 etc,
1415 3782 1564 3844 roboratis
1590 3783 1725 3856 statutis,
1748 3782 1920 3860 privilegiis

1177 3889 1313 3952 quoque,
1337 3874 1464 3936 indultis
1479 3883 1509 3937 et
1531 3875 1643 3936 litteris
1670 3875 1842 3954 apostolicis
1857 3891 1922 3936 mo-

1177 3967 1312 4028 nasterio
1333 3968 1498 4044 praedicto,
1515 3967 1661 4046 illiusque
1682 3968 1798 4030 abbatis
1812 3975 1843 4029 11
1857 3983 1922 4029 mo·

1177 4059 1282 4121 1111111
1296 4075 1352 4121 seu
1367 4060 1520 4121 canonicis
1534 4060 1741 4136 regularibus,
1757 4060 1921 4137 eidemque

1176 4151 1429 4228 congregationi,
1450 4170 1484 4214 ac
1505 4151 1689 4229 primodicto
1715 4153 1845 4230 collegio
1866 4167 1921 4215 seu

1176 4243 1310 4322 praelato
1338 4244 1522 4320 seminario,
1545 4245 1628 4308 illius
1656 4245 1868 4323 superioribus
1888 4251 1920 4306 et

1176 4336 1325 4415 personis,
1342 4342 1373 4397 et
1394 4335 1460 4397 aliis
1481 4337 1739 4416 quibuscumque,
1757 4339 1790 4399 in
1806 4352 1921 4414 genere

1175 4429 1226 4490 uel
1247 4429 1279 4489 in
1301 4428 1412 4508 specie,
1428 4435 1480 4491 aut
1497 4429 1581 4504 alias,
1598 4431 1629 4490 in
1645 4431 1846 4504 contrarium,
1862 4431 1921 4492 sub

1175 4523 1422 4601 quibuscumque
1449 4523 1608 4584 tenoribus
1637 4529 1668 4585 et
1692 4523 1815 4597 formis,
1845 4539 1921 4600 quo-

1176 4615 1341 4678 modolibet
1363 4629 1418 4693 per
1434 4632 1646 4694 quoscumque
1667 4617 1820 4678 Romanos
1841 4615 1921 4676 Pon·

1176 4709 1272 4770 tisrces
1286 4710 1532 4786 praedecessores
1548 4716 1679 4784 nostros,
1695 4717 1727 4772 et
1741 4710 1835 4771 etiam
1850 4725 1917 4782 nos,

1176 4799 1268 4862 etiam
1282 4808 1371 4863 motu
1386 4801 1523 4878 proprio,
1540 4811 1611 4876 etc,
1627 4803 1789 4876 concessis,
1812 4817 1920 4881 appro·

1176 4892 1252 4954 batis
1274 4899 1304 4954 et
1326 4893 1498 4970 innovatis;
1527 4893 1638 4972 quibus
1662 4893 1822 4968 omnibus,
1845 4900 1916 4968 etc,

1176 4984 1296 5047 etiamsi
1317 4987 1354 5048 de
1375 4986 1447 5060 illis,
1469 4993 1541 5062 etc,
1564 5001 1672 5048 eorum
1695 4995 1828 5061 tenores,
1844 4995 1916 5061 111,

1176 5077 1237 5138 illis
1257 5077 1339 5152 aliis,
1363 5086 1435 5153 etc,
1458 5081 1684 5156 permansuris,
1714 5081 1749 5140 ad
1772 5079 1918 5157 praemis·

1175 5185 1282 5231 sorum
1313 5171 1539 5233 validissimum
1570 5173 1736 5247 ellectum,
1768 5179 1856 5234 motu
1887 5179 1919 5233 et

1174 5263 1302 5324 scientid
1323 5263 1446 5342 paribus
1466 5265 1638 5342 specialiter
1658 5273 1689 5326 et
1710 5279 1853 5344 expresse
1868 5265 1918 5326 de·

1175 5371 1336 5432 rogamus3
1357 5356 1528 5435 ceterisque
1542 5358 1705 5420 contrariis
1720 5357 1918 5436 quibuscum-

1175 5464 1246 5524 que,
1268 5464 1339 5510 cum
1357 5449 1502 5512 clausulis
1519 5450 1713 5528 opportunis.
1737 5450 1813 5512 Fiat
1827 5455 1918 5510 111111

1173 5541 1314 5617 proprio.
1338 5543 1360 5603 1.
1372 5543 1405 5604 F.
1423 5573 1460 5587 -
1477 5542 1514 5604 Et
1528 5557 1601 5603 cum
1615 5541 1807 5604 absolutione
1821 5557 1919 5603 acen-

1172 5633 1253 5694 suris
1265 5634 1302 5694 ad
1315 5635 1473 5710 ellectum,
1496 5642 1567 5710 111,
1583 5642 1614 5696 11
1630 5636 1712 5713 quod
1727 5635 1824 5697 dictae
1839 5635 1918 5698 con-

1174 5727 1364 5803 gregationis
1384 5743 1440 5790 seu
1461 5727 1636 5806 primodicti
1658 5727 1779 5803 collegii
1801 5727 1852 5789 vel
1872 5743 1917 5788 se-

1843 565 1901 628 253
1954 566 2053 624 110.
2074 559 2143 618 1708
