4844 6990
364 531 419 587 An.
433 535 463 588 G.
485 534 553 587 1733

399 1799 541 1847 Clausulas.

371 3005 506 3060 benogello
514 3015 571 3052 con·

357 3057 502 3104 trarlorum.

603 531 663 594 tle

585 667 796 733 Cardinalium
830 665 960 744 negotiis
993 672 1023 728 et
1054 661 1330 727 consultationibus

585 763 805 842 Episcoporum
824 769 854 824 et
869 759 1073 837 llegularium
1087 758 1330 838 praepositorum

585 856 723 930 consilio,
745 855 933 933 praeinserta
958 855 1090 928 decreta,
1113 851 1332 930 expeditosque

584 949 716 1027 desuper
739 955 876 1026 patentes
898 947 1016 1009 litteras
1035 945 1213 1025 praedictas
1230 950 1333 1005 aucto-

585 1044 676 1106 ritate
697 1041 870 1120 apostolici,
894 1047 1000 1102 tenore
1023 1039 1244 1118 praesentium,
1261 1051 1333 1098 con-

586 1139 746 1199 firmamus
768 1143 797 1197 et
819 1135 1032 1214 approbamus,
1049 1133 1156 1212 illique
1171 1131 1332 1194 inviolabi-

585 1230 622 1292 lis
638 1229 819 1308 apostolicae
834 1229 989 1290 firmitatis
1004 1228 1099 1290 robur
1112 1227 1282 1298 adiicimus,
1299 1241 1332 1286 ac

586 1337 695 1386 omncs
715 1332 747 1384 et
767 1323 905 1400 singulos
933 1323 1009 1385 iuris
1031 1329 1061 1384 et
1086 1320 1155 1384 lacti
1184 1320 1331 1392 delectus,

587 1417 694 1496 quiin
716 1417 888 1495 praemissis
910 1413 1139 1494 quomodolibet
1155 1413 1332 1475 intervene-

587 1517 673 1584 runt,
695 1510 893 1588 supplemus3
922 1509 1004 1570 salva
1033 1517 1134 1571 tamen
1156 1521 1279 1584 semper
1301 1505 1332 1565 in

587 1603 762 1682 praemissis
782 1603 965 1665 auctoritate
989 1608 1178 1664 memoratae
1200 1599 1335 1676 Congre-

588 1697 720 1774 gationis
742 1697 963 1761 (lardinalium.

628 1793 647 1866 ἓ
666 1791 695 1852 3.
720 1791 938 1865 Decernentcs,
955 1791 1075 1852 easdem
1094 1795 1268 1869 praesentes
1284 1787 1335 1848 lit·

588 1892 679 1962 teras,
710 1885 823 1960 sirmas,
852 1884 965 1946 validas
986 1891 1017 1945 et
1038 1883 1173 1946 elbcaces
1201 1884 1335 1944 existere

588 1983 618 2038 et
639 1975 716 2050 tore,
743 1992 876 2053 suosque
900 1975 1053 2052 plenarios
1074 1983 1105 2036 et
1132 1975 1269 2050 integros
1290 1971 1332 2034 ei-

586 2069 684 2134 ‘iectus
705 2069 810 2132 sortiri
830 2076 861 2129 et
882 2069 1033 2144 obtinere,
1057 2085 1090 2129 ac
1112 2067 1183 2142 illis,
1200 2065 1235 2128 ad
1257 2082 1334 2144 quos

586 2171 701 2241 spectat
726 2169 756 2224 et
784 2177 839 2240 pro
866 2168 1003 2240 tempore
1031 2161 1190 2240 spectabit,
1213 2160 1246 2220 in
1269 2175 1335 2220 om·

588 2256 679 2318 nibus
700 2263 730 2318 et
751 2272 807 2334 per
827 2255 933 2318 omnia
958 2254 1138 2334 plenissime
1159 2252 1332 2329 suffragari,

588 2357 618 2412 et
633 2349 670 2410 ab
684 2350 727 2410 eis
744 2349 912 2429 respective
928 2349 1150 2412 inviolabiliter
1165 2347 1332 2420 observari,

588 2441 692 2520 sicque
714 2443 747 2505 in
769 2443 944 2521 praemissis
970 2461 1024 2522 per
1055 2459 1268 2522 quoscumque
1289 2443 1336 2504 iu-

589 2536 669 2598 dices
690 2537 861 2598 ordinarios
883 2545 913 2599 et
935 2537 1100 2614 delegatos,
1119 2537 1212 2598 etiam
1234 2553 1335 2598 causa-

589 2645 658 2690 rum
682 2630 784 2708 palatii
805 2631 962 2709 apostolici
981 2633 1147 2706 auditores,
1164 2631 1289 2694 iudicari
1307 2637 1336 2692 et

589 2723 712 2784 deliniri
723 2723 850 2799 debere,
868 2743 901 2787 ac
917 2726 1042 2788 irritum
1057 2733 1087 2788 et
1103 2725 1195 2788 inane
1209 2724 1234 2785 si
1249 2741 1336 2786 secus

588 2833 682 2894 super
704 2817 751 2878 bis
772 2835 787 2880 a
809 2835 981 2898 quoquam,
1009 2821 1115 2898 quavis
1142 2820 1335 2893 auctoritate,

588 2910 722 2972 scienter
734 2912 783 2973 vel
796 2913 988 2990 ignoranter,
1000 2913 1167 2991 contigerit
1178 2914 1334 2975 attentari.

630 3004 648 3076 ἓ
669 3003 697 3064 d.
722 3003 790 3066 Non
809 3007 1002 3068 obstantibus
1016 3006 1291 3069 constitutionibus
1306 3013 1337 3066 et

590 3097 834 3160 ordinationibus
858 3099 1042 3176 apostolicis,
1075 3117 1210 3174 necnon,
1233 3105 1337 3176 quate-

591 3207 651 3252 nus
677 3207 753 3269 opus
774 3192 824 3266 sit,
854 3193 1029 3270 provinciae
1051 3201 1082 3255 et
1103 3193 1224 3258 Ordinis
1253 3208 1337 3272 prae·

591 3285 756 3360 dictorum,
779 3286 873 3348 etiam
894 3288 1081 3362 iuramento,
1102 3289 1338 3350 confirmatione

590 3379 765 3456 apostolica,
791 3379 841 3440 vel
865 3381 971 3457 quavis
999 3380 1144 3442 firmitate
1167 3381 1225 3443 alid
1250 3382 1339 3443 robo-

591 3473 675 3548 ratis,
701 3473 823 3535 statutis
848 3483 879 3535 et
903 3475 1191 3550 consuetudinibus,
1214 3476 1339 3553 privile-

592 3566 649 3644 giis
670 3583 804 3646 quoque,
828 3567 955 3635 indultis
977 3575 1007 3630 et
1032 3568 1142 3631 litteris
1167 3569 1338 3647 apostolicis

591 3661 623 3722 in
638 3661 830 3722 contrarium
845 3661 1086 3739 praemissorum
1107 3663 1338 3742 quomodolibet

591 3755 753 3829 concessis,
770 3756 957 3818 confirmatis
978 3763 1009 3817 et
1031 3757 1202 3833 innovatis3
1226 3758 1338 3835 quibus

591 3847 736 3908 omnibus
757 3856 788 3909 et
809 3848 951 3924 singulis,
968 3847 1094 3910 illorum
1114 3855 1237 3911 tenores
1254 3866 1339 3928 prae-

590 3940 729 4002 sentibus
749 3957 803 4019 pro
821 3941 913 4020 plene
934 3949 965 4003 et
979 3941 1170 4005 sufficienter
1188 3945 1338 4022 expressis

590 4033 679 4096 acad
702 4035 833 4097 verbum
858 4035 981 4098 insertis
1003 4033 1162 4114 babentes,
1186 4037 1246 4098 illis
1268 4037 1339 4098 aliis

591 4128 624 4189 in
644 4144 700 4190 suo
722 4128 834 4190 robore.
857 4131 1079 4209 permansuris,
1102 4131 1136 4192 ad
1159 4130 1338 4208 praemisso-

592 4237 663 4283 rum
684 4221 842 4297 ellectum,
859 4223 913 4284 bac
933 4223 1000 4286 vice
1015 4222 1186 4298 dumtaxat,
1202 4225 1339 4302 speciali-

592 4322 640 4376 ter
660 4322 691 4376 et
706 4331 849 4393 expresse
863 4315 1064 4393 derogamus3
1081 4317 1252 4396 ceterisque
1267 4335 1339 4380 con-

593 4408 696 4469 trariis
716 4409 974 4489 quibuscumque.

633 4503 745 4564 ilatum
772 4502 900 4579 Romae,
929 4506 1009 4582 apud
1035 4505 1066 4568 S.
1098 4506 1221 4568 llariam
1250 4505 1341 4568 Maio·

594 4611 673 4671 rem,
696 4597 753 4658 sub
774 4597 890 4658 annulo
911 4597 1084 4674 Piscatoris,
1100 4599 1149 4660 die
1165 4615 1242 4662 xvrr.
1260 4617 1343 4663 mar-

596 4689 628 4752 tii
646 4705 863 4766 uoccxxxur,
880 4691 1075 4769 pontificatus
1088 4695 1185 4755 nostri
1197 4711 1278 4756 anno
1290 4711 1336 4756 ιιι.

851 4841 1088 4848 ,-.-...--.---

935 4937 1001 5000 Xll.

599 5072 775 5152 Cortfirntot
797 5074 958 5136 decretum
979 5089 1091 5134 sacrae
1116 5072 1342 5151 Gooprepotio-

637 5169 688 5229 uis
711 5167 746 5229 de
762 5166 797 5226 P.
811 5166 862 5238 ll,
879 5184 938 5245 quo
961 5173 1133 5227 coateeutos
1155 5166 1190 5226 a'u
1213 5167 1339 5242 proelu-

637 5260 689 5323 cld
713 5260 743 5324 S.
769 5261 936 5322 Francisci
959 5260 995 5321 de
1016 5257 1157 5322 Porterd
1181 5259 1214 5319 io
1240 5259 1343 5322 Mecal-

637 5369 671 5414 co
696 5353 827 5416 Ordinis
849 5355 995 5430 tractatam
1017 5353 1179 5415 Minorem
1202 5351 1341 5412 ciusdem

639 5445 751 5508 Soracte
773 5445 801 5506 F
801 5446 940 5508 cauciaci
955 5445 1231 5506 Discolceotorum
1247 5445 1343 5521 depu-

638 5547 733 5603 tator
744 5556 800 5618 pre
814 5539 988 5602 seminario
1004 5537 1193 5602 Missioaom
1208 5539 1243 5598 lo
1255 5553 1343 5598 moo-

640 5632 727 5695 ta'bos
749 5633 785 5695 de
809 5631 965 5710 diosopoo
987 5631 1043 5708 (ll.

640 5872 669 5928 (ll
686 5875 722 5917 Ex
736 5875 798 5929 Reg.
814 5871 840 5917 in
855 5873 929 5918 Arclr.
952 5877 1024 5918 Brev.
1047 5873 1200 5918 Benedictus
1222 5877 1285 5918 Xlll.
1301 5885 1344 5919 an-

600 5951 633 5984 no
647 5951 800 5986 avuccxxvrr.
815 5943 896 5986 const.
912 5941 964 5986 dat.
976 5941 1017 5985 die
1028 5953 1064 5986 ιιι.
1076 5941 1169 5998 aprilis
1178 5941 1344 5988 conllrulavit

1100 542 1165 588 rus.
1189 539 1280 586 nour.
1305 539 1345 583 ua
1366 538 1395 582 a.
1420 538 1449 582 r.
1474 515 1556 580 rans
1579 536 1599 579 ι.

1568 701 1754 771 caeneus
1778 703 1879 770 ΡΑΡΑ
1903 701 1960 769 llll.

1528 842 1986 910 mmmmmmm

1428 1037 1446 1111 ἓ
1470 1036 1496 1098 l.
1525 1035 1689 1097 Emanavit
1715 1051 1816 1114 nuper
1843 1051 1859 1096 a
1887 1035 2136 1112 congregatione
2157 1045 2160 1054 ·
2181 1052 2332 1110 sacusleua

1389 1129 1615 1192 venerabilium
1637 1127 1768 1190 iratrum
1791 1135 1971 1191 nostrorum
1994 1129 2025 1192 S.
2042 1130 2077 1192 il.
2096 1131 2135 1192 E.
2159 1171 2164 1182 ·

1390 1222 1600 1288 Cardinalium
1635 1221 1768 1298 negotiis
1799 1221 2014 1297 Propagandae
2049 1221 2134 1284 Fidei

1389 1317 1579 1395 praeposita,
1609 1317 1643 1378 ad
1666 1315 1920 1394 supplicationem
1949 1313 2136 1378 dilectorum

1390 1411 1527 1472 liliorum
1549 1409 1750 1473 definitorum
1773 1409 1947 1487 provinciae
1977 1409 2007 1472 S.
2033 1409 2137 1472 Oidaci

1390 1504 1421 1564 in
1444 1503 1560 1564 llexico
1581 1503 1703 1566 Ordinis
1725 1503 1856 1564 fratrum
1882 1503 2037 1565 llinorum
2059 1503 2136 1565 San-

1389 1599 1428 1660 cti
1442 1597 1594 1659 Francisci
1605 1596 1861 1658 Discalceatorum
1872 1606 2135 1675 nuncupatorum,

1392 1692 1552 1754 decretum
1579 1689 1696 1752 tenoris
1718 1690 1771 1768 qui
1793 1690 1949 1768 sequitur,
1972 1690 2134 1753 videlicet:

1431 1879 1599 1940 Decretum
1619 1895 1730 1942 soraee
1754 1878 2021 1958 Conprepotioals
2046 1896 2137 1958 peae-
2157 1891 2335 1991 sarcergg‘dffdd

2302 1979 2311 2002 υ
2332 1973 2337 1980 .

1392 1975 1471 2036 rotis
1495 1973 1530 2034 de
1552 1972 1766 2052 Propopoadd
1787 1973 1857 2054 fide,
1887 1971 1999 2036 tantae
2020 1975 2070 2036 die
2091 1992 2135 2036 vr.

1392 2177 1443 2223 mo
1469 2168 1499 2223 et
1527 2161 1798 2222 Reverendissimo
1826 2161 1952 2224 domino
1982 2163 2138 2226 Cardinali

1391 2253 1514 2318 Nicolao
1536 2255 1660 2332 Spinola
1677 2255 1816 2318 libellum
1831 2257 2001 2335 supplicem
2016 2272 2139 2334 porrec-

1392 2355 1460 2411 tum
1481 2364 1537 2426 pro
1566 2355 1651 2426 parte
1676 2347 1845 2411 definitorii
1871 2351 2048 2427 provinciae
2079 2351 2139 2412 lra-

1392 2449 1476 2503 trum
1497 2441 1652 2504 llinorum
1668 2441 1924 2504 Discalceatorum
1941 2443 1971 2505 S.
1988 2443 2090 2506 Oidaci
2107 2445 2139 2505 in

1392 2535 1509 2597 llexico
1530 2535 1731 2614 supplicantis
1747 2544 1780 2598 ut
1796 2535 1961 2613 collegium
1977 2553 2031 2600 seu
2046 2539 2140 2600 semi-

1392 2631 1515 2690 narium
1536 2638 1676 2692 erectum
1698 2629 1806 2705 vigore
1828 2631 1979 2693 facultatis
1993 2633 2050 2694 sibi
2065 2649 2140 2695 con·

1393 2740 1493 2786 cessae
1514 2739 1569 2802 per
1591 2723 1690 2785 Breve
1710 2723 1911 2799 apostolicum
1932 2733 2053 2788 sanctae
2073 2743 2140 2788 me-

1394 2817 1508 2877 moriae
1532 2816 1689 2878 Benedicti
1711 2816 1790 2879 Xlll.
1814 2817 1921 2879 datum
1942 2819 2000 2880 sub
2017 2819 2066 2880 die
2089 2837 2138 2880 ιιι.

1393 2909 1496 2988 aprilis
1518 2925 1709 2971 unccxxvn.
1732 2917 1763 2971 et
1784 2927 1857 2972 cum
1878 2928 2030 2974 consensu
2053 2912 2142 2976 Ordi-

1394 3003 1471 3063 narii
1495 3003 1526 3063 in
1548 3012 1707 3065 conventu
1719 3003 1858 3066 eiusdem
1873 3005 2049 3082 provinciae
2065 3007 2143 3068 San·

1393 3097 1432 3158 cti
1456 3097 1607 3160 Francisci
1622 3099 1659 3159 de
1673 3098 1802 3160 Pacbeca
1818 3100 1984 3176 deputetur
1998 3117 2053 3178 pro
2068 3117 2142 3162 con-

1394 3191 1538 3252 versione
1559 3191 1731 3253 infidelium
1754 3191 1916 3268 signanter
1938 3193 2141 3256 existentium

1395 3284 1427 3346 in
1450 3285 1608 3346 montibus
1629 3285 1666 3346 de
1688 3285 1834 3364 Oimapan
1858 3286 1993 3364 locisque
2018 3297 2142 3349 conter-

1393 3379 1497 3454 minis,
1522 3379 1553 3439 in
1582 3380 1696 3457 quibus
1723 3396 1821 3458 usque
1849 3380 1947 3442 aalbuc
1975 3379 2060 3442 nulla
2081 3381 2141 3441 alia

1395 3473 1500 3534 missio
1531 3473 1655 3535 lundata
1687 3474 1860 3551 reperitur,
1887 3489 1959 3535 cum
1991 3481 2142 3552 potestate

1394 3583 1492 3629 sacras
1508 3567 1669 3628 missiones
1684 3567 1715 3627 in
1732 3567 1893 3644 praedictis
1909 3567 2066 3629 montibus
2080 3570 2143 3631 erl·

1395 3661 1487 3736 gendi
1509 3661 1546 3722 ab
1568 3660 1676 3722 eodem
1698 3659 1828 3736 collegio
1850 3662 2070 3738 dependentes,
2092 3672 2143 3725 ut·

1395 3770 1455 3831 que
1483 3755 1627 3816 omnibns
1657 3755 1750 3833 ipsius
1780 3755 1954 3834 provinciae
1982 3756 2013 3820 S.
2038 3757 2141 3820 Didaci

1395 3847 1539 3909 iratribus
1571 3848 1707 3910 districte
1743 3849 1943 3927 prohibeatur
1975 3851 2141 3926 transitus,

1396 3945 1513 4006 nedum
1535 3945 1571 4006 ad
1593 3943 1665 4004 alias
1686 3943 1859 4020 provincias
1874 3951 1905 4004 et
1919 3943 2045 4021 collegia
2069 3945 2143 4005 mis-

1394 4037 1519 4098 sianum
1530 4036 2035 4113 regularisObservantiae,verum
2047 4039 2144 4099 etiam

1396 4135 1430 4195 ad
1441 4133 1600 4195 missiones
1612 4131 1788 4209 provinciae
1799 4132 2054 4194 Discalceatorum
2067 4131 2145 4194 San-

1396 4227 1436 4289 cti
1458 4226 1599 4303 Gregorii
1623 4227 1653 4287 in
1676 4225 1786 4287 insulis
1808 4225 2006 4304 Philippinis,
2029 4227 2145 4304 absque

1396 4321 1543 4400 peculiari
1565 4329 1595 4381 et
1617 4320 1757 4398 expressi
1778 4319 1871 4380 bilius
1892 4335 1991 4381 sacrae
2006 4319 2145 4395 Congre-

1398 4413 1530 4490 gationis
1565 4413 1702 4475 licentia:
1739 4413 1986 4474 Eminentissimi
2018 4421 2143 4490 patres,

1397 4507 1500 4567 andito
1532 4522 1624 4584 super
1653 4505 1798 4584 expositis
1827 4513 1912 4584 patre
1932 4492 2146 4584 'procuratore

1398 4599 1537 4676 generali
1560 4599 1815 4661 Discalceatorum
1838 4607 1868 4660 et
1886 4599 2143 4674 llecollectorum,

1397 4695 1586 4770 inutraque
1618 4693 1754 4769 benigne
1784 4701 1986 4768 annuerunt,
2019 4695 2145 4755 manda-

1397 4794 1536 4864 runtque
1551 4793 1585 4847 ut
1600 4785 1734 4862 religiosi
1746 4783 1780 4845 ad
1795 4785 2060 4848 missionariorum
2076 4801 2148 4846 maa-

1399 4896 1474 4942 nera
1500 4880 1532 4941 in
1561 4879 1704 4956 praelatis
1732 4879 1806 4940 locis
1832 4877 1973 4940 obeunda
2002 4879 2144 4940 destinati

1400 4973 1577 5035 necessariis
1609 4971 1805 5034 facultatibus
1830 4971 1991 5032 dominum
2022 4973 2147 5033 Anchie-

1399 5069 1558 5146 piscopum
1581 5067 1773 5127 llexicanum
1796 5065 1986 5127 ordinarium
2002 5067 2086 5128 adire
2102 5075 2147 5128 te-

1400 5167 1542 5222 neantur.
1568 5160 1678 5221 Datum
1700 5159 1825 5233 Rornae,
1848 5160 1898 5220 die
1918 5167 1949 5220 et
1970 5175 2053 5220 anno
2079 5161 2147 5236 qui-

1399 5254 1455 5314 bus
1477 5269 1577 5330 supra.

1575 5373 1611 5435 V.
1637 5373 1726 5438 Card.
1750 5374 1868 5448 Peras,
1892 5371 2073 5452 praefectus.

1574 5495 1606 5556 F.
1625 5493 1664 5558 lli.
1684 5493 1855 5570 flacescat,
1872 5495 2141 5573 pro-secretarius.

1479 5631 1707 5711 Loco†siqilla'

1398 5875 1532 5918 decretum
1553 5873 1770 5929 congregationis
1793 5873 1978 5930 llpiscoporum
1995 5877 2020 5917 et
2036 5873 2145 5928 Regula·

1398 5941 1469 5986 rium
1485 5952 1563 5998 super
1577 5940 1708 5985 eroctioue
1723 5939 1867 5996 seminarii,
1878 5941 1909 5985 de
1924 5953 1975 5998 qam
1991 5939 2033 5985 lric
2047 5940 2143 5997 agitur.

2157 1996 2337 2050 gationisoeem

1392 2067 1468 2128 lolii
1491 2083 1697 2128 uoccxxxur.
1728 2068 1894 2130 ilelercnte
1923 2069 2139 2130 Eminentissi·
2158 2050 2330 2106 ⁹³3²¹¹⁶²⁴¹F⁵ll
