4866 6980
325 555 424 611 sue.
445 556 513 612 rave
563 563 601 626 32

1062 575 1127 622 lllll·
1151 575 1242 630 PQNT·
1266 573 1306 618 ΒΕ
1328 573 1358 619 1².
1381 573 1410 620 1¹⁸.
1433 575 1516 620 PARS
1538 574 1559 620 1.

2022 543 2025 548 ¹
2114 555 2167 612 An.
2181 557 2211 610 (l.
2240 551 2326 608 1679

544 696 787 775 exequutionem
808 703 1075 774 praemonerent
1096 697 1131 760 ad
1153 711 1287 760 conven-
1340 697 1495 760 sonalibus
1515 697 1646 760 durante
1666 693 1766 757 officio
1787 696 1969 771 commissis,
1991 704 2084 776 prout

543 797 611 854 tum
631 807 685 852 seu
707 790 810 852 locum
830 789 886 851 sibi
910 789 1096 854 destinatum
1118 793 1211 871 possit
1232 793 1286 854 bo-

544 891 632 946 neste
652 883 805 946 accedere.
828 881 981 946 Volumus
1007 891 1162 964 praeterea
1183 901 1217 947 ac
1235 885 1287 948 de·

544 977 700 1040 cernimus
731 977 812 1056 qnod
841 977 867 1038 si
898 977 1008 1056 aliquis
1042 978 1092 1040 vel
1123 979 1217 1059 aliqui
1249 996 1287 1042 ex

544 1071 680 1148 patribus
709 1069 882 1147 vocalibus,
905 1070 954 1132 vel
977 1072 1156 1148 delinitorii,
1178 1089 1194 1133 a
1215 1085 1287 1135 oon-

544 1170 653 1237 ventu,
677 1164 709 1226 in
732 1179 794 1243 quo
809 1163 977 1242 capitulum
1000 1165 1199 1243 provinciale,
1216 1183 1289 1230 con-

545 1257 683 1334 gregatio
700 1257 895 1334 intermedia,
909 1258 959 1320 vel
974 1259 1056 1322 aliud
1071 1261 1287 1340 quodcumque

545 1349 757 1412 definitorium
779 1349 896 1414 luerint
911 1350 1102 1428 celebranda,
1119 1353 1212 1416 etiam
1233 1371 1288 1432 per

545 1443 732 1506 sententiam
760 1444 991 1508 declaratoriam
1012 1445 1044 1508 in
1066 1447 1196 1510 exilium
1217 1447 1288 1510 mit-

544 1548 629 1604 tatur
648 1539 699 1601 vel
723 1539 835 1602 missus
866 1537 972 1614 fuerit,
1002 1557 1066 1603 non
1097 1542 1288 1606 obstantibus

545 1635 697 1714 praedicto
727 1633 821 1694 exilio
844 1639 874 1695 et
895 1633 1140 1712 quibuscumque
1165 1637 1231 1699 aliis
1252 1639 1287 1700 ad

546 1729 691 1793 eumdem
712 1733 901 1791 conventum
923 1733 1061 1807 tempore
1076 1729 1289 1793 celebrationis

545 1821 672 1900 capituli
692 1820 900 1900 provincialis,
922 1823 1169 1898 congregationis
1194 1824 1289 1886 inter·

546 1915 664 1978 mediae
679 1914 729 1976 vel
744 1914 923 1990 delinitorii,
935 1931 990 1993 pro
1001 1916 1146 1993 suffragio
1161 1916 1289 1980 lerendo

546 2008 596 2070 vel
612 2009 643 2070 in
655 2008 830 2072 definitorio
845 2008 1091 2072 iurisdictionem
1106 2009 1289 2087 exercendO,

546 2101 642 2164 iibere
663 2107 694 2162 et
716 2099 799 2162 licite
824 2101 967 2164 accedere
995 2103 1088 2179 possit
1116 2111 1146 2165 et
1178 2104 1288 2178 valeat,

547 2209 604 2256 nec
625 2201 710 2273 pater
731 2193 929 2271 provincialis
944 2202 996 2258 aut
1011 2196 1198 2274 quicumque
1213 2196 1290 2258 alius

546 2288 692 2350 eumdem
714 2287 746 2348 in
768 2285 821 2346 tali
843 2303 964 2350 accessu
985 2287 1051 2350 ullo
1082 2289 1173 2351 modo
1194 2289 1291 2367 impe

547 2379 613 2442 dire
634 2379 739 2458 possit,
761 2379 819 2442 sub
841 2379 937 2457 poeni
968 2381 1148 2458 privationis
1176 2382 1291 2443 utrius·

547 2487 608 2550 que
628 2471 712 2533 vocis
726 2487 781 2549 per
796 2471 1052 2562 quinquennium
1068 2472 1132 2550 ipso
1153 2471 1230 2536 lacto
1246 2473 1293 2534 in-

547 2563 712 2627 currendi:
745 2564 878 2643 capitulo
906 2571 1012 2626 autem
1039 2565 1220 2644 provinciali
1242 2565 1294 2628 vel
1332 2629 1334 2634 ,

547 2656 787 2734 congregatione
813 2657 1009 2732 intermedia,
1038 2658 1089 2720 vel
1114 2657 1291 2722 delinitorio

547 2767 603 2814 seu
623 2751 805 2814 delinitoriis
827 2751 916 2814 sinito
938 2758 969 2814 et
989 2752 1097 2828 sinitis,
1119 2753 1224 2816 statim
1245 2769 1292 2816 re-

549 2845 646 2919 cedat,
669 2850 700 2906 et
721 2843 850 2906 exilium
871 2852 987 2908 servet.

589 2953 653 2998 xvi.
677 2937 735 2998 Per
766 2938 1029 3014 convocatoriam,
1061 2955 1139 3018 quae
1166 2955 1181 2998 a
1207 2946 1294 3020 patre

550 3031 729 3113 provinciali
750 3031 799 3094 vel
821 3049 837 3094 a
857 3031 994 3110 quolibet
1016 3033 1075 3096 alio
1094 3033 1244 3112 superiori
1260 3034 1293 3096 in

551 3125 682 3204 capitulo
709 3123 901 3204 provinciali,
932 3125 1172 3202 congregatione
1200 3125 1294 3188 inter·

550 3219 650 3282 media
671 3218 722 3280 vel
749 3218 806 3279 alia
827 3233 1023 3298 quacumque
1054 3219 1205 3282 electione
1227 3219 1293 3282 iieri

549 3311 638 3387 solet,
661 3317 843 3374 convocatos
864 3311 997 3387 intelligi
1025 3312 1169 3374 volumus
1191 3319 1222 3374 et
1243 3313 1295 3376 de-

550 3405 702 3468 claramus
722 3419 829 3466 omnes
852 3411 882 3466 et
902 3404 1041 3482 singulos
1063 3405 1095 3467 in
1116 3405 1223 3468 babitu
1244 3406 1294 3468 vel

549 3504 629 3573 actu,
652 3497 760 3575 vigore
779 3497 1041 3560 constitutionum
1066 3497 1117 3560 vel
1139 3497 1294 3576 privilegii

550 3601 601 3654 aut
623 3591 709 3671 quasi
729 3591 928 3670 possessionis
949 3592 984 3654 ad
1006 3592 1230 3670 praescriptum
1245 3591 1295 3654 de·

360 2946 395 2990 De
410 2953 532 2990 convoca·

319 2997 530 3046 tionevoceiium.

549 3685 626 3748 creti
652 3685 710 3747 sub
730 3699 863 3748 numero
884 3701 919 3746 ιι.
943 3699 1034 3762 supra
1061 3686 1163 3764 positi,
1191 3687 1223 3748 in
1245 3687 1296 3748 iis·

550 3780 621 3842 dem
632 3778 680 3840 ius
691 3777 825 3855 eligendi
834 3777 993 3854 habentes,
1006 3787 1145 3858 respectu
1160 3796 1294 3858 quorum

456 3939 459 3944 Δ
551 3871 636 3936 nulla
657 3871 725 3934 sieri
745 3872 839 3950 possit
859 3871 1042 3951 prohibitio,
1070 3889 1159 3952 quae,
1181 3874 1206 3936 si
1229 3874 1304 3949 fiat,-

550 3981 606 4044 pro
628 3964 713 4026 nulli
733 3964 892 4041 habeatur,
908 3964 1005 4044 eique
1019 3982 1083 4028 non
1104 3966 1244 4030 obstante
1259 3965 1294 4028 ad

551 4058 734 4123 electionem
757 4057 808 4120 vel
829 4058 1043 4122 delinitorium
1065 4061 1206 4122 accedere
1229 4075 1294 4138 pos·

550 4151 611 4214 sint
633 4157 664 4213 et
686 4151 828 4214 debeant.
858 4151 1141 4230 congregationem
1168 4153 1295 4232 insuper

552 4243 767 4308 intermediam
787 4252 873 4324 pater
893 4246 1092 4324 provincialis
1119 4253 1172 4310 aut
1193 4253 1295 4311 rector

551 4338 727 4416 provinciae
748 4338 835 4400 nullo
852 4339 969 4402 motivo
983 4339 1035 4402 vel
1049 4346 1211 4419 praetentu
1225 4355 1298 4418 pro-

550 4445 660 4508 rogare
680 4430 791 4508 valeat,
814 4432 865 4494 sed
886 4439 1001 4495 statuto
1022 4441 1162 4512 tempore
1183 4433 1216 4494 in
1231 4439 1297 4496 me

551 4523 601 4588 dio
623 4524 830 4602 quadriennii,
853 4525 902 4588 die
927 4525 1044 4588 scilieet
1068 4543 1155 4590 xxiv.
1180 4525 1296 4588 mensis

552 4615 641 4694 iulii,
672 4615 844 4696 praedictae
879 4618 1129 4696 congregationis
1163 4619 1295 4698 primam

551 4711 719 4772 sessionem
740 4725 794 4790 per
819 4725 851 4772 se
873 4710 924 4774 vel
944 4727 999 4791 per
1019 4712 1116 4776 alium
1141 4711 1294 4776 celebrare

552 4810 707 4880 teneatur,
722 4803 781 4866 sub
801 4805 908 4884 poenis
929 4805 1112 4884 privationis
1133 4806 1296 4884 utriusque

552 4897 636 4960 vocis
647 4913 702 4977 per
712 4898 967 4977 quinquennium
979 4899 1192 4979 nullitatisque
1203 4915 1297 4977 agen-

552 4989 663 5054 dorum
685 4991 751 5070 ipso
772 4991 850 5054 lacto
871 4991 1076 5056 incurrendis.

350 5096 534 5166 cosmopoeia
594 5100 672 5148 ιιιιι.
696 5083 893 5146 Prouincialis
914 5102 968 5148 seu
987 5094 1088 5149 uector
1109 5087 1295 5166 provinciae,

323 5152 497 5215 ⁹¹⁰V¹¹¹⁰¹³¹¹⁸'
554 5178 655 5258 elapso
669 5178 718 5241 sui
732 5178 822 5242 oliicii
838 5185 988 5258 tempore,
1004 5195 1105 5242 coram
1121 5180 1297 5243 delinitorio

555 5271 679 5351 capituli
699 5271 895 5349 provincialis
915 5279 996 5333 stare
1021 5279 1163 5338 teneatur
1185 5272 1297 5338 iudicio

554 5364 729 5443 syndicatus
739 5379 795 5426 seu
810 5363 857 5444 (ut
869 5362 993 5444 vocant)
1005 5365 1199 5439 residentiam
1212 5381 1297 5445 prae-

555 5459 672 5524 dictum
682 5466 785 5522 autem
797 5459 1021 5534 delinitorium,
1034 5459 1185 5538 privative
1199 5459 1298 5538 quoad

555 5551 645 5618 aliam
676 5567 902 5630 quamcumque
933 5555 1148 5616 auctoritatem
1176 5552 1226 5616 vel
1253 5553 1300 5616 iu·

556 5645 765 5710 risdictionem
796 5647 889 5708 etiam
919 5647 1013 5724 patris
1045 5646 1239 5726 provincialis
1268 5653 1299 5708 et

555 5739 803 5816 congregationis
831 5739 1055 5816 intermediae,
1085 5738 1218 5804 tumaci
1252 5740 1299 5802 in·

555 5831 701 5894 stantiam
723 5833 873 5910 partium,
900 5840 970 5896 tum
991 5850 1029 5895 eu
1050 5833 1165 5909 officio,
1188 5833 1226 5896 de
1247 5849 1299 5896 ex-

556 5924 690 5990 cessibus
700 5925 972 5993 administrationis
983 5927 1085 6002 cilicii,
1099 5942 1221 5990 necnon
1232 5943 1300 6006 per·

1341 791 1378 856 de
1400 791 1478 865 iure,
1496 789 1666 867 inquirere,
1681 790 1815 854 iudicare
1831 796 1862 852 et
1877 791 2083 852 determinare

1342 890 1493 948 teneatur.
1518 883 1648 960 Verum,
1662 885 1688 946 si
1701 885 1802 963 aliqua
1813 883 1864 947 vel
1879 884 1998 964 aliquae
2011 900 2084 946 con-

1343 987 1388 1042 tra
1408 985 1528 1057 patrem
1543 979 1853 1057 extraprovincialem
1866 987 1918 1042 aut
1932 985 2085 1042 rectorem

1341 1073 1517 1151 provinciae
1538 1069 1718 1136 delerentur
1744 1089 1851 1136 causae
1876 1088 1955 1151 quae
1975 1090 1991 1134 a
2012 1074 2086 1136 deii-

1343 1167 1457 1230 nitorio
1478 1167 1605 1246 capituli
1633 1167 1830 1245 provincialis
1852 1167 1931 1228 intra
1956 1167 2085 1245 quinde-

1343 1261 1403 1324 cim
1424 1260 1488 1322 dies
1505 1277 1577 1323 suae
1592 1259 1762 1324 durationis
1778 1259 1902 1322 deliniri
1917 1267 2084 1338 nequeant,

1343 1354 1518 1416 delinitorio
1534 1353 1658 1433 capituli
1673 1353 1797 1432 privati,
1813 1353 1862 1416 cui
1877 1355 2086 1433 praesentium

1343 1453 1532 1510 statutorum
1573 1453 1665 1525 atque
1699 1445 1940 1510 declarationum
1980 1449 2087 1525 vigore

1345 1540 1447 1604 omnis
1477 1539 1602 1603 iacuitas
1629 1539 1761 1618 desuper
1791 1543 1960 1604 necessaria
1984 1553 2016 1606 et
2036 1560 2088 1623 op-

1345 1641 1477 1712 portuna
1506 1641 1656 1712 perpetuo
1683 1635 1862 1698 conceditur
1889 1643 1920 1698 et
1947 1652 2088 1700 concessa

1345 1725 1527 1802 declaratur,
1550 1725 1740 1804 deierantur,
1757 1736 1911 1806 quatenus
1931 1729 2013 1791 intra
2028 1737 2088 1791 ter-

1346 1821 1470 1884 minum
1491 1820 1663 1899 praecisum
1684 1820 1817 1884 duorum
1842 1822 1999 1884 mensium
2018 1837 2090 1884 can-

1345 1930 1411 1976 sam
1440 1913 1490 1976 vel
1510 1930 1613 1976 causas
1644 1913 1701 1976 sibi
1732 1913 1862 1988 delatm,
1894 1925 1986 1990 prout
2013 1913 2089 1975 iuris

1346 2005 1450 2082 luerit,
1484 2006 1572 2070 liniat
1592 2013 1623 2068 et
1643 2005 1847 2080 determinet,
1881 2006 2036 2084 finireque
2056 2013 2088 2068 et

1347 2100 1554 2162 determinare
1582 2099 1708 2162 omnino
1736 2105 1898 2174 teneatur3
1926 2099 2090 2177 exprovin·

1346 2193 1429 2256 cialis
1460 2199 1565 2256 autem
1592 2192 1643 2254 vel
1663 2199 1765 2256 rector
1793 2192 1988 2270 provinciae,
2015 2208 2091 2270 quo-

1347 2301 1446 2364 usque
1477 2286 1625 2348 iudicium
1656 2285 1831 2363 syndicatus
1865 2285 2092 2348 sententialiter

1346 2378 1521 2441 absolutum
1542 2395 1606 2440 non
1628 2377 1735 2454 luerit,
1756 2377 1792 2440 ad
1814 2393 2026 2457 quaecumque
2046 2379 2090 2440 ol-

1347 2471 1413 2534 srcia
1446 2471 1538 2534 etiam
1569 2471 1699 2534 minima
1720 2470 1862 2534 inhabilis
1893 2471 2022 2534 omnino
2043 2487 2090 2534 re·

1347 2569 1480 2626 maneat.
2418 2613 2419 2624 ,

1387 2673 1478 2720 xviri.
1500 2657 1763 2736 Quandocumque
1784 2655 1951 2734 contigerit
1967 2657 2092 2734 religio-
2109 2658 2337 2718 cumscriptione
2418 2651 2419 2720 ξ

2109 2711 2296 2770 religiosorum
2308 2726 2336 2760 a·
2418 2739 2419 2744 =

1347 2765 1395 2812 sos
1415 2749 1542 2813 alterius
1562 2751 1739 2830 provinciae
1768 2751 1908 2814 alumnos
1929 2749 2001 2812 huic
2022 2765 2092 2828 pro·
2109 2765 2203 2812 irarum
2221 2768 2335 2825 provin-

2108 2819 2230 2866 ciarum
2262 2822 2334 2868 huic
2418 2857 2419 2862 ,

1348 2844 1467 2908 vinciae
1487 2843 1627 2918 Quitcnsi
1645 2843 1775 2919 alliliari,
1791 2853 1859 2906 tum
1873 2845 2091 2908 confirmantes
2109 2874 2233 2928 Qunam,

1349 2945 1380 3000 et
1400 2939 1515 3016 partim
1537 2938 1730 2999 moderantes
1751 2938 1871 3000 decreta
1899 2938 2092 3001 reverendis-

1348 3031 1500 3092 simorum
1531 3037 1655 3108 patrum
1684 3031 1718 3093 in
1750 3031 1901 3110 praedicta
1935 3032 2092 3111 provincii

1349 3123 1489 3200 admissa,
1510 3139 1632 3186 necnon
1654 3123 1740 3186 iuxta
1754 3125 1875 3188 decreta
1894 3126 2019 3205 capituli
2041 3143 2092 3204 ge-

1349 3216 1463 3279 neralis
1483 3216 1629 3280 celebrati
1649 3233 1730 3280 anno
1752 3227 1978 3294 uncux1.,ta1n
1999 3219 2093 3283 licen-

1350 3310 1462 3372 tiama
1490 3316 1577 3387 patre
1608 3311 1865 3374 reverendissimo
1887 3312 2031 3388 generali
2059 3313 2092 3374 in

1350 3404 1469 3482 scriptis
1496 3403 1686 3479 habendam,
1714 3419 1807 3482 quam
1834 3421 2019 3469 eonsensum
2040 3421 2093 3467 au·

1350 3497 1525 3560 theuticum
1546 3496 1710 3575 utriusque
1724 3497 1894 3560 definitorii
1909 3497 2018 3562 saltem
2031 3500 2093 3579 pri·

1350 3591 1413 3652 vati
1434 3590 1528 3654 unius
1555 3596 1586 3652 et
1610 3590 1738 3652 alterius
1768 3591 1963 3670 provinciae,
1989 3609 2093 3671 aqua

1350 3683 1467 3746 scilicet
1488 3691 1520 3745 et
1540 3683 1582 3744 ud
1602 3698 1709 3760 quom,
1732 3699 1787 3762 pro
1813 3683 1970 3747 validitate
1990 3685 2094 3748 allilia-

1352 3776 1443 3838 tionis
1464 3777 1592 3838 omnino
1613 3776 1806 3838 intervenire
1823 3776 1934 3840 debere
1955 3779 2093 3841 decerni·

1351 3885 1420 3930 mus
1441 3875 1472 3930 et
1498 3867 1705 3946 declaramus;
1733 3885 1822 3932 secus
1848 3869 1984 3932 affiliatio
2006 3871 2094 3934 irrita

1350 3969 1381 4025 et
1402 3961 1488 4024 nulla
1508 3954 1555 4023 'sit
1575 3962 1640 4040 ipso
1667 3961 1745 4024 iacto
1773 3969 1804 4024 et
1824 3961 1939 4042 absque
1964 3963 2021 4025 alii
2042 3966 2093 4026 de·

1349 4055 1527 4118 eiuratione.
1544 4053 1656 4118 Nullus
1672 4055 1747 4118 item
1761 4055 1889 4120 alterius
1903 4056 2091 4136 provinciae,

1351 4147 1411 4210 nisi
1431 4137 1629 4225 priuseiitem
1650 4147 1788 4225 legitime
1809 4149 1952 4212 alliliauus
1972 4151 2023 4226 sit,
2039 4165 2094 4212 nc-

1350 4257 1411 4320 que
1432 4241 1542 4321 aliquis
1570 4258 1608 4304 ex
1629 4257 1693 4304 non
1715 4241 1832 4306 iterum
1862 4243 2009 4321 affiliatis,
2033 4244 2094 4306 nisi

1351 4333 1487 4398 triennio
1508 4341 1689 4398 transactoa
1704 4335 1753 4398 die
1771 4335 1924 4412 legitimae
1946 4337 2094 4400 affiliatio-

1352 4429 1411 4504 niS,
1434 4428 1467 4491 in
1481 4429 1678 4492 definitorem
1693 4429 1743 4491 vel
1764 4428 1968 4506 visitatorem,
1984 4445 2093 4508 regen-

1352 4531 1434 4598 tem,
1459 4522 1680 4597 secretarium,
1705 4523 1916 4586 doctrinarum
1941 4524 2093 4604 priorem,

1352 4633 1406 4679 seu
1434 4615 1586 4678 vicarium
1606 4615 1830 4696 cuiuscumque
1850 4624 2023 4682 conventus
2044 4618 2096 4680 vel

1352 4709 1473 4786 domus,
1494 4709 1589 4772 etiam
1619 4709 1777 4786 Indorum,
1807 4709 1859 4772 vel
1879 4711 1995 4790 praedii
2022 4711 2095 4788 eligi

1352 4809 1405 4864 aut
1425 4802 1565 4881 deputari
1596 4802 1705 4882 possit;
1728 4819 1815 4866 secus
1843 4802 1952 4867 electio
1972 4803 2023 4866 vel
2044 4805 2095 4867 de·

1352 4896 1469 4975 putatio
1491 4896 1579 4957 irrita
1600 4901 1630 4957 et
1651 4894 1737 4958 nulla
1752 4896 1791 4959 sit
1805 4897 1871 4977 ipso
1891 4896 1970 4961 lacto
1984 4903 2016 4960 et
2029 4895 2095 4960 abs·

1352 5004 1412 5067 que
1434 4989 1490 5051 alia
1511 4987 1726 5052 declaratione.
2418 5059 2419 5062 ,

1393 5098 1459 5144 ltili.
1484 5081 1517 5145 Si
1538 5089 1639 5160 pastor
1667 5083 1864 5161 provincialis
1885 5091 1937 5147 dut
1963 5083 2094 5164 quilibet
2125 5103 2178 5166 be
2192 5099 2326 5148 renuncia·
2418 5113 2419 5116 ¹

1352 5175 1430 5238 alius
1451 5191 1489 5238 en
1510 5191 1624 5238 novem
1644 5177 1811 5241 delinitorii
1835 5177 2095 5257 patribuslegiti-
2113 5155 2239 5203 trontius.

1354 5270 1404 5332 mi
1425 5285 1463 5330 eu
1493 5270 1581 5332 causi
1611 5267 1712 5332 officio
1736 5286 1792 5333 suo
1819 5271 1915 5333 semel
1941 5280 2094 5351 acceptato

1354 5363 1538 5426 renunciare
1559 5363 1704 5440 voluerit,
1726 5378 1829 5426 coram
1854 5365 2028 5428 delinitorio
2048 5383 2095 5430 ca·

1354 5455 1444 5534 pituli
1474 5455 1669 5534 provincialis
1698 5456 1749 5518 vel
1773 5458 2021 5534 congregationis
2048 5459 2097 5522 in-

1356 5551 1522 5613 termediae
1542 5549 1572 5613 id
1593 5549 1692 5614 iacere
1713 5550 1796 5612 licite
1815 5551 1910 5629 possit
1930 5558 1963 5614 et
1983 5553 2093 5632 valeal3

1354 5643 1544 5722 praedictum
1565 5649 1669 5706 autem
1691 5643 1918 5723 definitorium,
1940 5645 2029 5710 causi
2049 5663 2095 5710 re·

1355 5736 1563 5800 nunciationis
1597 5735 1761 5815 approbati
1800 5739 2097 5820 renunciationeque

1351 5831 1516 5909 *acceptata
1531 5838 1566 5892 ut
1580 5827 1716 5892 delectus
1730 5831 1943 5894 renunciantis
1956 5833 2095 5913 supplea-

1356 5931 1418 5999 tur,
1440 5931 1533 6001 prout
1553 5924 1591 5986 de
1612 5923 1691 5999 iure,
1713 5924 1843 5988 omnino
1867 5925 2032 6004 procedere
2052 5933 2096 5990 tc·
