4880 6982
341 557 530 613 tn.c.1t1a
579 534 646 620 298¹
1079 577 1142 622 ron.
1167 575 1257 620 aoxr.
1283 575 1322 619 nn
1344 576 1372 620 a.
1397 575 1426 620 r.
1451 577 1533 622 anns
1555 577 1576 622 1.

560 694 592 756 in
616 693 818 757 ecclesiastica
844 693 994 770 dignitate
1024 694 1210 756 constitutae
1237 711 1305 756 mu·

559 787 644 862 nitis,
667 789 774 850 eadem
796 803 921 867 prorsus
943 787 1017 848 tides
1033 787 1064 848 in
1080 786 1193 850 iudicio
1207 795 1238 850 et
1253 803 1305 849 ex·

558 889 605 942 tra
627 881 818 955 adhibeatur,
842 896 919 958 quae
940 880 1012 958 ipsis
1027 881 1240 958 praesentibus
1255 883 1305 943 ad-

558 974 730 1049 hiberetur,
746 973 771 1035 si
786 973 889 1035 locent
904 973 1059 1035 exhibitae
1080 974 1130 1036 vel
1153 983 1302 1037 ostensae.

598 1067 709 1128 Datum
730 1066 856 1139 Romae,
873 1067 952 1144 apud
969 1065 999 1128 S.
1017 1066 1156 1140 Petrum,
1179 1067 1237 1129 sub
1251 1083 1304 1130 an-

558 1159 633 1222 nulo
645 1159 817 1234 Piscatoris,
828 1159 876 1220 die
888 1175 962 1219 xxv.
973 1158 1303 1236 februaritunccxm,

559 1251 754 1331 pontificatus
776 1251 876 1312 nostri
898 1267 980 1313 anno
1002 1267 1073 1314 xvir.

878 1537 982 1599 XLlll.

562 1719 737 1800 confirmat
759 1721 921 1783 decretam
945 1720 1210 1800 Cotrgrepotionis
1232 1722 1305 1798 Epi-

599 1829 765 1891 scoporom
793 1819 823 1874 ct
856 1813 1070 1891 chclcriom
1092 1813 1128 1874 dc
1149 1811 1306 1892 stcffrcgio

600 1906 793 1968 concedendo
823 1905 1045 1983 superioribas
1078 1907 1306 1984 cuiuscumque

601 2007 775 2060 collocatas
798 2001 960 2064 Minorem
982 2000 1018 2060 de
1039 1997 1249 2062 Obserrantiti
1272 2000 1304 2060 io

600 2093 776 2170 prouinciis
813 2092 982 2154 lectorum
1027 2091 1303 2162 occidentalium,

599 2201 662 2247 :tort
678 2183 822 2248 obstante
837 2187 1070 2247 corastittttiortc
1086 2185 1185 2248 Porcii
1202 2185 1230 2246 V.
1245 2183 1302 2266 (l).

759 2353 945 2422 etentes
969 2354 1101 2422 er.tt

703 2477 1159 2546 mmmmmmm

349 2661 539 2720 rvcsupertorcs
597 2657 665 2731 §l
697 2655 804 2733 Nuper
830 2672 885 2734 pro
913 2663 1000 2732 parte
1031 2653 1133 2716 dilecti
1157 2655 1210 2716 srlii
1244 2655 1305 2716 bn·

326 2729 464 2820 ssssbvrssiffl
484 2725 539 2814 23⁰1?
557 2750 649 2811 dreae
676 2747 714 2809 de
741 2747 845 2823 Ouiles
873 2747 974 2810 iratris
1006 2763 1148 2825 expresse
1178 2747 1304 2826 professi

326 2823 540 2935 {ffiffiuligssfssssf
558 2842 681 2905 Ordinis
712 2841 868 2903 lilinorum
897 2842 928 2904 S.
952 2841 1107 2903 Francisci
1133 2841 1171 2902 de
1197 2840 1305 2903 Obser-

325 2928 537 3032 gaeggetligggffgj
558 2934 664 2996 ventii
684 2941 953 3012 nuncupatorum,
983 2933 1190 3012 procuratoris
1212 2949 1305 3010 gene·

326 3037 483 3086 constituito.
557 3027 628 3088 ralis
649 3027 683 3087 in
705 3026 788 3088 curia
817 3026 988 3088 Matritensi
1015 3025 1158 3087 omnium
1179 3027 1304 3104 provin-

557 3121 675 3183 ciarum
704 3119 863 3181 indiarum
891 3117 1135 3182 Occidentalium
1165 3118 1304 3180 eiusdem

557 3212 695 3286 Ordinis,
719 3211 957 3288 congregationi
990 3211 1218 3273 venerabilium
1247 3210 1304 3272 lra-

557 3313 644 3368 trum
665 3311 846 3366 nostrorum
868 3301 899 3366 S.
917 3302 999 3364 tte.
1017 3301 1229 3365 cardinalium
1251 3320 1306 3366 nc-

557 3397 648 3474 gotiis
679 3405 710 3458 et
731 3395 1009 3458 consultationibus
1032 3396 1253 3474 cpiscoporum
1274 3405 1304 3460 et

556 3489 759 3566 ttegutanun
770 3489 958 3567 praepositae
971 3489 1119 3568 exposito,
1130 3491 1223 3568 quod,
1232 3506 1302 3552 cum

555 3601 571 3644 a
594 3581 775 3658 longissimo
795 3587 938 3660 tempore
959 3582 992 3644 in
1014 3581 1155 3660 pluribus
1170 3598 1305 3644 conven-

559 3675 642 3738 tibus
662 3681 693 3736 et
715 3674 857 3737 domibus
878 3675 1059 3736 earumdem
1074 3675 1305 3754 provinciarum

557 3768 596 3829 ob
617 3767 765 3829 indorum
793 3775 1004 3847 paupertatem
1025 3769 1157 3843 exiguus
1182 3768 1304 3845 religio-

557 3875 664 3920 sorum
685 3875 837 3921 numerus
858 3867 1046 3922 sustentatus
1075 3861 1194 3935 luisset,
1217 3859 1304 3924 dicti-

558 3969 619 4030 que
640 3952 776 4028 religiosi
805 3953 1002 4016 instructioni
1029 3953 1154 4015 illorum
1177 3955 1304 4033 populo-

557 4061 630 4107 rum
644 4061 699 4123 pro
713 4046 922 4108 conservandi
935 4045 992 4108 lide
1004 4045 1151 4108 catholica
1164 4048 1303 4110 sedulam

556 4153 682 4216 operam
703 4146 877 4212 navassem,
891 4146 1047 4214 evenerat,
1061 4148 1154 4218 prout
1169 4142 1206 4204 de
1220 4158 1307 4220 prae-

557 4233 640 4293 senti
661 4231 833 4305 eveniebat,
856 4239 892 4294 ut
913 4231 1048 4308 religiosi
1071 4235 1250 4297 huiusmodi
1272 4237 1303 4298 in

557 4325 658 4403 aliqui
674 4342 712 4387 ex
729 4325 818 4387 dictis
834 4325 975 4388 domibus
991 4335 1065 4402 tres,
1079 4329 1110 4389 in
1126 4329 1220 4390 altera
1231 4331 1303 4406 cluo,

558 4419 591 4479 in
613 4417 669 4478 alib
684 4433 759 4478 vero
775 4434 856 4480 unus
873 4425 998 4480 tantum
1013 4421 1241 4498 reperirentur,
1259 4440 1303 4498 ac,

558 4516 677 4572 attento
699 4517 762 4571 tarn
782 4511 895 4587 exiguo
921 4512 1138 4588 religiosorum
1160 4531 1303 4590 numero,

560 4603 722 4680 guardiam
743 4611 773 4666 et
793 4606 967 4683 superiores
993 4607 1174 4670 earumdem
1201 4611 1306 4671 domo·

559 4712 631 4758 rum
654 4696 794 4775 impediti
816 4697 933 4760 luerint
955 4699 1009 4778 qui
1024 4707 1094 4762 vota
1116 4702 1182 4762 sive
1199 4701 1306 4762 sulita-

560 4789 608 4865 gia
631 4790 663 4850 in
685 4805 794 4851 eorum
819 4792 959 4868 capitulis
981 4793 1220 4872 provincialibus
1242 4795 1306 4856 abs-

559 4897 619 4960 que
635 4885 758 4944 notorio
773 4884 913 4946 scandalo
929 4884 1010 4947 lerre
1025 4889 1184 4966 potuerint
1195 4888 1228 4949 in
1240 4888 1305 4949 vim

558 4977 763 5052 quarumdam
786 4976 961 5040 litterarum
977 4979 1072 5041 lelicis
1087 4981 1305 5043 recordationis

559 5067 643 5130 Pauli
657 5069 713 5129 ΡΡ.
733 5069 769 5130 V.
784 5071 1022 5147 praedecessoris
1037 5073 1134 5134 nostri
1149 5073 1198 5134 die
1210 5089 1303 5134 xxm.

559 5161 730 5222 decembris
762 5179 873 5224 unrrxr.
899 5163 1128 5241 expeditarum,
1157 5183 1212 5243 per
1232 5184 1306 5244 quas

557 5252 750 5314 statuebatur
771 5263 806 5315 ut
828 5261 1000 5316 conventus
1018 5257 1164 5332 praedicti
1185 5259 1308 5336 suppri-

559 5345 614 5418 mi,
637 5361 747 5406 eorum
769 5363 843 5407 vero
866 5346 1002 5424 religiosi
1025 5349 1061 5409 ad
1083 5347 1157 5408 alios
1171 5365 1306 5410 conven-

560 5444 609 5498 tus
637 5437 860 5500 commodiores
889 5440 1049 5502 transferri
1082 5441 1248 5518 deberent:
1276 5451 1306 5504 et

559 5528 641 5604 aliis,
665 5537 759 5607 prout
780 5531 812 5592 in
834 5532 995 5608 praedictis
1028 5532 1149 5607 litteris,
1172 5551 1306 5612 quarum

561 5630 702 5684 tenorem
733 5625 947 5700 praesentibus
975 5642 1030 5704 pro
1056 5627 1148 5704 plene
1170 5635 1200 5688 et
1221 5628 1306 5689 suill-

559 5715 677 5777 cienter
703 5732 846 5794 expresso
869 5735 902 5781 ac
923 5719 960 5781 de
988 5721 1082 5782 verbo
1109 5723 1145 5783 ad
1173 5721 1305 5784 verbum

601 5927 631 5989 tlt
646 5927 683 5972 ltx
697 5928 800 5986 Regest.
816 5927 844 5974 in
858 5930 933 5976 arch.
949 5933 1021 5978 Brea.

1362 692 1478 754 inserto
1502 693 1604 755 baberi
1627 694 1784 768 volumus,
1801 693 1929 757 uberius
1951 694 2109 758 dicebatur

1361 786 1530 849 contineri:
1548 793 1578 848 et
1594 787 1626 848 in
1642 786 1746 849 eadem
1768 787 1961 866 expositione
1981 788 2110 850 subiun-

1362 885 1410 940 cto
1432 881 1513 958 quod
1525 881 1690 942 memorati
1706 880 1790 941 Pauli
1805 880 2046 958 praedecessoris
2061 881 2111 942 lit-

1363 979 1445 1034 terae
1473 974 1648 1035 executioni
1677 973 1878 1035 demandatae
1908 973 2038 1034 minime
2063 989 2111 1034 re-

1362 1066 1571 1143 periebantur,
1584 1065 1636 1128 sed
1658 1064 1761 1128 solum
1782 1065 1995 1142 allegabantur
2016 1067 2051 1128 ad
2066 1066 2110 1128 io-

1361 1158 2111 1237 vendasdissensiones,proutvenerabilislrater

1362 1251 1530 1314 modernos
1542 1252 1796 1331 archiepiscopus
1807 1251 1838 1313 S.
1852 1251 1937 1314 Fidei
1950 1252 1982 1312 in
1995 1251 2110 1313 eisdem

1363 1344 1456 1406 indiis
1487 1345 1659 1422 praedictae
1690 1344 1932 1422 congregationi
1965 1344 2111 1408 cardina·

1363 1437 1439 1498 lium
1462 1437 1628 1499 retulerat:
1653 1437 1864 1516 proindeque,
1887 1443 1922 1498 ut
1943 1437 2025 1498 inter
2046 1452 2110 1498 me-

1363 1539 1498 1592 moratos
1519 1529 1679 1606 religiosos
1700 1535 1808 1592 mutua
1830 1529 1934 1590 animo
1957 1529 2110 1608 tranquil-

1362 1621 1430 1684 litas
1450 1622 1652 1697 stabiliretur,
1668 1623 1770 1684 eidem
1786 1622 2027 1699 congregationi
2039 1621 2110 1684 car-

1363 1715 1513 1776 dinaliom
1539 1715 1708 1794 supplicato
1730 1721 1765 1776 ut
1787 1715 1864 1776 circa
1892 1714 2057 1794 praemissa
2079 1714 2107 1775 id

1362 1811 1443 1889 quod
1466 1811 1539 1874 aliis
1553 1812 1589 1872 ad
1612 1811 1749 1874 lavorem
1763 1811 1996 1889 provinciarum
2013 1811 2110 1874 Flori-

1363 1906 1417 1966 dae
1442 1913 1473 1966 et
1502 1906 1540 1966 de
1566 1905 1777 1982 Ruenosapres
1805 1904 1938 1966 fratrum
1969 1904 2109 1966 eiusdem

1362 1996 1495 2072 Ordinis,
1529 2013 1651 2060 necnon
1682 1995 1712 2060 S.
1737 1997 1888 2058 Antonini
1917 1997 1991 2058 novi
2019 1997 2109 2072 regni

1362 2087 1511 2151 Granatae
1526 2097 1556 2151 et
1572 2089 1602 2151 S.
1616 2089 1723 2150 crucis
1739 2089 1860 2152 Ordinis
1874 2087 2006 2150 lratrum
2021 2088 2109 2149 Prae-

1362 2183 1533 2245 dicatorum
1548 2183 1580 2242 in
1595 2182 1712 2244 eisdem
1727 2182 1820 2244 lndiis
1832 2182 1881 2244 die
1896 2197 1963 2242 xxx.
1981 2197 2108 2244 novem-

1363 2277 1425 2338 bris
1457 2293 1601 2338 nnccvrr.
1633 2283 1664 2337 et
1690 2276 1739 2338 die
1764 2291 1818 2335 xx.
1849 2274 1916 2336 iulii
1948 2291 2105 2337 noccvnr.

1362 2385 1484 2432 necnon
1500 2370 1549 2432 die
1565 2386 1595 2430 x.
1611 2367 1690 2433 iunii
1705 2368 1779 2430 anni
1795 2369 1936 2446 proxime
1951 2370 2109 2447 praeteriti

1362 2463 1548 2542 rescriptum
1579 2463 1696 2537 luerat,
1719 2477 1833 2540 nempe
1857 2469 1907 2534 ut,
1930 2463 2109 2524 memoratis

1362 2556 1447 2618 Pauli
1459 2556 1699 2634 praedecessoris
1713 2555 1826 2617 litteris
1841 2555 1971 2616 minime
1987 2556 2110 2618 obstan-

1364 2649 1456 2722 tibus,
1474 2649 1567 2711 etiam
1583 2649 1616 2710 in
1632 2648 1759 2726 reliquis
1774 2648 1956 2726 supradictis
1970 2649 2109 2712 eiusdem

1361 2741 1483 2805 Ordinis
1495 2741 1598 2804 Sancti
1611 2741 1763 2804 lirancisci
1774 2741 1813 2802 de
1827 2741 2025 2804 Observantia
2040 2759 2111 2820 pro-

1362 2835 1472 2897 vinciis
1493 2835 1610 2896 servari
1634 2837 1871 2898 decerneretur:
1896 2836 2051 2898 emanavit
2073 2837 2109 2898 ab

1362 2929 1469 2990 eadem
1486 2929 1734 3005 congregatione
1749 2927 1908 2990 decretum
1925 2929 2040 2990 tenoris
2055 2931 2109 3007 qui

1361 3021 1513 3099 sequitur,
1537 3021 1696 3084 videlicet:

2139 568 2192 617 An.
2207 567 2238 616 O.
2264 563 2335 616 tata

1402 3205 2109 3286 «Sacracongregatioeminentissimorumet
2136 3237 2344 3282 secretumron-

1361 3301 1696 3366 reverendissimorum
1726 3303 1756 3367 S.
1780 3305 1814 3366 tt.
1838 3304 1873 3364 E.
1898 3303 2108 3366 cardinalium
2127 3291 2297 3346 ⁸m⁸²¹¹⁰¹¹li

1362 3394 1494 3470 negotiis
1518 3401 1550 3456 et
1577 3396 1854 3460 consultationibus
1886 3397 2107 3476 cpiscoporum

1361 3493 1392 3549 et
1413 3487 1617 3565 Regularium
1632 3491 1812 3568 praeposita,
1829 3492 1864 3554 acl
1880 3505 1973 3569 quam
1985 3491 2109 3554 sanctis·

1361 3580 1457 3642 simus
1480 3581 1624 3643 dominus
1646 3589 1751 3643 noster
1775 3583 1945 3662 supplicem
1967 3585 2052 3647 bunc
2073 3584 2107 3645 li-

1362 3673 1479 3735 bellum
1510 3675 1648 3750 remisit,
1676 3677 1780 3738 audito
1802 3685 1890 3755 patre
1911 3683 2109 3756 procuratore

1362 3765 1498 3842 generali
1520 3765 1659 3842 Ordinis,
1683 3767 1839 3831 relerente
1861 3769 2108 3831 eminentissimo

1361 3859 1398 3920 de
1420 3858 1536 3934 bbdua,
1560 3860 1682 3922 censuit
1703 3877 1737 3923 ac
1757 3861 1893 3924 decrevit
1918 3861 2108 3925 servandum

1360 3952 1498 4026 solitum,
1521 3953 1685 4016 enunciata
1707 3953 1797 4016 Brevi
1819 3955 1850 4018 S.
1866 3953 1904 4018 tt.
1921 3955 2007 4016 Pauli
2023 3953 2059 4017 V.
2078 3963 2108 4016 et

1360 4044 1427 4106 aliis
1442 4045 1688 4124 quibuscumque
1704 4061 1768 4108 non
1783 4048 1983 4110 obstantibus.
1995 4048 2109 4111 Romae

1362 4153 1426 4198 xvv.
1451 4138 1554 4199 martii
1576 4155 1733 4201 uoccxm.
1755 4140 1789 4202 O.
1808 4141 1977 4204 cardinalis
1992 4143 2109 4205 cnarr-

1362 4247 1451 4294 ncus.
1475 4232 1509 4293 T.
1530 4231 1566 4294 t.
1591 4231 1742 4296 Nicaenus
1763 4234 1988 4298 secretarius.»

1401 4422 1420 4496 ἓ
1442 4421 1470 4482 2.
1496 4421 1575 4484 cum
1596 4427 1720 4496 autem,
1752 4421 1831 4484 sicut
1852 4421 1951 4485 dictus
1971 4419 2109 4485 Andreas

2175 4455 2337 4500 confirmatio

1362 4513 1450 4576 nobis
1480 4515 1611 4576 subinde
1642 4514 1756 4592 exponi
1785 4514 1874 4590 lecit,
1911 4515 1975 4594 ipse
2005 4507 2202 4578 decre·relati
2220 4509 2320 4555 caereo.

1363 4613 1430 4670 turn
1452 4605 1642 4681 huiusmodi,
1665 4622 1727 4684 quo
1755 4608 1875 4670 tirmius
1904 4609 2048 4670 subsistat
2077 4616 2108 4670 et

1361 4707 1505 4761 servetur
1536 4699 1689 4772 exactius,
1726 4700 1907 4778 apostolicae
1945 4702 2110 4764 confirma·

1364 4792 1455 4853 tionis
1484 4799 1607 4854 nostrae
1631 4792 1801 4869 patrocinio
1826 4795 2015 4856 communiri
2041 4795 2108 4872 plu·

1363 4885 1479 4946 rimum
1501 4885 1668 4946 desideret:
1693 4902 1761 4960 nos,
1784 4885 1879 4964 ipsius
1893 4885 2035 4948 Andreae
2055 4904 2108 4948 vo·

1363 4979 1401 5040 tis
1423 4979 1532 5040 bacin
1557 4993 1602 5053 re,
1624 4987 1775 5056 quantum
1797 4995 1868 5042 cum
1888 4979 2020 5041 Domino
2042 4996 2109 5058 pos·

1362 5087 1490 5145 sumus,
1528 5070 1737 5133 lavorabiliter
1771 5087 1911 5134 annuere
1945 5072 2107 5147 volentes,

1363 5179 1498 5242 eumque
1526 5181 1542 5225 a
1573 5162 1733 5241 quibusvis
1761 5165 2106 5240 excommunicationis,

1361 5256 1573 5334 suspensionis
1590 5263 1622 5317 et
1636 5256 1804 5332 interdicti,
1827 5257 2108 5338 aliisqueecclesia-

1362 5349 1445 5410 sticis
1466 5348 1642 5425 sententiis,
1666 5350 1804 5412 censuris
1826 5359 1857 5413 et
1877 5351 1995 5431 poenis,
2009 5369 2024 5412 a
2040 5352 2109 5415 iure

1363 5442 1412 5503 vel
1433 5442 1470 5504 ab
1491 5442 1761 5520 bomine,.quavis
1782 5443 1939 5506 occasione
1959 5445 2108 5508 velcausa

1363 5534 1441 5610 latis,
1453 5535 1479 5596 si
1494 5535 1606 5612 quibus
1617 5535 1849 5614 quomodolibet
1863 5537 2029 5601 innodatus
2043 5539 2107 5602 exi-

1361 5629 1426 5702 stit,
1439 5629 1474 5691 ad
1487 5628 1631 5691 ellectum
1643 5628 1853 5706 praesentium
1865 5631 2024 5693 dumtaxat
2036 5648 2109 5694 con-

1361 5723 1567 5800 sequendum,
1584 5723 1695 5784 barum
1709 5723 1790 5784 serie
1805 5723 1998 5786 absolventes
2013 5733 2044 5787 et
2058 5725 2109 5788 ab·
