4836 6998
992 599 1134 644 CLEMENS
1156 593 1213 642 xit.

528 762 715 831 exemtus
738 765 796 831 ΡΡ.
816 765 872 832 llll.
932 823 934 826 .

473 901 510 969 ad
532 903 662 970 tutorem
686 903 729 970 rei
752 904 931 972 memoriam.

134 1098 202 1145 Facti
222 1097 306 1144 series·
367 1093 386 1166 ἓ
411 1093 438 1154 l.
462 1093 582 1172 Exponi
598 1094 686 1156 nobis
701 1110 802 1172 nuper
817 1093 957 1156 lecerunt
972 1092 1074 1155 dilecti

141 2773 306 2821 confirmatio

91 2824 196 2872 decreti.

123 5569 300 5615 praesentiam

84 5621 234 5668 litterarum
255 5623 301 5669 ob—

328 1185 384 1246 tilii
406 1185 495 1248 abbas
524 1195 555 1248 et
580 1187 723 1249 odiciales
748 1186 1006 1263 congregationis
1028 1203 1076 1247 ec·

328 1277 512 1341 olcsiasticae
523 1280 581 1341 sub
595 1279 791 1342 invocatione
808 1279 840 1343 S.
858 1281 939 1342 Petri
956 1280 988 1341 in
1003 1295 1076 1340 con-

327 1378 425 1433 uentu
447 1371 502 1434 SS.
526 1373 685 1436 Trinitatis
706 1374 839 1436 civitatis
853 1373 1027 1435 lilexicanae
1041 1372 1074 1433 in

326 1463 422 1526 lndiis
444 1465 591 1527 canonice
606 1465 655 1544 (ut
671 1466 830 1542 asseritur)
845 1473 976 1539 erectae,
993 1463 1073 1542 quod

328 1556 396 1634 ipsi,
419 1573 490 1620 cum
512 1560 732 1638 approbatione
761 1557 947 1620 venerabilis
972 1557 1074 1620 iratris

327 1651 471 1713 moderni
493 1652 711 1730 archiepiscopi
732 1651 892 1728 llexicani,
913 1653 1074 1714 decretum

327 1745 504 1820 ediderunt,
521 1753 556 1808 ut
570 1745 718 1808 mulieres
732 1746 956 1822 cuiuscumque
978 1751 1074 1806 status

328 1845 358 1899 et
379 1838 584 1913 conditionis,
607 1840 699 1900 etiam
723 1839 755 1900 in
777 1855 848 1902 casu
870 1837 1072 1912 infirmitatis,

327 1932 509 1992 eorumdem
531 1933 757 2010 exponentium
778 1931 956 2010 collegium,
973 1931 1074 2008 hospi-

327 2023 404 2096 tale,
435 2026 582 2100 domum,
604 2033 636 2087 et
664 2025 833 2104 quamlibet
861 2026 950 2110 aliam
976 2024 1073 2087 dictae

327 2120 576 2196 congregationis
591 2121 815 2182 habitationem
831 2119 952 2197 ingredi
965 2119 1074 2196 nequi-

327 2221 409 2288 rent,
434 2214 510 2275 itaut
538 2213 661 2276 decreto
689 2213 864 2276 huiusmodi
885 2213 943 2274 sub
964 2212 1073 2290 quovis

327 2314 501 2384 praetextu,
525 2324 608 2370 neca
624 2307 762 2387 quolibet
783 2307 954 2380 Ordinario,
970 2321 1072 2384 neque

327 2400 364 2462 ab
385 2399 493 2462 abbate
514 2400 644 2479 aliisque
665 2400 845 2463 officialibus
860 2416 944 2462 nunc
965 2407 997 2462 et
1017 2413 1072 2476 pro

327 2503 466 2572 tempore
488 2493 691 2558 existentibus
713 2494 883 2572 praedictae
904 2508 1071 2570 congrega-

328 2587 419 2650 tionis
441 2587 672 2663 ecclesiasticae,
690 2589 829 2665 derogari
850 2593 988 2666 unquam
1006 2602 1070 2665 pos

325 2680 374 2742 sit.

365 2777 384 2850 S
405 2775 434 2837 2.
458 2775 538 2838 cum
559 2783 675 2850 autem,
692 2775 772 2838 sicut
790 2777 900 2837 eadem
922 2775 1072 2854 expositio

324 2869 544 2945 subiungebat,
561 2870 617 2947 ipsi
633 2876 825 2947 exponentes
841 2871 999 2931 decretum
1015 2870 1072 2930 hu·

325 2962 476 3036 iusmodi,
509 2978 564 3040 pro
586 2961 718 3023 firmiori
746 2962 831 3024 illius
862 2963 1070 3038 subsistentia,

324 3057 506 3136 apostolicae
532 3055 775 3117 confirmationis
800 3065 923 3118 nostrae
943 3057 1073 3136 patroci-

325 3152 378 3212 nio
398 3149 587 3212 communiri
608 3149 783 3228 plurimum
798 3150 990 3212 desiderent:
1015 3166 1072 3212 nos

324 3245 405 3322 ipsos
436 3248 626 3321 exponentes
653 3241 793 3320 specialis
823 3241 928 3304 lavore
957 3245 1073 3319 gratiae

324 3336 469 3415 prosequi
481 3335 630 3409 volentes,
644 3343 675 3396 et
690 3349 800 3396 eorum
814 3335 989 3412 singulares
1003 3352 1073 3413 per-

323 3445 412 3491 sonas
432 3419 622 3507 aquibusris
643 3428 985 3503 excommunicationis,
1007 3447 1073 3492 sus-

323 3522 482 3600 pensionis
504 3527 535 3582 et
557 3521 725 3595 interdicti,
744 3520 872 3600 aliisque
893 3522 1074 3585 ecclesiasti-

323 3615 365 3678 cis
386 3614 568 3688 sententiis,
598 3614 737 3676 censuris
759 3623 789 3676 et
818 3615 942 3692 poenis,
966 3633 981 3674 a
1004 3616 1071 3678 iure

323 3707 374 3769 vel
394 3708 431 3768 ab
452 3708 590 3782 bomine,
610 3709 717 3785 quavis
739 3709 896 3770 occasione
918 3709 968 3770 vel
984 3711 1071 3770 causat

323 3801 401 3875 latis,
424 3801 449 3860 si
471 3799 583 3878 quibus
604 3801 835 3878 quomodolibet
857 3803 1022 3864 innodatae
1041 3819 1070 3864 e·

322 3894 454 3968 xistunt,
471 3894 505 3954 ad
522 3891 666 3955 edoctum
680 3894 892 3972 praesentium
911 3895 1071 3958 dumtaxat

323 3983 589 4063 consequendum,
611 3985 723 4046 harum
738 3985 818 4046 serie
834 3987 1026 4048 absolventes
1041 3995 1071 4049 et

322 4077 473 4140 absolutas
495 4076 561 4138 lore
588 4087 766 4154 censentem
796 4080 1072 4158 supplicationibus

322 4187 433 4233 eorum
454 4171 583 4232 nomine
605 4171 694 4232 nobis
714 4187 807 4250 super
828 4173 886 4235 hoc
908 4173 1072 4236 hrrmiliter

322 4264 470 4343 porrectis
483 4263 635 4337 inclinati,
648 4265 685 4325 de
698 4265 928 4326 venerabilium
939 4265 1069 4327 fratrum

322 4365 503 4419 nostrorum
525 4355 556 4418 S.
582 4355 618 4417 R.
643 4357 678 4417 E.
707 4357 918 4420 cardinalium
941 4359 1071 4422 concilii

322 4449 496 4512 Tridentini
519 4449 739 4527 interpretum,
761 4452 814 4528 qui
836 4459 946 4513 rutum
967 4451 1070 4513 dilecti

322 4543 377 4606 tilii
398 4543 497 4604 nostri
519 4543 667 4604 ludovici
689 4543 829 4606 eiusdem
851 4544 928 4606 stt.
940 4545 975 4605 E.
1000 4543 1070 4606 car-

320 4635 430 4696 diualis
451 4635 578 4711 Belluga
594 4637 763 4714 nuncupati
785 4638 822 4699 ad
844 4637 995 4698 eiusmodi
1017 4653 1070 4699 ne·

322 4727 443 4804 gotium
465 4728 738 4790 examinanduma
761 4729 913 4806 praedictt
935 4731 1072 4806 congre·

321 4821 445 4896 gatione
468 4820 678 4882 cardinalium
697 4821 834 4898 deputati
855 4825 1069 4898 attenderunt,

320 4913 459 4988 consilio,
472 4929 564 4992 supra
587 4914 790 4976 enunciatum
812 4917 984 4989 decretum,
1001 4933 1070 4979 auc·

321 5008 445 5068 toritate
466 5007 640 5084 apostolica,
658 5016 764 5068 tenore
780 5010 1003 5086 praesentium,
1019 5027 1069 5089 ap·

322 5099 488 5177 probamus
510 5107 539 5160 et
561 5099 791 5174 confirmamus,
812 5101 919 5179 illique
940 5103 1071 5163 inviola-

1799 577 1856 640 tat

1131 731 1201 792 gros
1222 717 1348 780 allectus
1367 718 1472 780 sortiri
1503 725 1533 780 et
1555 718 1715 792 obtinere,
1745 733 1778 778 ac
1803 715 1875 790 illis,

1129 811 1165 872 ad
1181 829 1257 890 quos
1271 819 1385 892 spectat
1401 821 1432 874 et
1443 829 1497 892 pro
1514 821 1653 892 tempore
1667 812 1876 890 quandocum-

1129 921 1190 984 que
1210 907 1369 984 spectabit,
1383 905 1602 968 inviolabiliter
1623 905 1797 968 observari:
1820 905 1878 967 sic·

1130 1015 1190 1077 que
1211 1000 1244 1061 in
1266 1001 1439 1078 praemissis
1454 1016 1509 1078 per
1529 1015 1743 1078 quoscumque
1761 999 1877 1061 iudices

1130 1094 1300 1156 ordinarios
1331 1101 1362 1155 et
1390 1093 1555 1178 delegatos,
1587 1094 1682 1155 etiam
1714 1109 1874 1156 causarum

1129 1187 1233 1264 palatii
1255 1186 1411 1266 apostolici
1432 1186 1598 1261 auditores,
1624 1185 1752 1248 iudicari
1774 1193 1804 1246 et
1825 1185 1875 1246 de-

1130 1280 1211 1342 finiri
1235 1281 1358 1354 debere,
1380 1295 1414 1341 ac
1432 1281 1556 1340 irritum
1582 1286 1612 1341 et
1628 1279 1720 1341 inane
1741 1279 1767 1339 si
1788 1295 1875 1339 secus

1129 1389 1222 1450 super
1244 1373 1291 1434 iris
1312 1390 1328 1433 a
1353 1387 1523 1450 quoquam,
1548 1373 1656 1450 quavis
1681 1371 1874 1446 auctoritate,

1128 1466 1263 1528 scienter
1284 1467 1334 1528 vel
1363 1467 1554 1543 ignoranter,
1585 1466 1750 1541 contigerit
1777 1471 1875 1526 atten-

1131 1559 1198 1620 tari.

1169 1653 1188 1728 ἓ
1208 1652 1237 1713 l.
1262 1651 1331 1714 Non
1349 1653 1540 1715 obstantibus
1556 1650 1831 1714 constitutionibus
1845 1656 1875 1710 et

1129 1745 1373 1808 ordinationibus
1384 1746 1566 1824 apostolicis,
1579 1762 1623 1819 ac,
1637 1751 1789 1822 quatenus
1800 1759 1876 1822 opus

1128 1838 1186 1912 sit,
1221 1839 1317 1901 dictae
1347 1839 1603 1915 congregationis
1638 1837 1875 1911 ecclesiasticae,

1127 1933 1221 1994 etiam
1244 1934 1431 2006 iuramento,
1447 1931 1681 1993 confirmatione
1702 1929 1875 2008 apostolica,

1128 2026 1178 2087 vel
1192 2026 1299 2104 quavis
1317 2027 1462 2088 firmitate
1473 2025 1529 2086 alid
1540 2024 1699 2098 roboratis,
1709 2023 1831 2085 statutis
1846 2027 1876 2082 et

1127 2120 1414 2194 consuetudinibus,
1431 2117 1602 2198 privilegiis
1622 2132 1758 2196 quoque,
1776 2113 1876 2176 indul·

1127 2213 1166 2275 tis
1177 2221 1208 2274 et
1223 2214 1335 2276 litteris
1349 2213 1521 2291 apostolicis
1537 2212 1569 2273 in
1584 2211 1775 2273 contrarium
1791 2223 1875 2288 prae-

1128 2307 1294 2368 missorum
1319 2306 1550 2385 quomodolibet
1576 2303 1737 2378 concessis,
1764 2303 1876 2364 condr-

1127 2389 1217 2462 matis
1239 2407 1270 2462 et
1290 2399 1458 2476 innovatis3
1481 2399 1593 2478 quibus
1608 2398 1753 2481 omnibus
1768 2405 1798 2460 et
1812 2397 1875 2458 sin-

1128 2495 1224 2570 gulis,
1257 2493 1383 2554 illorum
1419 2500 1543 2554 tenores
1574 2491 1787 2570 praesentibus
1818 2506 1875 2568 pro

1125 2587 1218 2666 plene
1232 2593 1263 2648 et
1277 2587 1467 2648 sufficienter
1482 2586 1632 2664 expressis
1647 2602 1680 2647 ac
1695 2583 1875 2646 adverbum

1127 2679 1250 2742 insertis
1271 2679 1430 2753 habentes,
1452 2677 1513 2740 illis
1538 2677 1610 2740 alias
1631 2678 1663 2739 iu
1685 2693 1740 2739 suo
1765 2677 1876 2738 robore

1127 2771 1355 2850 permansuris,
1385 2774 1420 2834 ad
1443 2772 1682 2850 praemissorum
1710 2769 1874 2842 edentum,

1131 2869 1185 2930 bac
1208 2866 1275 2928 rice
1296 2867 1467 2940 dumtaxat,
1484 2865 1657 2945 specialiter
1679 2871 1709 2926 et
1731 2879 1875 2942 expresse

1126 2960 1326 3038 derogamus,
1355 2959 1528 3037 ceterisque
1558 2958 1720 3021 contrariis
1751 2955 1875 3036 quibus·

1127 3071 1272 3132 cumque.

1167 3148 1279 3210 ilatum
1306 3147 1437 3231 llomae,
1464 3147 1543 3224 apud
1573 3145 1605 3208 S.
1633 3144 1760 3206 Mariam
1783 3143 1874 3205 Maio-

1127 3257 1205 3315 rem,
1228 3240 1286 3302 sub
1306 3239 1423 3302 annulo
1445 3238 1616 3313 Piscatoris,
1646 3237 1696 3300 dic
1724 3253 1777 3298 xx.
1802 3235 1874 3298 maii

1127 3349 1333 3408 uocoxxxrr.,
1356 3327 1467 3410 pontii.
1492 3331 1590 3394 nostri
1611 3345 1694 3393 anno
1709 3347 1744 3392 rr.

1383 3493 1621 3502 ......-..--.—-—-

1463 3617 1541 3679 vill.

1129 3803 1305 3882 Confirmet
1326 3803 1486 3864 decretum
1511 3801 1776 3882 congregationis
1798 3800 1874 3879 Epi-

1165 3911 1332 3972 scoporrrm
1347 3901 1376 3956 ct
1393 3893 1616 3975 copertorium,
1633 3913 1693 3972 quo
1708 3895 1873 3974 confirmo·

1167 3997 1225 4052 terr
1240 3989 1392 4051 resolutio
1408 3988 1547 4065 capitoli
1564 3988 1724 4068 portaretis
1743 3988 1874 4051 Ordinis

1168 4081 1476 4145 Betblebcmitoratnt
1498 4082 1648 4145 inindir's
1671 4081 1874 4142 occidentali-

1167 4175 1236 4247 bus,
1260 4183 1297 4238 art
1321 4176 1505 4256 officialium
1533 4176 1644 4236 electio
1667 4176 1701 4236 im
1728 4175 1875 4253 aradqao-

1167 4285 1225 4346 qao
1254 4269 1342 4330 domo
1370 4283 1426 4345 por
1447 4270 1645 4348 praesectum
1674 4275 1704 4330 et
1731 4275 1874 4346 quotuor

1166 4361 1349 4440 definitores
1371 4362 1532 4441 generales
1553 4363 1611 4440 fiat
1633 4361 1644 4439 (
1665 4361 1689 4441 ).

1324 4532 1510 4601 exemtus
1532 4533 1591 4600 ΡΡ.
1616 4532 1673 4600 illl.

1272 4653 1309 4720 ad
1331 4654 1462 4722 loturam
1485 4655 1528 4722 rei
1550 4655 1730 4723 memoriam.

1165 4831 1235 4905 51.
1259 4830 1364 4908 Nuper
1385 4847 1441 4909 pro
1469 4839 1555 4912 parte
1583 4833 1767 4896 dilectorum
1796 4835 1874 4896 filio-

1124 4939 1195 4986 rum
1227 4924 1381 4987 vocalium
1412 4926 1536 5004 capituli
1569 4926 1720 5002 generalis
1751 4927 1873 4990 Ordinis

1095 5072 1097 5089 ,
1124 5017 1424 5078 bethlehemitarum
1452 5019 1484 5079 in
1508 5020 1602 5082 lndlis
1629 5020 1873 5083 occidentalibus

1094 5178 1096 5189 ⁴
1124 5109 1365 5186 congregationi
1397 5113 1624 5174 venerabilium
1658 5113 1790 5174 fratrum
1819 5130 1872 5174 no·

320 5190 389 5252 bilis
410 5191 573 5270 apstolicae
595 5193 750 5252 firmitatis
772 5194 868 5255 robur
888 5194 1067 5273 adimimus,
1094 5202 1096 5235 ¹
1123 5209 1261 5264 snorum
1284 5203 1315 5266 s.
1335 5204 1369 5266 it.
1387 5205 1422 5266 E.
1452 5189 1662 5269 Gardi'nalium
1688 5208 1820 5284 negotiis
1842 5215 1873 5268 et

320 5283 402 5345 salva
429 5291 535 5344 tamen
557 5299 680 5361 semper
703 5285 735 5345 in
765 5287 936 5364 praemissis
966 5298 1067 5350 aucto·

320 5377 411 5438 ritate
433 5377 687 5454 congregationis
712 5380 893 5441 eorumdem
923 5381 1068 5444 cardina-

319 5469 409 5532 lium.

359 5565 378 5639 ἓ
399 5563 427 5625 3.
447 5565 670 5640 Decernentes,
687 5565 810 5627 easdem
834 5575 1012 5646 praesentes
1034 5568 1070 5628 li·

1094 5332 1096 5387 p
1124 5297 1401 5369 consultationibus
1433 5299 1653 5378 Episcoporum
1683 5309 1713 5361 et
1741 5301 1872 5377 Regula-

1094 5392 1096 5443 l
1124 5389 1204 5449 rium
1228 5392 1417 5468 praepositae
1438 5394 1588 5470 exposito,
1601 5394 1681 5471 quod
1704 5394 1737 5455 in
1759 5395 1873 5458 consti-

1125 5481 1296 5543 tutionibus
1327 5483 1467 5546 eiusdem
1495 5487 1618 5548 Ordinis
1649 5505 1664 5547 a
1695 5487 1792 5550 [elicis
1824 5504 1871 5548 re-

1095 5564 1096 5655 l
1124 5575 1309 5636 cordationis
1342 5577 1523 5640 innocentio
1556 5580 1632 5656 Papa
1663 5581 1715 5643 Xl.
1745 5581 1872 5659 praede-

85 5676 223 5720 servanua.
319 5664 400 5719 teras
428 5674 551 5737 semper
579 5659 699 5734 tirmaS,
734 5659 847 5723 validas
875 5670 905 5722 et
933 5661 1068 5723 efficaces
1095 5678 1096 5693 ¹
1124 5683 1246 5728 cessore
1265 5677 1373 5730 nostro
1394 5671 1584 5734 confirmatis
1610 5674 1817 5749 statuebatur,
1840 5691 1870 5736 e-

318 5750 452 5812 existcre
467 5759 497 5813 et
520 5751 596 5829 lore,
619 5769 752 5832 suosque
774 5754 926 5834 plenarios
943 5764 974 5818 et
988 5756 1068 5818 inte-

359 5965 389 6021 (1)
405 5967 559 6024 namegast.
576 5967 603 6012 ia
617 5967 692 6014 Areia.
708 5969 780 6013 Brer.

424 6089 477 6136 iar.
492 6089 563 6135 Porti.
579 6087 609 6135 de
622 6055 697 6152 Prop.
712 6091 776 6140 Fido
789 6091 871 6139 Partis
886 6093 904 6139 1.
920 6091 974 6141 vol.
990 6095 1020 6140 ll.

1096 5790 1098 5824 ι
1125 5757 1273 5822 lectiones
1295 5763 1452 5838 praelecti,
1482 5765 1710 5843 vicepraeiecti,
1736 5776 1870 5846 quatuor

1909 579 1962 628 An.
1977 578 2007 630 c.
2028 578 2096 629 1732

1941 1661 2107 1708 obstantium

1896 1715 2035 1773 derogatio.

1945 4840 2057 4900 Supplex
2075 4841 2104 4888 ll·

1892 4893 1980 4941 bellus.
2007 4947 2010 4959 1
