4866 6980
331 523 385 580 An.
400 525 431 581 6.
451 519 520 578 1686
572 517 610 588 72

550 662 628 724 dicta
660 663 900 739 congregatione
928 669 1004 738 erat,
1028 663 1109 726 idem
1131 665 1300 744 hospitium

549 771 588 816 ex
609 771 674 816 asse
695 755 861 816 haeredem
889 755 1062 819 instituerit
1083 756 1140 837 (1),
1163 767 1205 836 33,
1228 758 1300 838 quia

550 855 675 925 propter
705 847 860 924 angustias
888 850 1082 927 supradictae
1103 852 1213 913 domus
1235 869 1300 914 ere·

549 939 710 1014 mitorum,
733 941 814 1002 dicto
836 941 967 1020 hospitio
986 943 1115 1021 eiusque
1129 945 1300 1024 hospitibus

482 1028 485 1036 '
548 1048 604 1110 pro
635 1034 782 1110 perpetua
809 1050 918 1096 eorum
947 1035 1137 1100 habitatione
1159 1045 1194 1100 ut
1215 1054 1302 1116 prae-

548 1124 648 1188 fertur
678 1126 859 1202 assignatae,
889 1129 1102 1207 maioremque
1130 1146 1299 1192 numerum

548 1216 700 1280 eiusmodi
721 1219 947 1282 haereticorum
969 1223 1022 1298 qui
1045 1223 1116 1285 tidei
1134 1223 1299 1286 catholicae

549 1310 714 1372 veritatem
738 1312 874 1391 amplexi
894 1314 930 1374 ad
952 1313 1121 1392 hospitium
1143 1315 1244 1394 ipsum
1266 1315 1298 1376 in

548 1402 613 1464 dies
634 1405 779 1479 veniunt,
802 1406 984 1484 ampliorem
1005 1408 1050 1468 eis
1076 1409 1298 1472 habitationem

548 1497 647 1574 parari
669 1496 780 1559 debere
802 1507 1000 1575 cognoverat,
1022 1501 1171 1579 palatium
1193 1517 1297 1577 suum,

549 1589 582 1650 in
614 1589 739 1652 civitate
769 1593 872 1654 333333
907 1592 1062 1670 Leoninti,
1098 1595 1164 1656 sive
1195 1596 1298 1672 Burgo

549 1682 580 1745 S.
604 1682 698 1758 Petri,
720 1684 868 1762 positum,
892 1684 1018 1748 illorum
1044 1687 1225 1750 habitationi
1248 1689 1298 1750 de-

548 1776 667 1838 servire
694 1775 924 1854 desideraverit,
947 1796 980 1841 ac
1002 1780 1132 1858 proinde
1152 1780 1225 1842 dicti
1246 1797 1298 1844 ex-

549 1875 710 1946 ponentes,
727 1867 760 1930 in
777 1869 992 1932 executionem
1008 1871 1075 1949 piae
1090 1871 1204 1934 mentis
1219 1872 1299 1935 eius-

549 1958 619 2022 dem
641 1961 823 2040 hieronymi
846 1963 1025 2038 cardinalis,
1049 1966 1134 2043 capti
1159 1965 1301 2030 eiusdem

548 2053 651 2130 palatii
673 2055 864 2132 possessione
885 2056 1007 2132 actuali,
1024 2066 1143 2135 partem
1164 2059 1247 2122 illius
1262 2060 1298 2120 ad

550 2145 680 2210 termam
701 2147 833 2228 hospitio
857 2150 1100 2212 convenientem
1121 2151 1300 2228 redegerint

549 2247 580 2301 et
600 2242 823 2319 adaptaverim,
855 2243 1043 2322 cupiantque
1071 2245 1242 2322 hospitium
1263 2245 1298 2306 il·

466 2329 468 2333 ’
549 2333 670 2411 liusque
692 2333 827 2413 hospites
853 2341 884 2397 et
908 2336 1067 2398 ministros
1091 2337 1241 2415 praelatos
1262 2339 1298 2400 il·

549 2425 599 2486 luc
621 2425 789 2488 transierre
811 2435 842 2488 et
865 2435 1072 2506 transportare
1090 2445 1192 2507 posse:
1210 2431 1298 2492 nobis

548 2525 708 2595 propterea
731 2518 894 2581 humiliter
914 2521 1079 2598 supplicari
1101 2521 1242 2585 iecerunt
1264 2531 1298 2586 ut

548 2609 605 2670 sibi
626 2609 659 2672 in
680 2611 856 2688 praemissis
887 2624 1061 2691 opportune
1083 2615 1247 2693 providere
1268 2623 1299 2678 et

548 2711 583 2764 ut
604 2701 684 2764 inira
713 2703 877 2782 indulgere
898 2707 935 2768 de
965 2706 1159 2783 benignitate
1180 2717 1298 2786 aposto·

445 2812 448 2818 ·
548 2793 605 2858 1133
625 2794 837 2872 dignaremur.

317 2895 530 2996 gregioffltirsmqltgo
588 2887 656 2963 53.
681 2887 742 2949 Nos
772 2889 881 2967 igitur,
913 2892 991 2970 ipsos
1019 2902 1211 2972 exponentes
1231 2911 1298 2975 spe·

318 3003 388 3058 sputu
410 3007 435 3048 er
458 3003 530 3048 tarro·
549 2981 674 3042 cialibus
706 2981 861 3046 favoribus
883 2991 913 3046 et
945 2986 1051 3061 gratiis
1081 2987 1225 3065 prosequi
1247 3005 1299 3050 vo·

317 3055 531 3158 ἦζωὲἳῖξξξῗξέ,
550 3074 658 3148 lentes
675 3080 706 3136 33
727 3091 837 3137 eorum
854 3077 1026 3153 singulares
1040 3095 1185 3156 personas
1200 3097 1216 3140 a
1231 3081 1298 3158 qui-

317 3162 434 3209 eiusdem
449 3167 531 3208 trans·

319 3215 432 3262 lationis.

550 3165 655 3228 busvis
677 3170 1017 3245 excommunicationis
1040 3173 1250 3250 suspensionis
1268 3183 1300 3235 et

549 3259 718 3334 interdicti,
740 3260 869 3339 aliisque
891 3262 1101 3325 ecclesiasticis
1121 3266 1297 3340 sententiis,

548 3353 687 3422 censuris
709 3361 740 3414 et
761 3355 879 3432 poenis,
902 3373 918 3416 a
940 3355 1007 3418 iure
1030 3357 1080 3418 vel
1101 3358 1138 3418 ab
1159 3358 1297 3434 homine,

548 3445 656 3522 quavis
676 3447 835 3508 occasione
858 3449 907 3510 vel
928 3449 1017 3510 causa
1039 3449 1119 3525 latis,
1138 3451 1165 3512 si
1186 3452 1299 3530 quibus

442 3569 445 3572 -
548 3536 779 3615 quomodolibet
800 3540 964 3603 innodatae
985 3541 1135 3618 existunt,
1158 3545 1194 3608 ad
1208 3545 1298 3608 ellec-

549 3639 617 3692 tum
632 3632 843 3708 praesentium
857 3633 1016 3696 dumtaxat
1031 3637 1296 3714 consequendum,

547 3723 661 3788 harum
681 3725 762 3786 serie
792 3726 986 3789 absolventes
1007 3734 1038 3789 et
1059 3729 1212 3792 absolutas
1233 3730 1298 3793 iore

457 3874 461 3882 .
547 3825 721 3892 censentes,
750 3820 928 3884 huiusmodi
955 3821 1229 3901 supplicationibus
1250 3825 1297 3886 in-

479 3913 482 3922 ·
546 3909 667 3986 clinati,
701 3913 890 3975 erectionem
922 3922 953 3975 et
981 3915 1215 3980 institutionem
1243 3918 1295 3979 ho

544 4003 629 4081 spitii
650 4005 817 4082 supradicti
839 4007 872 4067 in
893 4008 1027 4085 praelata
1049 4011 1139 4072 domo
1154 4011 1297 4072 eremita-

546 4112 654 4158 ruma
676 4105 849 4162 memorato
870 4100 1034 4163 Clemente
1064 4103 1297 4181 praedecessore

545 4189 637 4252 iactas
660 4198 694 4255 ut
715 4192 899 4271 praefertur,
922 4195 1140 4276 expeditusque
1165 4199 1297 4277 desuper

546 4283 630 4347 illius
660 4285 778 4346 litteras
809 4287 1024 4364 praeinsertas,
1049 4305 1121 4352 cum
1151 4291 1296 4354 omnibus

546 4383 576 4436 et
597 4376 729 4453 singulis
756 4378 943 4456 privilegiis,
973 4381 1079 4458 gratiis
1099 4390 1131 4445 et
1153 4383 1294 4459 indultis,

546 4485 579 4530 ac
598 4468 861 4548 dispositionibus,
888 4475 1148 4552 concessionibus,
1171 4477 1296 4539 faculta-

548 4562 628 4624 tibus
650 4570 681 4624 et
697 4563 956 4643 ordinationibus,
973 4567 1102 4646 aliisque
1116 4569 1149 4631 in
1164 4570 1209 4632 eis
1223 4587 1294 4632 oon-

546 4657 641 4717 tentis
662 4663 694 4718 et
715 4659 878 4737 expressis,
907 4659 1070 4739 apostolica
1101 4664 1294 4740 auctoritate,

546 4758 654 4813 tenore
674 4753 897 4830 praesentium,
920 4756 1124 4833 approbamus
1138 4765 1169 4819 et
1184 4759 1294 4820 33363-

545 4859 678 4919 3333333,
696 4843 820 4923 illisque
841 4847 1026 4910 inviolabilis
1047 4850 1229 4927 apostolicae
1244 4853 1295 4912 113-

545 4937 661 4998 mitatis
683 4938 779 5000 robur
806 4939 981 5018 adiieimus;
1010 4959 1044 5004 ac
1063 4945 1181 5006 eisdem
1203 4961 1294 5023 expo·

546 5031 707 5105 uentibus,
729 5039 764 5092 ut
785 5032 841 5110 ipsi
863 5033 1033 5112 hospitium
1054 5037 1237 5114 praelatum,
1259 5038 1294 5099 il-

545 5122 669 5200 liusque
685 5124 824 5201 hospites
845 5132 877 5186 et
897 5127 1069 5204 ministros,
1086 5147 1102 5190 a
1122 5131 1295 5208 supradicta

545 5218 636 5279 domo
657 5217 861 5280 eremitarum
881 5219 914 5280 in
936 5221 1085 5298 palatium
1102 5223 1294 5300 praedictum

546 5310 712 5374 transferre
734 5319 764 5373 et
789 5319 1012 5391 transportare,
1036 5315 1094 5392 ipsi
1114 5323 1220 5378 autem
1241 5317 1293 5378 ho-

544 5404 646 5480 spitio,
679 5413 841 5484 postquam
862 5406 906 5468 sio
934 5409 1117 5472 translatum
1138 5419 1169 5472 et
1197 5418 1293 5473 trans-

545 5504 703 5573 portatum
724 5498 830 5572 iuerit,
859 5499 1006 5580 illiusque
1032 5503 1213 5581 hospitibus,
1237 5507 1296 5568 mi-

545 5590 652 5651 nistris
680 5599 711 5652 et
739 5593 878 5671 personis
906 5595 1155 5675 quibuscumque
1184 5599 1216 5660 in
1245 5616 1294 5662 eo·

545 5685 617 5746 dem
638 5686 750 5764 palatio
771 5703 828 5766 pro
850 5695 991 5770 tempore
1011 5692 1208 5770 degentibus,
1229 5709 1294 5756 om-

586 5906 617 5966 (1)
635 5905 701 5952 edit.
718 5907 795 5953 Mein.
812 5908 877 5966 legit
892 5913 1016 5956 tnstttutt

1078 536 1143 590 tun.
1168 499 1259 592 3333.
1283 526 1427 592 313313.
1452 535 1535 590 3333
1556 534 1578 588 1.
1629 595 1634 600 ,

2138 523 2239 580 1336.
2262 525 2333 579 1686

1357 665 1448 727 nibus
1469 672 1501 726 et
1528 663 1660 740 singulis
1688 659 1871 742 privilegiis,
1901 661 2108 740 exemptioni-

1347 759 1424 834 bus,
1448 757 1651 834 libertatibus,
1670 756 1878 832 lacultatibus,
1895 756 2024 834 aliisque
2039 771 2107 832 gra-

1357 852 1407 913 tiis
1436 859 1466 913 et
1494 851 1638 924 indultis,
1675 857 1739 912 tam
1769 848 1981 928 spiritualibus
2012 865 2107 927 quam
2179 921 2182 928 .

1356 944 1587 1024 temporalibus,
1617 961 1671 1023 per
1699 944 1903 1021 praeinsertas
1935 940 2107 1005 Clementis

1357 1037 1596 1117 praedecessoris
1627 1036 1745 1102 litteras
1776 1034 2008 1114 quomodolibet
2035 1051 2109 1096 con-

1356 1131 1458 1204 cessis,
1481 1137 1516 1191 ut
1537 1129 1634 1207 prius,
1657 1129 1715 1204 uti,
1737 1128 1797 1190 1331
1814 1135 1845 1190 33
1859 1125 1994 1204 gaudere
2009 1125 2106 1188 libere

1356 1230 1386 1285 et
1408 1223 1492 1285 licite
1506 1223 1625 1302 possint
1638 1228 1671 1283 et
1686 1221 1810 1284 valeant
1824 1221 2008 1299 respective,
2024 1219 2106 1282 salvat

1356 1323 1460 1378 tamen
1483 1317 1515 1377 in
1535 1332 1592 1378 suo
1614 1315 1724 1377 robore
1745 1315 1844 1392 quoad
1867 1313 1986 1392 reliqua
2002 1313 2106 1374 omnia

1355 1415 1385 1470 et
1405 1409 1527 1486 singula
1549 1415 1731 1471 remanente
1757 1406 1940 1469 earumdem
1962 1406 2108 1469 Clemen-

1356 1501 1393 1562 tis
1415 1501 1656 1580 praedecessoris
1687 1500 1864 1564 litterarum
1893 1498 2105 1577 dispositione,

1354 1595 1534 1656 auctoritate
1555 1602 1586 1656 et
1607 1602 1716 1656 tenore
1731 1593 1894 1672 praedietis
1908 1591 2107 1656 concedimus

1354 1695 1385 1748 33
1407 1686 1616 1763 indulgemus.

1394 1780 1412 1853 ἓ
1433 1779 1462 1840 d.
1487 1779 1694 1841 Decernentes
1715 1780 1836 1842 easdem
1857 1785 2035 1858 praesentes
2058 1777 2105 1838 lit-

1355 1877 1434 1932 teras
1465 1887 1589 1951 semper
1620 1872 1735 1946 1133333,
1768 1872 1884 1935 33113133
1911 1878 1943 1933 33
1971 1871 2110 1933 ellicaces

1355 1963 1488 2028 existere
1509 1972 1540 2027 et
1562 1964 1638 2040 lore,
1665 1980 1802 2044 suosque
1833 1963 1987 2044 plenarios
2008 1964 2106 2026 etin·

1356 2064 1458 2134 tegros
1489 2057 1616 2120 allectus
1645 2058 1750 2120 sortiri
1772 2065 1804 2119 et
1834 2057 1987 2130 obtinere,
2017 2073 2051 2118 ac
2072 2057 2106 2118 il·

1355 2148 1402 2224 lis,
1425 2151 1461 2213 ad
1483 2167 1561 2229 quos
1581 2157 1702 2230 spectat
1719 2159 1750 2212 et
1771 2167 1826 2229 pro
1850 2159 1990 2229 ternpore
2008 2165 2107 2227 quan-

1354 2241 1530 2319 documque
1561 2241 1721 2320 spectabit,
1751 2241 1785 2302 in
1817 2241 1962 2304 omnibus
1988 2247 2021 2301 et
2052 2255 2107 2318 per

1354 2333 1457 2394 omnia
1472 2333 1651 2412 plenissime
1664 2335 1836 2411 sutlragari,
1852 2333 1958 2412 sicque
1972 2334 2005 2395 in
2021 2349 2106 2412 prae-

1355 2425 1455 2486 missis
1479 2443 1535 2504 per
1556 2442 1769 2506 quoscumque
1794 2426 1910 2489 iudices
1933 2426 2104 2489 ordinarios

1354 2523 1385 2579 et
1406 2518 1573 2595 delegatos,
1596 2520 1690 2582 etiam
1711 2535 1872 2584 causarum
1901 2518 2005 2598 palatii
2036 2534 2107 2596 apo-

1353 2610 1452 2672 stolici
1484 2611 1656 2687 auditores,
1690 2612 1824 2675 iudicari
1848 2620 1879 2674 et
1904 2611 2029 2676 deliniri
2055 2610 2107 2672 de·

1354 2702 1438 2778 bere,
1461 2721 1495 2766 ac
1516 2704 1642 2767 irritum
1666 2711 1697 2767 et
1713 2705 1826 2780 inane,
1849 2705 1875 2766 si
1895 2721 1984 2768 secus
2013 2721 2106 2784 super
2131 2765 2133 2770 .

1354 2797 1401 2858 his
1422 2814 1438 2858 a
1453 2813 1621 2876 quoquam,
1637 2799 1745 2876 quavis
1760 2799 1955 2874 auctoritate,
1972 2799 2106 2864 scienter

1355 2889 1405 2951 vel
1426 2891 1619 2967 ignoranter,
1634 2891 1802 2968 contigerit
1824 2892 1982 2955 attentari.

1394 2985 1413 3058 ἓ
1434 2984 1463 3043 5.
1488 2983 1557 3046 Ν33
1576 2985 1771 3048 obstantibus
1786 2985 1971 3062 praemissis,
1987 3002 2021 3048 ac
2035 3001 2106 3047 con·
2124 2995 2345 3096 remffi’fflmum

2153 1773 2299 1821 Clausulae.

1354 3077 1568 3140 stitutionibus
1592 3085 1623 3138 et
1645 3077 1893 3140 ordinationibus
1921 3079 2104 3157 apostolicis,

1355 3185 1479 3232 necnon
1501 3170 1646 3232 omnibus
1667 3179 1698 3232 et
1719 3169 1852 3247 singulis
1878 3171 1949 3248 illis,
1972 3188 2051 3250 quae
2073 3172 2105 3232 in

1355 3263 1466 3325 litteris
1487 3263 1685 3342 praeinsertis
1706 3279 1846 3326 concessa
1867 3272 1942 3328 sunt
1963 3281 2028 3327 non
2054 3265 2107 3326 ob-

1353 3363 1446 3432 stare,
1469 3356 1639 3436 ceterisque
1661 3357 1823 3419 contrariis
1842 3357 2102 3436 quibuscumque.

1395 3451 1504 3512 Datum
1527 3451 1653 3524 homae,
1672 3449 1752 3527 apud
1775 3451 1805 3513 S.
1822 3450 1963 3524 Petrum,
1980 3451 2039 3512 sub
2052 3468 2105 3512 an·

1354 3543 1430 3614 nulo
1452 3543 1572 3618 Piscat,
1595 3543 1645 3605 die
1666 3557 1746 3604 xxu.
1768 3543 1873 3623 aprilis
1889 3559 2103 3620 xncnxxxvr.,

1354 3635 1549 3715 pontificatus
1571 3636 1669 3698 nostri
1692 3651 1775 3697 anno
1797 3652 1827 3698 x.
1878 3683 1884 3696 .

1608 3793 1860 3820 *απ-

1676 3921 1789 3986 XXVI.

1356 4104 1496 4178 Statuit,
1514 4114 1552 4170 33
1569 4108 1636 4172 1333
1651 4116 1767 4172 333333
1783 4109 1999 4180 Palaestinae,
2015 4123 2104 4184 proo-

1392 4200 1505 4261 scrtim
1525 4203 1710 4278 sepulcrum
1733 4204 1771 4266 D.
1791 4203 1828 4266 N.
1849 4203 1887 4273 l.,
1903 4218 1923 4264 3
1939 4201 2104 4281 frutribus

1395 4292 1527 4354 Ordinis
1558 4293 1588 4356 S.
1615 4295 1782 4358 l'rancisci
1810 4296 1847 4357 de
1878 4292 2102 4364 013333333ἱά,
2146 4307 2149 4313 ·

1393 4387 1445 4447 uti
1466 4387 1574 4464 prius,
1597 4388 1906 4467 333333133333(2).

1524 4555 1778 4626 tuvoeevtttts
1802 4557 1863 4625 ΡΡ.
1889 4559 1934 4626 111.

1472 4679 1509 4746 33
1531 4687 1701 4763 perpetuen
1725 4683 1769 4770 rei
1799 4683 1980 4749 3333331333.

1391 4856 1410 4930 ἓ
1435 4856 1462 4917 1.
1486 4857 1607 4936 Exponi
1639 4861 1729 4922 nobis
1751 4875 1852 4938 nuper
1879 4859 1953 4921 iecit
1974 4857 2102 4958 dilectqs
2175 4873 2207 4936 Ι3
2228 4873 2342 4936 nequet

1352 4951 1434 5012 filius
1455 4950 1563 5012 Petrus
1594 4951 1729 5014 Marinus
1758 4953 1927 5016 Sermanus
1959 4950 2102 5012 minister
2121 4924 2340 5025 Fssf'gnssasffissss

1351 5042 1505 5118 generalis
1526 5046 1648 5107 Ordinis
1669 5045 1802 5108 fratrum
1823 5046 1980 5107 Minorem
1998 5043 2101 5108 Sancti
2120 5031 2340 5132 {ffigtffiggg

1351 5136 1503 5199 Francisci
1534 5139 1571 5200 de
1601 5137 1802 5201 observantia
1831 5146 2099 5217 nuncupatorum,
2121 5139 2337 5240 fflffl'fffim‘

1350 5231 1432 5308 quod
1459 5229 1543 5309 (cum
1572 5233 1690 5295 dudum
1721 5232 1821 5294 clarae
1853 5233 2022 5294 memoriae
2043 5231 2101 5294 Ro·
2120 5204 2151 5240 ru
2204 5205 2233 5241 η
2308 5227 2315 5239 ’

1351 5322 1456 5384 333333
1471 5321 1537 5384 hex
1557 5333 1588 5385 et
1603 5322 1710 5386 Sancia
1725 5323 1844 5400 Regina
1860 5323 1981 5388 Siciliae
1995 5341 2012 5386 a
2027 5331 2102 5386 tunc

1327 5417 1502 5479 'existente
1534 5415 1664 5479 suldano
1695 5416 1881 5493 Babiloniae,
1915 5417 1967 5495 qui
2000 5417 2102 5496 sepul·

1350 5513 1461 5572 chrum
1482 5511 1606 5573 Domini
1627 5520 1659 5573 et
1679 5511 1736 5572 alia
1763 5527 1845 5572 sacra
1867 5509 1932 5573 loca
1953 5511 2099 5572 ultrama-

1350 5603 1417 5666 rina
1438 5605 1563 5682 proprio
1586 5604 1680 5681 ipsius
1705 5604 1922 5682 Redemptoris
1948 5603 2102 5679 sanguine

1350 5697 1485 5760 dedicata
1516 5695 1672 5758 detinebat
1700 5704 1861 5775 occupata,
1891 5697 2101 5759 obtinuissent

1324 5914 1329 5968 Ι
1394 5913 1424 5968 (2)
1440 5913 1477 5956 Ex
1492 5911 1557 5956 Bull.
1574 5913 1670 5957 Terrae
1685 5911 1708 5955 S.
1724 5910 1762 5955 ed.
1778 5913 1851 5956 Rom.
1869 5911 1929 5966 1727,
1943 5921 1966 5967 p.
1983 5911 2028 5970 111.
