4844 6990
995 603 1137 652 ctauaus
1159 603 1217 652 xrt.
1803 583 1861 650 llll
1912 585 2010 641 Ano,
2031 587 2101 642 1738

334 732 373 794 tis
394 730 545 804 inclinati,
569 731 607 793 de
629 726 854 790 venerabilium
876 724 1008 786 fratrum
1025 741 1081 785 no-

335 839 472 889 strorum
494 824 524 886 S.
543 824 579 884 R.
598 823 632 883 E.
657 821 866 883 cardinalium
889 818 1021 894 negotiis
1043 818 1080 878 de

335 919 551 997 Propagandae
572 916 656 978 Fidei
679 914 923 992 praepositorum
939 911 1079 986 consilio,

335 1013 509 1094 privilegia,
533 1010 565 1072 iu
586 1007 749 1088 praedictis
771 1006 886 1068 Urbani
907 1005 1081 1082 praedeces·

334 1109 411 1170 soris
434 1106 547 1168 litteris
570 1109 726 1175 contenta,
743 1103 777 1162 ad
800 1102 965 1162 modernos
981 1108 1011 1160 et
1026 1113 1081 1175 pro
1176 1098 1195 1172 ἓ
1216 1097 1245 1158 3.
1270 1096 1340 1158 Non
1355 1097 1547 1159 obstantibus
1562 1098 1723 1176 quibusvis
1745 1100 1885 1178 apostoli·
1949 1111 2113 1174 oasitanum

335 1211 475 1280 tempore
497 1199 663 1259 existentes
691 1193 863 1270 collegiales
885 1192 1006 1267 collegii
1030 1191 1081 1254 Sa·
1137 1191 1178 1252 cis
1192 1207 1236 1264 ac,
1251 1190 1282 1250 in
1299 1190 1839 1270 universalibusprovincialibusque
1854 1201 1885 1255 et
1902 1165 2042 1223 derogabo.

335 1312 403 1358 crae
426 1291 570 1356 Familiae
592 1291 658 1351 lesu
681 1289 794 1351 Christi
812 1286 945 1348 civitatis
966 1284 1083 1363 Neopo-
1136 1283 1333 1360 synodalibus
1355 1284 1492 1344 conciliis
1507 1284 1607 1357 editis,
1624 1286 1820 1362 generalibus
1836 1287 1884 1348 vel

335 1390 448 1451 litanae
470 1385 627 1456 Sineuses,
645 1381 725 1443 etad
747 1397 798 1442 eos
819 1379 925 1458 quiex
947 1379 1080 1454 regioni·
1108 1350 1110 1435 l
1137 1375 1318 1455 specialibus
1340 1377 1614 1438 constitutionibus
1633 1385 1664 1439 et
1685 1379 1886 1441 ordinationi-

336 1485 392 1544 bus
422 1479 578 1542 lndiarum
607 1474 808 1546 advenerint,
832 1475 1001 1546 dumtaxat,
1031 1488 1082 1532 ex·
1138 1469 1206 1542 bus,
1228 1469 1399 1546 ceterisque
1420 1472 1582 1531 contrariis
1604 1472 1862 1550 quibuscumque.

335 1575 505 1644 tendimus,
522 1579 614 1648 atque
629 1569 737 1630 iisdem
759 1565 972 1640 concedimus3
997 1581 1085 1626 uem·
1181 1563 1292 1623 Datum
1320 1561 1445 1638 Rornae,
1475 1565 1554 1640 apud
1584 1565 1614 1626 S.
1647 1565 1772 1628 llariam
1794 1569 1885 1630 llaio·

336 1685 383 1748 pe,
409 1673 442 1728 ut
465 1664 521 1742 ipsi
548 1663 662 1739 absque
691 1660 801 1722 litteris
830 1657 1083 1720 dimissorialibus
1138 1670 1216 1728 rem,
1230 1655 1289 1716 sub
1309 1655 1426 1717 annulo
1448 1656 1618 1732 Piscatoris,
1635 1660 1684 1719 die
1698 1676 1762 1720 xrv.
1781 1660 1885 1721 martii

335 1775 465 1823 suorum
485 1757 732 1828 ordinariorum,
745 1761 775 1814 et
796 1753 889 1814 etiam
909 1752 977 1812 sine
993 1749 1083 1810 titulo
1139 1762 1378 1824 mdccxxxviii„
1392 1748 1590 1825 pontiticatus
1606 1753 1703 1812 nostri
1717 1761 1799 1814 anno
1814 1769 1882 1812 vru.

1137 724 1264 802 reliquis
1285 725 1511 804 praedictarum
1537 723 1650 787 Urbani
1672 725 1882 802 praedecesso-

1136 818 1179 879 ris
1201 817 1375 880 litterarum
1391 819 1488 880 formai
1501 827 1531 880 et
1547 819 1757 897 dispositione,
1780 827 1883 880 aucto·

1137 912 1226 972 ritate
1249 910 1414 988 praedicta,
1441 917 1549 972 tenore
1571 911 1793 990 praesentium,
1809 928 1883 974 cou-

1137 1005 1275 1066 cedimus
1297 1013 1328 1065 et
1351 1004 1560 1081 indulgemus.

336 1851 479 1915 benelioii
500 1847 711 1920 ecclesiastici,
734 1847 786 1908 sed
809 1845 844 1904 ad
867 1844 995 1906 titulum
1019 1850 1084 1904 tau·

336 1955 405 2007 tum
426 1941 618 2013 missionis,a
633 1951 832 2017 quocumque
853 1952 945 2014 quem
967 1935 1084 1997 malue-

338 2041 401 2100 rint
423 2034 571 2098 'catholico
592 2031 730 2094 antistite
744 2031 779 2092 ad
795 2037 927 2109 quatuor
947 2031 1084 2091 minores

338 2131 432 2193 etiam
463 2126 556 2189 unico
585 2124 696 2186 festivo
722 2123 773 2184 vel
801 2124 928 2197 leriato,
962 2139 1083 2185 necnon

339 2225 432 2286 etiam
464 2223 499 2282 ad
521 2235 620 2282 sacros
645 2226 677 2280 et
703 2217 933 2296 presbyteratus
961 2218 1085 2279 ordines

340 2317 437 2380 tribus
459 2312 631 2386 dominicis,
655 2327 708 2373 seu
733 2310 801 2371 aliis
822 2310 939 2371 festivis
962 2318 993 2372 et
1013 2327 1086 2372 clan-

338 2411 435 2472 tinuis
456 2408 506 2470 vel
528 2404 722 2484 interpolatis
743 2404 862 2476 diebus,
883 2404 976 2466 etiam
997 2411 1085 2464 extra

339 2513 478 2582 tempora
500 2499 534 2562 ad
557 2499 587 2560 id
608 2516 624 2560 a
646 2498 714 2559 iure
734 2504 862 2570 statuta,
886 2504 916 2558 et
938 2513 1002 2558 non
1023 2513 1085 2558 ser·

339 2597 417 2659 vatis
438 2593 613 2656 interstitiis
635 2609 650 2652 a
672 2607 757 2653 sacro
779 2591 916 2653 Concilio
933 2590 1086 2652 Tridenti·
1112 2648 1114 2673 ,

340 2708 381 2752 no
402 2686 584 2764 designatis,
606 2684 744 2761 annique
772 2683 927 2745 curriculo
949 2700 1013 2745 non
1035 2699 1086 2744 ex·
1112 2684 1114 2741 l

339 2789 469 2865 pectato,
485 2779 617 2852 etiamsi,
630 2785 794 2854 antequam
810 2779 847 2838 de
862 2793 925 2839 uno
939 2777 973 2838 ad
990 2777 1086 2837 alium

334 2877 482 2939 'ordinem
504 2877 763 2952 promoveantur,
787 2869 942 2947 inprime
964 2885 1087 2948 quoque

339 2975 480 3048 suscepto
498 2967 606 3028 ordine
621 2980 653 3024 se
667 2963 799 3024 minime
814 2962 1021 3036 exercuerint,
1034 2969 1086 3023 aut

339 3063 469 3126 alicuius
480 3059 623 3122 ecclesiae
637 3057 764 3117 servitio
779 3056 921 3133 adscripti
933 3071 998 3117 non
1012 3057 1085 3130 sint,

340 3153 509 3220 dnmmodo
525 3161 627 3214 tamen
642 3151 704 3211 sint
725 3149 831 3211 aetatis
847 3149 1012 3224 legitimae,
1029 3166 1087 3212 nec

341 3250 385 3311 eis
399 3247 480 3308 aliud
493 3245 678 3306 canonicum
692 3243 792 3303 obstet
814 3243 1086 3319 impedimentum,

342 3349 372 3405 et
393 3341 526 3402 babeant
548 3337 666 3398 litteras
688 3335 909 3399 testimoniales
931 3345 1086 3398 rectorum

341 3427 1088 3506 anteorumapudquoseducamuretinstruun-

343 3535 403 3602 tur,
427 3522 622 3602 promoveri,
644 3529 675 3582 et
696 3521 831 3598 promoti
852 3519 884 3581 in
906 3519 967 3582 illis
994 3522 1088 3583 etiam

341 3621 375 3682 in
397 3618 500 3680 altaris
522 3615 693 3678 ministerio
705 3615 883 3676 ministrare
904 3615 1000 3676 libere
1021 3633 1089 3695 pos-

341 3714 405 3774 sint
426 3719 457 3773 et
478 3709 613 3781 valeant,
629 3708 670 3768 ita
687 3715 803 3782 tamen,
820 3715 866 3782 ut,
883 3709 1091 3786 quotiescum-

341 3823 402 3884 que
416 3804 574 3878 contingat
588 3801 707 3878 aliquos
721 3815 759 3861 ex
778 3798 886 3861 iisdem
908 3801 1090 3865 Sineusibus

342 3909 373 3963 et
395 3899 475 3961 ludis
496 3899 532 3959 ad
554 3894 677 3956 ordines
699 3896 876 3974 promoveri
897 3895 1020 3970 dehere,
1037 3915 1090 3958 an·

343 4003 466 4072 tequam
489 4008 506 4053 e
527 3989 656 4066 collegio
676 3989 886 4066 dimittantur,
903 3991 1002 4054 dictus
1018 3993 1088 4054 blat-

343 4089 451 4148 thaeus
473 4085 641 4148 modernus
663 4091 695 4145 et
716 4098 770 4160 pro
791 4089 933 4161 tempore
954 4083 1090 4146 existens

343 4177 495 4258 superior,
518 4177 542 4238 si
564 4178 650 4239 sedes
678 4177 952 4255 archiepiscopalis
973 4176 1091 4256 Neapo-

344 4273 438 4334 litana
459 4271 499 4334 sit
520 4270 621 4348 plena,
640 4277 784 4331 teneatur
798 4285 849 4330 eos
870 4269 1003 4345 dirigere
1018 4286 1090 4332 cum

344 4363 590 4426 attestationibus
605 4364 641 4425 de
657 4363 784 4424 illorum
805 4363 997 4441 baptismate,
1015 4363 1089 4437 vita,

344 4457 483 4520 moribus
504 4465 536 4517 et
557 4457 589 4516 in
617 4455 754 4518 scientiis
780 4455 919 4532 proiectu
940 4455 976 4516 ad
999 4457 1091 4519 dilec-

344 4559 414 4613 tum
430 4550 529 4611 filium
545 4557 689 4610 nostrum
704 4549 866 4626 losepbum
882 4547 913 4610 S.
924 4548 961 4609 R.
972 4549 1006 4610 Ε.
1020 4549 1091 4612 Car·

346 4643 481 4708 dinalcm
504 4643 632 4722 Spinelli
654 4649 867 4720 nuncupatum
883 4643 1091 4721 brebiepisco-

346 4738 420 4817 palis
441 4737 585 4802 ecclesiae
606 4735 822 4813 Neapolitanae
844 4753 881 4798 ex
894 4737 1091 4798 concessione

346 4839 377 4892 et
398 4829 623 4908 dispensatione
644 4828 807 4906 apostolici
829 4827 1014 4906 praesulem,
1037 4844 1091 4890 seu

346 4939 402 5002 pro
425 4933 563 5001 tempore
578 4923 662 4984 illius
676 4923 862 4984 existentem
885 4923 1091 5000 brchiepisco-

347 5032 439 5095 pum,
472 5024 625 5096 quatenus
652 5031 726 5076 vero
755 5013 836 5076 idem
870 5015 1038 5078 Cardinalis
1062 5023 1093 5078 et

347 5109 470 5188 praesul
491 5125 546 5170 seu
568 5108 1006 5186 Archiepiscopuspraedictus
1020 5125 1093 5188 qua-

348 5218 481 5280 cumque
509 5217 547 5262 ex
579 5203 666 5264 causa
697 5201 824 5263 illorum
862 5201 1093 5264 ordinationem

347 5312 493 5375 peragere
516 5313 578 5357 non
594 5295 705 5370 valeat,
722 5295 855 5360 liberum
870 5297 909 5356 sit
924 5303 1100 5357 memorato

348 5391 514 5465 llattbaeo,
537 5397 568 5452 et
590 5405 645 5468 pro
670 5396 810 5467 tempore
837 5388 984 5454 existenti
1006 5405 1095 5467 supe·

349 5484 424 5544 riori
446 5483 569 5559 collegii
591 5483 749 5561 praedicti,
773 5482 841 5543 illos
861 5484 896 5545 ad
913 5499 1095 5562 quemcum-

349 5593 410 5654 que
430 5576 614 5638 catholicum
637 5575 808 5636 antistitem
824 5576 953 5652 gratiam
968 5583 999 5637 et
1014 5591 1096 5638 com-

350 5670 533 5731 munionem
551 5669 742 5748 supradictae
758 5669 844 5730 Sedis
859 5669 1022 5730 habentem
1040 5685 1095 5748 pro

350 5763 510 5826 ordinibus
530 5762 731 5840 suscipiendis
752 5761 899 5838 dirigere,
921 5763 1040 5822 servati
1061 5761 1095 5822 in

391 5981 421 6038 (l)
436 5983 473 6026 llx
487 5980 561 6026 lrcb.
576 5982 648 6024 Brev.

1388 1909 1487 1916 ..w-
1490 1911 1639 1918 ὼ*

1472 2031 1550 2094 xtt.

1140 2215 1301 2294 Indulget,
1326 2225 1364 2279 ut
1388 2225 1452 2279 tros
1482 2219 1658 2284 dumtaxat
1681 2224 1805 2300 fratres
1831 2222 1886 2286 Or-

1181 2307 1267 2368 dinis
1299 2311 1507 2372 eromitdrom
1545 2314 1576 2376 S.
1605 2316 1789 2394 Artpastioi
1817 2332 1887 2394 pro·

1179 2401 1306 2463 vinciae
1331 2401 1384 2465 SS.
1414 2402 1560 2466 Nominis
1588 2407 1659 2469 Iesu
1688 2411 1887 2486 orttiqttt'ores

1181 2493 1323 2554 doctores·
1345 2497 1503 2574 prndooti
1527 2499 1561 2558 io
1583 2501 1799 2564 uttioersitote
1826 2503 1887 2566 Me-

1181 2585 1320 2657 micond,
1353 2588 1408 2664 qai
1438 2590 1636 2652 cotrditioocs
1663 2593 1705 2655 od
1733 2597 1886 2670 precatis-

1180 2697 1252 2740 sum
1278 2679 1424 2759 effectum
1456 2687 1673 2761 praescriptas
1701 2688 1888 2766 odirnplera-

1181 2773 1262 2845 rint,
1286 2775 1467 2855 privilcpiis
1482 2779 1717 2857 acopistroruot
1733 2781 1813 2843 dicti
1833 2787 1890 2846 dr-

1182 2865 1269 2926 diois
1291 2868 1342 2928 atti
1364 2869 1493 2931 soleant
1515 2869 1570 2951 (l).

1335 3035 1522 3107 eltutus
1546 3043 1606 3108 ΡΡ.
1631 3043 1688 3110 llll.
1787 3141 1789 3146 ι

1285 3161 1474 3230 adiuturam
1499 3165 1543 3230 rei
1569 3166 1748 3234 memoriam.

1183 3337 1251 3412 gl.
1277 3337 1397 3416 Exponi
1427 3341 1514 3402 nobis
1540 3359 1641 3420 nuper
1666 3344 1737 3406 lecit
1759 3345 1888 3408 dilectus
1947 3368 2041 3412 causae
2058 3370 2118 3414 novt

1906 3419 2062 3468 concedendi
2072 3423 2121 3478 prl-

1906 3471 2002 3530 vilegll.

1144 3431 1225 3492 itlius
1247 3431 1375 3492 Didacus
1397 3432 1513 3495 Salinas
1535 3442 1565 3496 et
1588 3435 1729 3511 Galtrera,
1745 3440 1889 3502 assistens

1144 3524 1298 3600 generalis
1320 3525 1482 3603 Hispaniae
1496 3543 1511 3586 a
1526 3529 1684 3604 provincia
1707 3531 1760 3592 SS.
1784 3531 1889 3594 Nomi-

1144 3617 1192 3678 nis
1224 3618 1290 3678 lesu
1313 3617 1345 3679 in
1368 3633 1466 3694 regno
1493 3620 1652 3683 hlexicano
1682 3623 1805 3686 Ordinis
1830 3625 1889 3688 ira-

1144 3717 1229 3771 trum
1251 3710 1460 3772 Eremitarum
1473 3711 1576 3775 Sancti
1598 3715 1765 3791 Augustini
1782 3733 1890 3795 procu-

1145 3811 1229 3864 rator
1256 3803 1430 3882 specialiter·
1457 3806 1619 3883 deputatus
1641 3809 1672 3870 in
1699 3812 1783 3872 sacra
1804 3814 1890 3874 theo-

1145 3896 1223 3972 logia
1245 3897 1403 3974 magister,
1426 3899 1506 3976 quod
1529 3898 1708 3963 incivitate
1735 3903 1889 3968 blexicant

1144 3989 1267 4070 publici
1287 3991 1469 4052 auctoritate
1488 3999 1520 4052 et
1541 3992 1705 4071 privilegio
1726 3998 1812 4074 regio
1826 4009 1891 4062 stu-

1145 4083 1186 4146 dii
1209 4083 1361 4162 generalis
1383 4083 1568 4147 universitas
1583 4087 1728 4150 omnibus
1749 4093 1890 4154 numeris

1145 4176 1345 4238 celeberrima
1378 4185 1477 4239 erecta
1498 4178 1619 4255 existit,
1642 4181 1675 4242 in
1697 4199 1757 4260 qua
1786 4185 1890 4262 plures

1145 4271 1305 4332 cathedrae
1331 4271 1505 4348 sumptibus
1532 4273 1680 4334 carissimi
1707 4277 1740 4336 in
1766 4277 1891 4340 Christo

1146 4363 1203 4424 hl'n
1224 4363 1323 4424 nostri
1345 4363 1489 4442 Philippi,
1512 4381 1567 4427 seu
1590 4366 1688 4430 bonae
1709 4375 1889 4446 memoriae,

1146 4457 1221 4518 dum
1243 4455 1403 4530 vixerunt,
1426 4457 1644 4535 Hispaniarum
1666 4477 1788 4538 regum,
1805 4463 1894 4524 insti-

1148 4557 1231 4610 tutae
1257 4556 1287 4609 et
1314 4547 1459 4610 fundatae
1490 4553 1708 4629 reperiuntur,
1739 4571 1816 4633 quae
1838 4573 1893 4635 per

1147 4641 1298 4718 publicam
1321 4642 1548 4719 oppositionem
1568 4661 1623 4705 seu
1642 4663 1841 4725 concursum,
1858 4657 1893 4712 ut

1148 4741 1269 4809 vocant,
1292 4733 1485 4796 obtinentur.
1510 4736 1574 4798 Etsi
1597 4747 1701 4800 autem
1721 4741 1894 4820 plurimum

1146 4827 1318 4906 splendoris
1338 4833 1368 4889 et
1390 4831 1565 4892 ornamenti
1590 4841 1650 4893 tam
1672 4833 1779 4896 Ordini
1800 4853 1894 4914 quam

1148 4920 1325 4998 provinciae
1347 4921 1525 4983 huiusmodi
1540 4923 1612 4986 inde
1627 4926 1755 4989 allatum
1770 4929 1807 4990 iri
1823 4945 1894 4991 con·

1147 5021 1218 5088 stat,
1241 5013 1323 5092 quod
1340 5013 1421 5076 illius
1443 5016 1579 5093 religiosi
1595 5018 1770 5082 doctoratus
1792 5023 1895 5084 laurea

1149 5107 1181 5168 in
1203 5107 1409 5178 universitate
1431 5111 1583 5188 praedicti
1598 5111 1796 5189 decorentur,
1814 5121 1843 5176 et
1858 5114 1895 5176 ad

1148 5216 1317 5262 concursus
1331 5201 1468 5278 publicos
1482 5219 1537 5280 pro
1552 5205 1753 5283 adipiscendis
1770 5207 1894 5270 lecturis

1149 5294 1251 5356 idonei
1272 5293 1459 5372 reddantur,
1483 5298 1588 5359 nullus
1604 5307 1706 5362 tamen
1723 5317 1833 5363 eorum
1848 5317 1896 5364 re·

1150 5385 1331 5463 ligiosorum
1359 5388 1472 5464 viginti
1500 5392 1636 5453 abhinc
1663 5393 1786 5456 circiter
1807 5397 1895 5458 annis

1151 5479 1324 5555 invenitur,
1346 5482 1401 5558 qui
1423 5489 1484 5543 tam
1510 5484 1654 5547 laudabili
1676 5489 1823 5550 exercitio
1844 5505 1895 5568 op

1150 5574 1339 5650 positionum
1361 5591 1416 5636 seu
1438 5591 1647 5640 concursuum
1669 5581 1896 5657 praedictorum

1150 5665 1186 5726 ad
1207 5669 1365 5750 cathedras
1393 5685 1563 5748 earumque
1585 5671 1756 5736 lectionum
1777 5677 1897 5737 assidue

1151 5759 1318 5838 applicatus
1332 5761 1508 5824 cathedram
1523 5763 1656 5844 aliquam
1671 5775 1724 5830 aut
1739 5767 1896 5837 lectoriam
