4866 6980
949 563 1158 615 trttiocxn'rttts
1178 563 1223 614 XI.

313 687 435 750 litterae
448 687 486 748 ad
499 686 668 765 praedictas
681 686 861 764 Ouitensem
878 691 909 748 et
923 686 995 750 alias
1010 687 1060 750 ln-

312 784 433 846 diarum
456 781 629 860 provincias
652 782 823 861 respective
844 781 1057 860 pervenerint,

311 877 369 939 sub
389 877 529 940 eiusdem
556 875 738 954 privationis
758 883 790 936 et
811 876 1060 938 excommunica·

312 971 407 1032 tionis
427 969 547 1048 poenis,
578 969 664 1032 omni
686 977 717 1031 et
745 985 939 1049 quacumque
959 968 1059 1048 appel-

312 1063 428 1127 latione
447 1071 478 1126 et
491 1063 715 1142 supplicatione
728 1065 857 1138 remotai,
874 1080 923 1125 eas
938 1061 970 1124 in
984 1077 1059 1142 quo-

312 1173 447 1236 cumque
467 1157 645 1220 defrnitorio
674 1156 768 1218 etiam
795 1157 916 1235 privato
937 1156 1059 1232 integre

312 1251 481 1330 respective
501 1251 661 1329 recipiant,
678 1251 711 1312 in
732 1250 878 1312 omnibus
900 1257 931 1312 et
952 1249 1059 1326 singu-

312 1345 349 1406 lis
369 1346 488 1408 casibus
509 1345 742 1421 emergentibus
756 1345 791 1406 ad
806 1344 943 1406 litteram
957 1343 1060 1404 obser-

313 1445 398 1514 vent,
411 1438 613 1516 exequutioni
628 1437 792 1513 mandent;
809 1437 915 1515 sicque
929 1437 961 1498 in
974 1452 1060 1514 prae-

311 1533 413 1594 missis
434 1547 488 1610 per
509 1547 723 1610 quoscumque
744 1530 970 1609 praedictarum
991 1545 1060 1608 pro-

313 1625 486 1688 vinciarum
507 1632 539 1688 et
559 1623 681 1688 Ordinis
703 1623 801 1686 nostri
822 1622 937 1686 iudices
957 1631 989 1688 et
1009 1640 1061 1686 su-

312 1721 449 1797 periores
480 1719 650 1782 ordinarios
674 1727 706 1780 et
733 1717 904 1794 delegatos,
936 1733 1058 1780 necnon

312 1829 367 1891 per
387 1828 602 1890 quaecumque
633 1811 799 1874 tribunalia
827 1818 859 1872 et
886 1809 1058 1874 definitoria

313 1906 439 1968 iudicari
461 1914 491 1968 et
516 1904 641 1968 definiri
672 1903 794 1980 debere,
822 1921 855 1966 ac
881 1905 1007 1966 irritum
1029 1910 1058 1965 et

313 1999 405 2060 inane
426 1999 492 2076 ipso
512 1997 590 2058 facto
609 2004 639 2058 et
654 1997 766 2074 absque
781 1997 838 2058 alil
853 1997 1059 2060 declaratione

312 2093 526 2166 decernentes,
542 2093 567 2152 si
589 2107 675 2152 secus
690 2091 846 2168 superbis
860 2107 876 2150 a
890 2105 1057 2168 quoquam,

312 2186 420 2264 quavis
440 2185 632 2260 auctoritate,
652 2185 788 2246 scienter
802 2184 853 2246 vel
867 2184 1058 2260 ignoranter,

313 2279 382 2340 steri
402 2279 453 2341 vel
473 2278 618 2341 attentari
644 2277 820 2354 contigerit.
848 2276 917 2340 Non
938 2277 1059 2339 obstan-

314 2373 395 2434 tibus
416 2373 664 2451 quibuscumque
688 2370 912 2450 praedictarum
933 2369 1061 2448 provin-

313 2466 430 2528 ciarum
444 2465 689 2538 definitionibus,
705 2464 790 2539 actis,
806 2463 930 2526 statutis
944 2471 975 2524 et
989 2479 1061 2524 con-

313 2559 541 2635 suetudinibus,
556 2559 650 2620 etiam
665 2557 972 2631 immemorabilibus,
989 2571 1057 2618 nec-

313 2669 378 2714 non
399 2653 513 2714 nostris
533 2651 584 2714 vel
598 2653 867 2730 praedecessorum
881 2657 1060 2712 nostrorum

315 2745 583 2820 declarationibus,
615 2745 748 2819 statutis,
777 2743 908 2806 decretis
928 2750 960 2805 et
981 2742 1062 2804 ordi-

316 2840 492 2903 nationibus
526 2841 559 2900 in
594 2839 785 2900 contrarium
820 2837 1060 2915 praemissorum

315 2933 546 3011 quomodolibet
565 2931 750 3011 approbatis,
771 2929 973 3004 confirmatis,
988 2946 1060 2992 con-

315 3027 419 3100 cessis,
442 3026 599 3087 innovatis
619 3031 650 3085 et
671 3024 835 3100 emanatis3
858 3039 936 3100 quae
957 3023 1060 3084 omnia

315 3127 347 3180 et
360 3119 493 3195 singula,
506 3119 539 3180 in
554 3125 707 3197 quantum
721 3117 934 3196 praesentibus
950 3116 1061 3178 litteris

315 3214 537 3286 adversantur,
566 3229 621 3274 seu
645 3213 891 3286 contrariantes,
918 3226 1061 3288 expresse

314 3321 508 3382 revocamus,
535 3307 718 3381 derogamus
739 3311 770 3364 et
796 3304 1006 3376 annullamus,
1028 3320 1062 3364 ac

315 3409 467 3475 revocata,
489 3399 659 3472 annullata,
675 3400 819 3474 derogata
834 3403 864 3458 et
879 3396 975 3471 nulla,
992 3397 1062 3458 nul-

315 3494 437 3572 liusque
458 3493 577 3556 roboris
598 3501 629 3554 et
650 3491 800 3554 momenti
830 3489 1061 3552 essevolumus

315 3593 347 3648 et
361 3587 564 3664 declaramus;
580 3585 753 3663 ceterisque
764 3583 926 3646 contrariis
937 3582 1062 3661 quibus-

315 3695 461 3759 cumque,
484 3687 542 3741 etc.

356 3803 467 3864 Datum
489 3799 614 3874 Romae,
631 3799 664 3860 iu
680 3804 837 3860 conventu
853 3797 950 3859 nostri
964 3799 1060 3860 sancti

315 3895 411 3974 patris
440 3893 621 3970 Augustini,
653 3893 702 3956 die
733 3892 842 3954 ultima
871 3891 988 3952 mensis
1016 3893 1061 3953 iu-

316 4006 361 4050 nu
383 4001 545 4051 nncnxxx.

357 4111 391 4172 F.
414 4109 591 4172 Dourrucus
612 4107 837 4170 Vxnvxsonrus
855 4105 1061 4169 Mediolanen-

315 4203 368 4278 sis,
392 4203 546 4279 generalis
567 4201 638 4263 licet
652 4200 798 4278 indignus
813 4199 935 4262 Ordinis
950 4199 1061 4260 eremi-

317 4303 419 4357 tarum
439 4296 537 4357 sancti
558 4293 653 4373 patris
675 4291 856 4370 Augustini3

357 4400 500 4477 Magister
513 4401 547 4463 F.
563 4400 709 4464 Canobus
725 4399 836 4461 lixum
848 4397 986 4459 Penusrx
1001 4397 1061 4458 Me-

316 4494 516 4569 diolanensis,
538 4493 720 4556 secretarius
741 4492 872 4556 Ordinis.
897 4491 1063 4569 Loco†si-

316 4587 394 4664 gilli.
417 4588 626 4665 Registratum
648 4587 700 4649 lib.
725 4603 794 4648 u.»

82 4717 298 4818 nffldffbssffi'xss
357 4711 426 4786 §2-
450 4712 529 4774 Cum
550 4716 666 4784 autem,
687 4709 767 4770 sicut
787 4709 893 4770 eadem
914 4706 1062 4785 expositio

85 4825 144 4872 fleis.

316 4803 535 4880 subiungebat,
565 4811 600 4864 ut
627 4801 749 4863 litterae
778 4801 986 4879 praeinsertae
1011 4801 1063 4860 fir·

317 4897 400 4960 mius
430 4896 609 4972 subsistant,
638 4903 670 4958 et
695 4895 728 4956 in
755 4893 892 4972 partibus
920 4893 993 4956 adeo
1015 4909 1061 4954 re-

316 4991 410 5054 motis
431 4990 605 5054 executioni
630 4987 818 5050 mandentur
845 5002 878 5049 ac
897 4995 1063 5050 serventur

317 5083 465 5158 exactius,
488 5081 639 5161 praefatus
661 5087 840 5158 procurator
861 5080 1014 5156 generalis
1029 5079 1063 5141 il·

316 5177 361 5239 las
386 5175 567 5256 apostolicae
597 5173 838 5238 confirmationis
869 5180 993 5235 nostrae
1015 5189 1064 5251 pa·

316 5271 449 5332 trocinio
471 5269 658 5331 communiri
679 5281 877 5345 summopere
891 5267 1060 5330 desideret:

316 5379 391 5440 nos,
427 5363 522 5442 ipsius
556 5362 763 5441 procuratoris
799 5359 952 5438 generalis
982 5359 1064 5422 votis

316 5458 372 5520 bac
393 5457 427 5519 in
454 5473 500 5532 re,
522 5465 676 5535 quantum
702 5470 774 5518 cum
802 5454 932 5516 Domino
958 5467 1063 5532 possu-

316 5566 399 5626 mus,
420 5551 630 5614 favorabiliter
651 5564 790 5612 annuere
809 5547 961 5622 volentes
977 5561 1063 5610 eum·

318 5661 380 5723 que
408 5662 424 5708 a
446 5644 608 5724 quibusvis
629 5639 969 5714 excommunicationis,
997 5656 1064 5701 sus-

318 5737 477 5817 pensionis
497 5745 529 5800 et
554 5736 723 5811 interdicti,
739 5735 868 5813 aliisque
881 5733 1062 5796 ecclesiasti-

319 5831 363 5894 cis
386 5831 567 5906 sententiis,
596 5829 734 5893 censuris
754 5836 786 5890 et
810 5827 935 5907 poenis,
958 5842 974 5886 a
996 5827 1063 5890 iure

320 5925 370 5987 vel
391 5924 428 5986 ab
448 5924 589 5998 bomine,
603 5922 711 6001 quavis
725 5921 883 5984 occasione
903 5920 954 5981 vel
976 5935 1063 5982 causa

429 6069 481 6116 lar.
497 6069 569 6117 Post.
584 6067 615 6115 de
629 6067 704 6128 rrop.
720 6065 781 6115 Ftdc
795 6066 877 6114 Partis
891 6067 911 6114 t.
925 6064 979 6112 vol.
994 6065 1025 6112 11.

1115 687 1199 762 latis,
1235 686 1399 766 siquibus
1428 683 1657 765 quomodolibet
1690 682 1856 746 innodatus

1114 782 1230 856 existit,
1246 781 1282 843 ad
1300 781 1445 844 ellectum
1466 781 1678 860 praesentium
1699 782 1857 844 dumtaxat

1114 875 1380 954 consequendum,
1399 875 1510 938 barum
1525 875 1606 938 serie
1620 875 1814 938 absolventes
1826 880 1858 936 et

1114 969 1289 1032 absolutum
1311 968 1376 1032 fore
1397 979 1568 1046 censentes,
1585 972 1858 1050 supplicationibus

1115 1064 1179 1126 eius
1208 1063 1336 1126 nornine
1366 1063 1454 1126 nobis
1484 1080 1577 1142 super
1609 1065 1664 1128 boc
1695 1065 1859 1127 humiliter

1114 1160 1261 1239 porrectis
1277 1157 1429 1234 inclinati,
1442 1160 1479 1221 de
1490 1159 1715 1222 venerabilium
1727 1159 1858 1220 fratrum

1115 1262 1291 1316 nostrorum
1315 1253 1345 1316 S.
1369 1253 1405 1314 R.
1430 1253 1463 1314 E.
1493 1253 1702 1316 cardinalium
1726 1253 1859 1330 negotiis

1115 1355 1146 1410 et
1167 1345 1444 1410 consultationibus
1465 1347 1685 1426 Episcoporum
1707 1354 1738 1408 ct
1758 1346 1861 1422 flegu-

1115 1441 1226 1504 larium
1238 1441 1493 1520 praepositorum,
1506 1439 1559 1518 qui
1571 1446 1778 1502 memoratum
1790 1455 1858 1519 pro·

1114 1542 1289 1598 curatorem
1311 1534 1488 1611 generalem
1504 1533 1703 1609 audiverunt,
1719 1532 1858 1607 consilio,

1115 1635 1146 1690 et
1167 1630 1283 1691 attenta
1311 1627 1460 1690 relatione
1481 1627 1583 1690 dilecti
1611 1627 1667 1688 tilii
1688 1627 1786 1690 nostri
1807 1627 1860 1688 Pa-

1114 1721 1185 1784 lutii
1207 1723 1238 1784 S.
1261 1721 1296 1784 R.
1321 1722 1355 1782 E.
1379 1721 1550 1800 presbyteri
1573 1721 1743 1784 cardinalis
1758 1719 1796 1782 de
1810 1720 1860 1782 lll-

1116 1815 1200 1878 teriis
1221 1817 1403 1894 nuncupati,
1427 1815 1500 1878 dicti
1521 1815 1643 1878 Ordinis
1664 1816 1744 1893 apud
1758 1830 1815 1876 nos
1830 1823 1860 1876 et

1116 1909 1227 1970 Sedem
1239 1908 1444 1987 Apostolicam
1458 1909 1650 1987 protectoris,
1663 1909 1778 1970 eisdem
1791 1909 1860 1970 Car·

1115 2000 1267 2064 dinalibus
1289 2018 1381 2081 super
1400 2002 1573 2080 praemissis
1588 2001 1675 2076 facta,
1691 2001 1862 2080 praeinser-

1117 2103 1159 2156 tas
1180 2101 1321 2173 patentes
1342 2095 1469 2172 litteras,
1490 2111 1562 2158 cum
1583 2095 1727 2158 omnibus
1748 2103 1778 2156 et
1799 2095 1860 2156 sin-

1116 2190 1196 2266 gulis
1216 2190 1248 2252 in
1270 2190 1313 2251 eis
1334 2189 1488 2253 contentis
1509 2197 1540 2251 et
1555 2189 1716 2268 expressis,
1732 2190 1863 2252 auctori-

1115 2291 1178 2346 tate
1199 2283 1371 2362 apostolica,
1389 2292 1497 2346 tenore
1517 2283 1739 2362 praesentium,
1754 2298 1862 2361 appro-

1116 2378 1223 2440 bamus
1244 2385 1274 2438 et
1289 2378 1521 2451 confirmamus,
1538 2376 1663 2455 illisque
1676 2375 1862 2438 inviolabilis

1115 2471 1296 2550 apostolicae
1327 2470 1482 2532 firmitatis
1513 2471 1608 2532 robur
1635 2470 1806 2543 adficimuS,
1829 2485 1862 2530 ac

1116 2579 1224 2627 omnes
1245 2572 1276 2626 et
1295 2563 1435 2640 singulos
1468 2562 1543 2625 iuris
1564 2569 1596 2624 et
1623 2562 1694 2626 facti
1725 2562 1862 2624 defectus

1116 2654 1208 2717 etiarn
1229 2654 1456 2728 substantiales,
1478 2653 1571 2730 siqui
1588 2652 1720 2732 desuper
1734 2667 1862 2731 quomo-

1116 2747 1231 2810 dolibet
1252 2748 1493 2821 intervenerint,
1508 2748 1703 2827 supplemus;
1722 2745 1804 2808 salvi
1821 2753 1862 2806 ta-

1116 2857 1190 2902 men
1210 2857 1333 2920 semper
1351 2843 1383 2904 in
1397 2840 1571 2920 praemissis
1585 2841 1768 2902 auctoritate
1783 2841 1861 2903 Con-

1117 2935 1304 3011 gregationis
1325 2935 1569 2998 memoratorum
1591 2933 1810 2997 cardinalium.

1156 3031 1175 3103 ἓ
1196 3027 1225 3090 3.
1249 3029 1457 3090 Decernentes
1478 3029 1600 3091 easdem
1621 3035 1798 3106 praesentes
1812 3027 1863 3090 lit-

1118 3129 1197 3183 teras
1211 3137 1335 3200 sempor
1349 3121 1463 3196 firmas,
1477 3121 1591 3182 validas
1605 3127 1635 3182 et
1649 3120 1785 3182 efficaces
1800 3121 1864 3183 exi·

1117 3221 1199 3276 stere
1220 3223 1251 3277 et
1271 3215 1347 3289 fore,
1363 3231 1495 3293 suosque
1511 3213 1663 3294 plenarios
1678 3221 1708 3276 et
1723 3214 1863 3291 integros

1117 3307 1243 3370 effectus
1274 3308 1377 3370 sortiri
1410 3315 1440 3369 et
1471 3309 1628 3383 obtinere,
1658 3325 1691 3370 ac
1720 3307 1796 3382 illis,
1826 3309 1861 3368 ad

1117 3418 1193 3481 quos
1214 3409 1330 3480 spectat
1351 3409 1382 3463 et
1403 3417 1457 3480 pro
1474 3409 1613 3480 tempore
1625 3401 1783 3480 spectabit,
1800 3401 1863 3480 ple-

1117 3498 1245 3559 nissime
1265 3496 1436 3572 suflragari,
1452 3503 1483 3557 et
1504 3495 1541 3558 ab
1562 3497 1604 3557 eis
1626 3495 1796 3574 respective
1817 3496 1864 3556 in-

1116 3590 1300 3676 violabiliter
1320 3589 1487 3656 observari,
1509 3589 1612 3668 sicque
1634 3587 1667 3650 in
1688 3589 1863 3666 praemissis

1116 3701 1172 3762 per
1192 3699 1403 3762 quoscumque
1429 3681 1545 3744 iudices
1569 3681 1739 3744 ordinarios
1759 3689 1791 3744 et
1811 3681 1863 3744 de-

1116 3777 1243 3854 legatos,
1266 3777 1360 3838 etiam
1389 3791 1552 3838 causarum
1582 3775 1683 3854 palatii
1707 3775 1862 3854 apostolici

1117 3871 1282 3944 auditores,
1306 3869 1432 3932 iudicari
1455 3877 1485 3930 et
1500 3869 1623 3931 definiri
1637 3869 1759 3944 debere,
1776 3885 1809 3929 ac
1823 3869 1862 3930 ir-

1117 3964 1213 4025 ritum
1239 3971 1270 4025 et
1294 3963 1386 4024 inane
1407 3962 1431 4024 si
1453 3979 1541 4026 secus
1566 3977 1658 4041 super
1676 3962 1725 4022 llis
1747 3979 1763 4022 a
1787 3978 1862 4040 quo-

1117 4073 1221 4134 quam,
1235 4056 1342 4135 quavis
1356 4056 1547 4130 auctoritate,
1563 4055 1696 4118 scienter
1710 4055 1761 4118 vel
1774 4056 1862 4132 igno-

1117 4158 1234 4224 ranter,
1255 4149 1421 4226 contigerit
1442 4150 1597 4212 attentari.

1156 4243 1175 4318 ξ
1196 4242 1225 4303 fx.
1249 4241 1318 4304 Non
1341 4239 1531 4304 obstantibus
1545 4242 1728 4321 praemissis,
1744 4259 1777 4304 ac
1791 4259 1864 4304 con·
1880 4254 2092 4363 “samiorum

1117 4335 1330 4398 stitutionibus
1358 4341 1388 4396 et
1413 4335 1657 4398 ordinationibus
1677 4335 1861 4415 apostolicis,

1117 4443 1250 4504 necnon,
1274 4434 1426 4506 quatenus
1447 4444 1523 4507 opus
1544 4429 1594 4504 sit,
1612 4428 1734 4492 Ordinis
1748 4436 1779 4490 et
1793 4444 1863 4507 pro-

1117 4521 1290 4584 vinciacum
1318 4519 1663 4600 huiusmodi,*,¹aliisque
1690 4522 1862 4600 quibusvis,

1118 4614 1210 4678 etiam
1232 4615 1417 4688 iuramento,
1435 4615 1679 4678 ‘confirmatione
1702 4615 1864 4694 apostolica

1118 4707 1168 4770 vel
1190 4708 1298 4786 quavis
1319 4707 1467 4768 firmitate
1487 4707 1545 4768 alia
1565 4707 1725 4782 roboratis,
1741 4707 1864 4770 statutis

1118 4808 1148 4862 et
1167 4799 1455 4876 consuetudinibus,
1476 4799 1646 4878 privilegiis
1667 4816 1801 4879 quoque,
1817 4799 1864 4860 in·

1118 4894 1213 4960 dultis
1233 4901 1263 4956 et
1285 4893 1397 4956 litteris
1423 4893 1594 4972 apostolicis
1615 4894 1648 4955 in
1672 4894 1864 4956 contrarium

1118 4987 1358 5068 praemissorum
1373 4985 1602 5064 quomodolibet
1617 4986 1777 5060 concessis,
1793 5001 1865 5048 con-

1119 5081 1246 5144 firmatis
1266 5087 1298 5142 et
1322 5080 1494 5155 innovatis3
1529 5079 1640 5156 quibus
1669 5079 1813 5140 omnibus
1834 5085 1865 5139 et

1117 5173 1261 5250 singulis,
1283 5171 1409 5234 illorum
1430 5179 1553 5234 tenores
1577 5172 1788 5250 praesentibus
1808 5186 1864 5249 pro

1119 5267 1211 5346 plene
1234 5274 1264 5328 et
1288 5265 1478 5329 sufficienter
1504 5265 1656 5343 expressis
1685 5266 1774 5327 acad
1796 5279 1865 5326 ver-

1119 5361 1194 5422 bum
1215 5360 1341 5422 insertis
1360 5358 1519 5434 babentes,
1536 5358 1596 5420 illis
1610 5357 1682 5419 alias
1697 5359 1730 5420 in
1745 5374 1801 5420 suo
1816 5374 1864 5418 ro

1118 5453 1192 5516 bore
1213 5453 1434 5532 permansuris,
1461 5453 1497 5514 ad
1517 5451 1756 5531 praemissorum
1777 5449 1864 5512 eflec-

1120 5554 1205 5622 tum,
1238 5547 1293 5609 bac
1323 5546 1390 5609 vice
1421 5547 1596 5619 dumtaxat,
1630 5544 1803 5624 specialiter
1833 5551 1864 5605 et
1907 5605 1914 5618 ,

1119 5655 1261 5718 expresse
1288 5639 1487 5717 derogamus3
1510 5638 1682 5716 ceterisque
1703 5637 1863 5700 contrariis

1119 5732 1375 5814 quibuscumque.

1158 5827 1177 5901 ἓ
1197 5826 1226 5886 5.
1249 5823 1402 5888 Volumus
1416 5832 1520 5888 autem
1536 5833 1570 5888 ut
1583 5826 1764 5887 earumdem
1779 5838 1864 5903 prae·
1883 5834 2094 5946 sumlssitfffflan'

1119 5919 1255 5981 sentium
1271 5917 1447 5982 litterarum
1462 5921 1674 5998 transumptis,
1691 5935 1745 5982 seu
1760 5933 1864 5980 exem-

1747 6066 1760 6116 t

1797 543 1835 612 41
1886 543 1940 603 An.
1954 547 1984 603 O.
2006 543 2074 602 1680

1910 3033 2050 3081 clausulae.
