4836 6998
140 561 201 622 An.
215 567 245 620 G.
267 566 335 620 1725

404 700 554 778 regimini
583 699 731 764 ministri
759 701 918 781 garteruiis
946 703 1109 767 lituorum

403 790 537 856 subiicit
559 791 613 872 (f).

534 964 777 1035 attentatus
794 967 853 1034 ΡΡ.
871 967 939 1036 lilll.

503 1089 540 1156 ad
562 1089 691 1158 futuram
714 1091 757 1157 rai
784 1093 964 1159 memoriam.

171 1273 316 1320 avarorum.
402 1264 531 1328 Paterna
546 1266 633 1330 Sedis
649 1268 837 1348 spostolicae
852 1271 1047 1348 providentia
1062 1287 1109 1333 er·

364 1371 400 1432 ga
422 1359 486 1436 pios
507 1360 650 1422 homines
670 1362 729 1424 sub
749 1362 855 1425 habitu
876 1363 1059 1426 humilitatis
1078 1371 1108 1428 et

363 1451 574 1530 poenitentiae
595 1455 657 1516 beo
679 1455 865 1518 famulantes
892 1472 980 1536 saepe
1001 1458 1109 1520 Roma-

404 1683 433 1738 (t)
449 1685 486 1728 Ex
500 1685 562 1740 leeg.
578 1685 604 1730 iu
620 1687 695 1732 Arch.
711 1690 783 1732 Brea.
799 1687 861 1734 Vide
871 1688 980 1734 inferius
990 1689 1107 1734 eiusdem

363 1750 434 1794 Pont.
449 1753 530 1796 const.
554 1755 661 1806 depcrit
681 1757 756 1799 uobis
770 1769 867 1810 terraer.
885 1767 952 1814 quae
967 1759 1007 1802 est
1021 1760 1106 1802 xxix.

363 1815 486 1862 Meritum
497 1817 599 1864 Ordinis
608 1819 634 1864 in
646 1820 767 1867 universo
777 1823 875 1868 mundo
885 1823 1054 1869 laudabiliter
1063 1824 1108 1868 dif-

363 1881 413 1927 fnsi
427 1883 538 1940 requirit
552 1885 595 1930 hio
607 1885 704 1933 Nicolai
714 1892 753 1933 tv.
765 1895 790 1934 et
802 1891 893 1936 taonis
903 1895 931 1936 x.
943 1893 1108 1937 coristitntio

363 1960 408 1994 nes
423 1950 529 2006 referre,
544 1963 610 2009 quae
625 1956 731 2011 regulas
745 1959 897 2014 approbant.

363 2086 524 2136 approbatio
547 2090 647 2132 Tertiae
668 2093 783 2143 renatae
802 2097 924 2143 fratrum
942 2100 966 2138 et
979 2107 1108 2140 soror-aruo

405 2155 483 2198 Tertii
494 2158 602 2200 mutata
616 2169 633 2201 a
641 2161 669 2202 Β.
681 2162 824 2206 Frametroo
835 2165 981 2211 institutae,
990 2174 1045 2215 pra
1054 2175 1109 2207 sae·

401 2225 540 2266 collaribus
554 2229 583 2268 iu
594 2231 719 2288 propqtu
732 2231 855 2272 dormitas
875 2233 1032 2279 clarentibus,
1052 2233 1109 2274 Ter·-

402 2293 490 2334 ttartis
505 2299 678 2347 murtaupaiis.

361 2421 648 2483 bteomusttpiaeopu·
671 2439 922 2476 servusiservorum
937 2431 989 2482 liei,
1004 2431 1107 2476 dilectis

400 2490 463 2535 filiis
477 2492 614 2545 iratribus.
629 2496 653 2539 et
668 2495 771 2542 dilectis
786 2497 813 2540 in
827 2497 933 2543 Christo
948 2499 1051 2543 filiabus
1062 2512 1107 2544 eo-

401 2557 508 2603 roribns
517 2559 620 2606 Ordinis
630 2561 742 2608 fratrum
752 2564 783 2608 de
792 2564 961 2618 Paenitentia,
969 2567 1022 2610 iem
1033 2579 1107 2622 prae·

401 2624 520 2669 sentibus
542 2637 619 2680 quam
639 2629 745 2682 futuris,
767 2631 879 2676 adulam
894 2633 917 2676 et
931 2633 1107 2687 apostoticam

401 2691 613 2740 beneffictionam.

156 2821 326 2871 Prooemium
402 2829 486 2884 Supra
505 2832 623 2874 montem
643 2831 787 2877 cailtolicae
809 2833 882 2887 fidei,
903 2843 982 2891 quam
1004 2834 1107 2892 populis

361 2895 490 2948 gentium,
504 2895 550 2951 qui
563 2896 736 2942 ambulabant
745 2897 772 2943 iu
784 2899 906 2955 tenebris,
917 2900 1106 2958 discipulorum

361 2960 458 3006 Christi
479 2960 582 3008 sincera
603 2963 706 3009 devotio
727 2965 787 3021 igne
808 2965 927 3011 caritatis
942 2970 1106 3025 exaestuans,

361 3029 440 3074 verbo
453 3028 573 3076 solicitata
587 3031 787 3088 praedicationis
798 3034 908 3090 edocuit,
919 3047 1049 3093 quamque
1059 3039 1107 3082 ito-

361 3097 525 3141 manutenet
540 3099 566 3141 et
581 3101 668 3143 serrat
683 3099 805 3156 Ecclesia,
818 3101 932 3146 solidum
946 3103 1107 3150 christianae

360 3160 497 3216 religionis
518 3162 633 3220 positum
655 3166 774 3210 noscitur
795 3166 1003 3224 fundamentum,
1025 3171 1106 3216 nullis

360 3239 486 3285 uniquam
501 3229 701 3276 concutiendum
718 3233 877 3290 turbinibus,
888 3237 969 3282 nullis
983 3249 1107 3294 quassan-

360 3294 423 3339 dum
438 3295 561 3341 fluctibus
576 3299 772 3354 tempestatum.
788 3303 855 3346 tinec
869 3305 909 3347 ast
919 3303 1015 3348 etenim
1025 3307 1105 3360 recta,

360 3371 473 3417 veraque
488 3362 560 3417 fides,
570 3364 669 3420 absque
682 3363 757 3410 cuius
771 3367 903 3412 consortio
918 3380 994 3414 nemo
1008 3370 1035 3414 iu
1049 3381 1107 3416 con·

360 3429 449 3483 spectu
464 3428 594 3474 altissimi
608 3435 730 3488 acceptus
745 3433 872 3488 redditur,
884 3445 961 3480 aterno
972 3437 1106 3492 gratiosus

360 3495 481 3540 occurrit.
497 3499 565 3544 ilaec
579 3499 627 3551 est,
642 3509 709 3553 quaa
720 3499 815 3544 salutis
826 3501 947 3547 semitam
958 3507 1106 3562 praeparat,

360 3563 386 3606 et
399 3561 534 3608 felicitatis
554 3565 678 3609 aeternae
700 3565 818 3620 praemia
839 3568 988 3626 gaudiaque
1003 3571 1106 3626 pollice

360 3629 411 3672 tur.
427 3629 538 3685 Ideoque
552 3630 683 3686 gloriosus
698 3632 796 3676 Christi
813 3633 948 3680 confessor
962 3639 987 3680 B.
1004 3639 1107 3691 Franci·

360 3705 419 3740 scus
434 3695 514 3740 hrtius
529 3696 633 3742 Ordinis
652 3697 799 3753 institutor,
814 3699 883 3745 viam
903 3703 1058 3748 ascendendi
1073 3705 1105 3750 ad

360 3761 499 3806 bantinum
521 3763 599 3808 verbo
620 3765 721 3820 pariter
734 3769 760 3810 et
775 3768 893 3824 exemplo
914 3769 1105 3824 demonstrans,

359 3827 442 3884 ipsius
463 3827 615 3874 sinceritate
637 3830 697 3875 fidei
712 3843 773 3877 sitos
788 3832 856 3878 filios
873 3836 996 3889 erudivit,
1011 3847 1106 3893 eosque

359 3894 435 3939 illam
445 3894 572 3950 profiteri,
582 3900 734 3943 constanter
743 3901 841 3954 tenere,
852 3901 977 3947 similiter
988 3913 1018 3948 ac
1029 3915 1106 3960 opere

360 3961 443 4006 voluit
463 3962 617 4019 adimplere,
632 3967 661 4009 ut
681 3976 728 4022 per
742 3965 799 4010 eius
818 3967 940 4012 semitam
962 3969 1106 4014 salubriter

360 4027 516 4084 incedentes,
531 4033 699 4077 moererentur
712 4036 771 4090 post
785 4033 855 4078 vitae
873 4035 1019 4091 praesentis
1034 4047 1106 4093 erga-

360 4094 470 4150 stulum,
484 4099 608 4142 aeternae
622 4097 795 4144 beatitudinis
809 4099 874 4145 effici
888 4111 1057 4157 possessores.

448 4233 485 4275 De
498 4235 576 4278 modo
590 4235 770 4279 examinandi
784 4238 898 4280 valamer
913 4240 1019 4282 intrare

646 4303 675 4344 in
690 4304 819 4347 ordimem.

683 4435 747 4488 CAP.
764 4437 780 4479 t.

156 4566 268 4611 Examen
283 4565 343 4612 reai-

400 4565 451 4608 Nos
464 4563 549 4621 igitur
569 4567 688 4612 ordinem
702 4567 788 4625 ipsum
807 4570 960 4627 opportunis
975 4571 1106 4617 favoribus

123 4617 288 4678 pieadorum.

361 4635 555 4689 prosequentes,
570 4635 603 4680 ad
624 4635 681 4680 aius
701 4643 893 4692 augumentum
915 4639 1055 4696 benignius
1070 4640 1107 4684 in-

361 4697 505 4755 tendentes,
515 4702 666 4753 statuimus,
678 4705 707 4748 ut
721 4715 819 4760 omnes,
831 4717 895 4761 quos
905 4706 938 4750 ad
949 4707 1106 4751 servandum

361 4765 513 4812 huiusmodi
534 4768 604 4814 vitae
624 4770 736 4816 formam
757 4772 858 4816 assumi
879 4774 1029 4830 contigerit,
1044 4776 1105 4819 ante

360 4834 566 4892 assumptionem
587 4849 634 4883 seu
654 4837 830 4895 receptionem
852 4839 982 4895 ipsorum,
1003 4841 1034 4884 da
1057 4840 1106 4884 tide

359 4903 490 4948 catholica
504 4907 531 4947 et
545 4903 693 4950 obedientia
711 4915 775 4961 erga
796 4905 941 4961 praelatam
963 4907 1104 4952 Ecclesiam

359 4969 482 5026 diligenti
495 4971 684 5016 examinationi
698 4972 851 5016 subdantur.
867 4975 899 5017 tat
910 4972 932 5018 si
942 4984 986 5018 aas
996 4973 1105 5030 professi

360 5037 473 5082 tirmiter
487 5037 593 5093 fuerim,
608 5049 719 5095 vereque
740 5037 907 5094 crediderint,
929 5039 1044 5094 admitti,
1059 5053 1105 5087 seu

359 5105 440 5162 recipi
456 5107 512 5150 tute
526 5107 650 5161 poterunt
664 5107 696 5150 ad
707 5107 833 5151 eamdem.
846 5107 1055 5152 tJraecavendum
1066 5111 1106 5152 est

359 5175 447 5217 tamen
462 5172 572 5226 solicite,
587 5171 736 5217 haereticus
751 5183 783 5216 ne
797 5171 863 5229 quis,
874 5173 915 5216 vei
926 5175 1063 5229 suspectus
1075 5175 1106 5218 de

359 5238 471 5294 haeresi,
486 5238 628 5284 autetiam
651 5238 801 5293 infamatus,
815 5239 848 5284 ad
863 5239 933 5284 vitae
948 5239 1106 5285 observatio

359 5317 418 5350 irem
434 5305 516 5363 ipsius
538 5305 732 5362 quomodolibet
753 5305 919 5350 admittatur.
940 5309 972 5351 st
986 5307 1009 5351 si
1024 5307 1104 5352 talem

359 5371 470 5417 inveniri
491 5371 631 5428 contigerit
652 5371 769 5416 extitisse
789 5375 932 5428 receptum,
953 5373 1106 5430 assignetur

359 5439 404 5484 ille
418 5437 576 5495 quamcitius
591 5438 793 5494 inquisitoribus
808 5439 946 5496 praevitatis
957 5441 1105 5486 haereticae

359 5505 513 5563 puniendus.

387 5630 422 5672 De
435 5630 525 5677 sorana
539 5631 684 5682 recipiendi
699 5631 813 5672 conarer
828 5631 933 5672 intrare
945 5627 1077 5674 Ordinem.

678 5737 742 5779 CAP.
758 5737 787 5779 ΙΙ.

155 5848 241 5892 perer
273 5844 342 5892 tione
399 5845 462 5886 cum
483 5843 573 5886 autem
595 5841 789 5888 fraternitatem
814 5841 966 5886 huiusmodi
988 5843 1046 5899 quis
1068 5843 1105 5887 in-

122 5901 163 5947 ⁰4
203 5910 252 5958 imi
271 5899 341 5946 <²⁶5⁰-
359 5911 432 5954 trare
448 5907 568 5963 voluerit,
586 5908 702 5953 rninistri
716 5908 748 5954 ad
764 5908 939 5965 receptionem
956 5909 1050 5954 talium
1064 5909 1105 5954 de-

123 5966 185 6005 uem
206 5957 229 6000 ⁰²
245 5951 342 6014 P'0s05'
359 5973 454 6030 putati,
469 5975 525 6020 eius
539 5974 660 6030 officium,
680 5976 779 6021 statum
795 5981 821 6019 et
836 5975 1010 6020 conditionem
1026 5975 1105 6021 soler·

467 6098 519 6146 tur.
535 6098 603 6146 Porti.
619 6099 650 6146 de
665 6099 740 6159 Prop.
754 6098 817 6146 Fide
830 6099 913 6147 Partis
928 6101 945 6146 l.
961 6098 1015 6147 vol.
1031 6099 1061 6146 tt.

992 589 1189 634 aasabtcrtts
1211 585 1280 635 ltili.

1831 573 1888 637 377
1940 573 1992 626 An.
2007 575 2037 627 0.
2060 574 2128 624 1725

1165 723 1220 770 nos
1241 708 1405 772 Pontifices
1426 717 1632 774 antecessores
1647 715 1768 774 nostros
1784 709 1908 790 impulit

1164 818 1220 880 pro
1235 817 1342 866 eorum
1357 804 1465 868 solatio
1479 813 1511 868 et
1525 807 1687 868 commodo
1702 806 1821 884 pridem
1836 822 1908 867 oon·

1164 911 1245 958 cessa
1267 899 1435 976 approbare
1455 908 1486 963 at
1507 915 1669 976 renovare,
1693 901 1786 962 etiam
1801 917 1907 979 appro-

1164 991 1231 1053 bata
1252 1007 1360 1054 rursus
1381 993 1544 1071 apostolici
1568 995 1749 1057 auctoritate
1769 993 1906 1068 munire,

1162 1091 1198 1146 ut
1220 1101 1255 1146 eo
1278 1085 1415 1148 firmiora
1446 1087 1664 1165 persisterent,
1697 1103 1759 1164 quo
1788 1087 1908 1166 saepius

1164 1184 1264 1239 assant
1285 1178 1425 1241 eiusdem
1456 1178 1543 1242 Sedis
1568 1179 1751 1241 auctoritate
1770 1179 1905 1241 suffulta.

1163 1271 1252 1347 Hinc,
1275 1279 1310 1334 ot
1331 1271 1454 1335 Orclinis
1475 1271 1699 1334 Tertiariorum
1721 1271 1799 1334 beati
1814 1273 1909 1334 Fran·

1163 1365 1234 1426 cisci
1256 1365 1292 1426 de
1309 1364 1514 1427 Paenitentia
1529 1365 1711 1444 nuncupati,
1729 1365 1781 1443 qui
1798 1365 1830 1428 in
1847 1373 1908 1428 tres

1162 1463 1271 1542 status,
1294 1457 1411 1520 divisus
1437 1458 1641 1521 saccularium
1668 1459 1794 1533 scilicet,
1817 1457 1909 1520 colle-

1163 1693 1204 1734 ter
1218 1691 1363 1748 explorent,
1378 1690 1427 1736 sibi
1448 1689 1626 1736 fraternitatis
1648 1690 1764 1736 eiusdem
1780 1701 1867 1744 onera,
1883 1691 1909 1735 et
1926 1696 2029 1752 stoacio,
2046 1705 2076 1741 aa
2089 1697 2141 1740 sta·

1163 1757 1301 1814 praecipue
1316 1757 1463 1802 alienorum
1485 1756 1682 1803 restitutionem
1703 1757 1820 1814 apertius
1836 1769 1910 1814 expo·
1928 1749 2028 1812 hillidii
2052 1749 2081 1796 iu
2100 1760 2139 1794 Of·

1163 1825 1261 1868 tientes.
1278 1823 1375 1873 Quibus
1390 1823 1551 1881 praemissis,
1563 1824 1585 1870 si
1595 1824 1679 1870 eidem
1690 1823 1826 1882 placuerit,
1836 1824 1909 1870 iuxta
1928 1804 1993 1850 ‘m‘

1163 1889 1268 1934 moduni
1291 1889 1440 1936 huiusmodi
1464 1891 1598 1945 induatur,
1615 1893 1642 1935 et
1656 1891 1687 1936 de
1709 1891 1803 1936 alienis
1826 1890 1909 1948 (siqua

1162 1953 1261 2000 iruerint
1281 1956 1351 2012 apud
1371 1959 1438 2012 eam}
1461 1957 1611 2003 satisfacere
1632 1959 1737 2004 studeat
1752 1958 1779 2002 in
1799 1958 1909 2014 pecnnia

1163 2025 1310 2078 numerata,
1325 2023 1366 2068 vel
1387 2025 1530 2069 secundum
1552 2024 1697 2070 exhibitam
1718 2024 1836 2081 pignoris
1851 2035 1910 2069 cau·

1151 2089 1276 2134 tionem:
1299 2101 1378 2147 seqare
1399 2091 1572 2136 nibilominus
1594 2091 1721 2148 proximis
1738 2087 1909 2136 reconciliare

1163 2159 1291 2213 procuret.
1315 2157 1413 2208 Quibus
1434 2157 1555 2202 omnibus
1577 2158 1610 2202 ad
1627 2157 1746 2202 effectum
1769 2156 1909 2214 perductis,

1162 2226 1220 2280 post
1234 2223 1313 2268 unius
1327 2223 1391 2268 atoni
1405 2223 1528 2280 spatium,
1543 2235 1602 2269 curn
1620 2224 1771 2280 aliquorum
1787 2223 1910 2268 discreto·

1162 2301 1221 2335 rum
1236 2290 1349 2336 fratrum
1364 2290 1482 2345 consilio,
1497 2290 1519 2335 si
1533 2289 1555 2336 is
1570 2289 1701 2335 ridebitur
1716 2288 1779 2346 ipsis
1792 2289 1909 2344 idoneus,

1163 2357 1306 2414 recipiatur
1321 2358 1369 2402 hoc
1390 2358 1474 2412 moda,
1489 2357 1619 2413 videlicet,
1635 2359 1664 2402 ut
1679 2355 1817 2414 promittat
1833 2367 1860 2400 se
1874 2356 1910 2400 di-

1164 2424 1222 2470 vina
1236 2427 1373 2482 praecepta
1394 2424 1483 2469 omnia
1504 2425 1681 2478 servaturum,
1695 2433 1725 2468 ac
1740 2422 1819 2468 etiam
1835 2422 1910 2467 satis-

1162 2491 1292 2536 facturum
1316 2492 1354 2546 bot
1368 2491 1496 2544 convenit]
1513 2491 1544 2534 de
1558 2489 1822 2547 transgressionibus,
1845 2501 1909 2546 quas

1162 2560 1253 2602 contra
1274 2558 1344 2603 hunc
1358 2557 1462 2602 vivendi
1483 2557 1590 2602 modum
1612 2555 1783 2610 commiserit,
1798 2565 1858 2599 cirin
1874 2555 1911 2598 in·

1162 2624 1317 2682 ierpellatus
1331 2625 1364 2669 ad
1378 2623 1525 2669 visitatoris
1549 2621 1665 2668 extiterit
1686 2622 1856 2667 voluntatem.
1878 2623 1909 2664 rt

1162 2691 1314 2737 huiusmodi
1327 2691 1360 2738 ab
1375 2704 1405 2736 ao
1419 2692 1487 2736 facta
1508 2689 1654 2746 promissio,
1675 2701 1722 2746 per
1743 2699 1851 2734 mianum
1866 2699 1911 2744 pu-

1162 2758 1266 2814 blicam,
1277 2758 1304 2802 in
1319 2757 1422 2814 scriptis
1433 2758 1498 2802 inibi
1508 2757 1653 2812 redigatur.
1666 2756 1723 2800 Alio
1733 2757 1821 2800 atrtern
1834 2754 1910 2798 modo

1162 2825 1251 2870 nullus
1265 2835 1281 2870 a
1296 2824 1425 2870 ministris
1439 2824 1583 2880 recipiatur
1595 2823 1702 2878 eisdam,
1713 2823 1765 2868 nisi
1775 2822 1860 2866 visum
1871 2820 1909 2866 eis

1161 2891 1241 2938 aliter
1254 2892 1342 2947 fuerit,
1356 2892 1504 2938 conditione
1518 2903 1653 2948 personae,
1669 2902 1699 2935 aa
1714 2889 1796 2947 ipsius
1812 2889 1909 2934 instan-

1163 2958 1214 3014 tia,
1237 2957 1340 3005 solicita
1362 2958 1569 3004 consideratione
1592 2957 1724 3002 discussis.
1751 2956 1909 3002 ordinamus

1162 3029 1298 3083 praeterea
1313 3027 1467 3081 statuentes,
1481 3027 1512 3070 ui
1526 3025 1616 3070 mutilus
1638 3025 1696 3080 post
1719 3022 1802 3080 ipsius
1817 3023 1910 3067 frater-

1162 3092 1253 3138 nitatis
1273 3093 1423 3150 ingressum
1437 3093 1469 3138 de
1483 3090 1574 3138 eadem
1596 3089 1684 3146 agredi
1699 3090 1794 3144 valeat,
1809 3089 1842 3134 ad
1856 3099 1910 3134 sae-

1162 3159 1251 3204 culum
1266 3171 1428 3204 reversurus.
1444 3157 1527 3204 Possit
1543 3161 1632 3203 tamen
1653 3156 1796 3202 transitum
1811 3155 1909 3200 habere

1161 3225 1275 3271 liberum
1290 3227 1322 3272 ad
1338 3225 1491 3282 religionem
1505 3224 1585 3272 aliam
1601 3225 1780 3282 approbatam.
1797 3221 1909 3266 illaberi-

1162 3293 1210 3337 bus
1224 3304 1286 3338 vero
1300 3293 1370 3338 viros
1385 3291 1542 3338 habentibus
1558 3291 1618 3346 (nisi
1632 3291 1663 3334 de
1674 3290 1791 3348 ipsorum
1802 3287 1908 3334 licentia

1162 3362 1188 3404 et
1202 3363 1338 3414 consensu)
1361 3371 1412 3405 non
1434 3361 1523 3416 pateat
1537 3359 1570 3403 ad
1584 3356 1746 3403 consortium
1762 3354 1845 3401 dictae
1859 3354 1909 3400 fra-

1163 3427 1297 3474 ternitatis
1312 3427 1454 3484 ingressus.

1188 3565 1224 3607 Dc
1237 3565 1327 3612 forma
1340 3564 1453 3610 habitas,
1467 3567 1491 3605 et
1506 3563 1633 3614 paralitate
1647 3561 1879 3604 trrdttrnerttorum.

1473 3699 1537 3742 CAP.
1553 3698 1594 3741 111.
1621 3757 1625 3764 Ι

1201 3837 1307 3879 Fratres
1330 3833 1437 3890 insuper
1458 3832 1540 3890 ipsius
1561 3828 1744 3884 fraternitatis,
1759 3829 1790 3872 de
1813 3825 1908 3872 huntili
1932 3883 1937 3893 Ι
1961 3829 1995 3874 fle
2009 3827 2103 3892 habitu
2117 3831 2140 3874 at

1161 3911 1248 3957 patino
1262 3900 1289 3945 in
1304 3900 1389 3956 pretio
1403 3902 1430 3944 ei
1444 3900 1538 3954 colore,
1553 3909 1605 3943 non
1619 3909 1728 3954 prorsus
1742 3895 1802 3941 albo
1817 3893 1857 3938 vel
1873 3891 1908 3936 ni·
1926 3881 2141 3938 tndrtmeuttssra·

1161 3978 1217 4024 gro,
1232 3965 1406 4012 communiter
1420 3966 1576 4020 vestiantur,
1591 3963 1640 4009 nisi
1661 3963 1741 4008 fuerit
1756 3962 1789 4008 ad
1805 3964 1908 4018 tempus
1926 3941 1995 4036 mn
2021 3939 2043 3983 θ’
2066 3947 2140 3982 ⁸⁰''0'

1162 4037 1188 4080 ιιι
1203 4035 1287 4092 pretio
1302 4045 1347 4091 per
1361 4034 1512 4080 visitatores
1523 4033 1554 4077 de
1563 4031 1672 4076 consilio
1683 4029 1797 4075 ministri
1809 4029 1841 4073 ob
1850 4038 1909 4072 cau-
1986 4025 1990 4033 '

1162 4113 1217 4148 sam
1233 4101 1380 4157 legitimam
1395 4103 1421 4145 et
1436 4102 1563 4157 apertam,
1583 4108 1643 4142 cum
1666 4095 1755 4153 aliquo
1777 4095 1909 4151 dispensa-

1158 4168 1226 4214 tum.
1242 4167 1398 4224 chlamydes
1413 4178 1515 4224 quoque
1529 4177 1559 4211 ac
1573 4165 1662 4222 pelles,
1673 4164 1771 4220 absque
1786 4162 1908 4208 scollata·

1161 4237 1206 4292 ris,
1221 4235 1314 4282 scissas
1330 4235 1371 4280 vel
1390 4233 1516 4290 integras,
1531 4232 1679 4278 affibulatus
1699 4235 1796 4284 minan,
1811 4229 1852 4274 vel
1867 4240 1909 4286 pa·

1162 4305 1241 4360 tuias,
1260 4305 1290 4349 ut
1312 4302 1433 4360 congruit
1453 4300 1593 4356 honestati,
1614 4300 1770 4356 clausasque
1793 4299 1908 4344 manicas

1161 4371 1257 4417 nattes
1272 4370 1385 4416 habeant
1399 4367 1549 4426 supradicti.
1563 4371 1669 4412 sorores
1679 4366 1759 4412 etiarn
1770 4365 1908 4422 chlamyde

1161 4439 1314 4493 induantur,
1329 4439 1355 4482 et
1371 4437 1460 4482 tunica
1482 4436 1513 4480 de
1534 4433 1685 4480 huiusmodi
1706 4433 1802 4478 humili
1823 4443 1908 4490 panno

1161 4504 1244 4558 factis,
1258 4505 1299 4549 vel
1315 4505 1409 4549 saltem
1423 4514 1483 4548 crirn
1505 4503 1644 4558 chlamyde
1658 4501 1773 4546 habeant
1787 4500 1909 4556 guarnel·

1161 4573 1226 4627 lum,
1241 4583 1287 4617 sau
1303 4569 1489 4628 placentinum,
1504 4567 1598 4614 coloris
1607 4567 1662 4613 albi
1672 4567 1713 4612 vel
1723 4565 1800 4622 nigri,
1809 4571 1856 4612 aut
1867 4577 1909 4623 pa·

1160 4639 1289 4684 ludellum
1304 4637 1422 4694 amplum
1437 4637 1469 4680 de
1482 4636 1589 4690 canabo,
1605 4635 1659 4680 sive
1669 4635 1732 4690 lino,
1743 4633 1841 4690 absque
1852 4633 1908 4678 ulla

1161 4705 1309 4762 crispatura
1323 4707 1469 4748 constitum.
1485 4701 1557 4748 Circa
1568 4701 1746 4747 humilitatem
1757 4713 1819 4746 vero
1828 4701 1909 4758 paroni

1161 4775 1187 4818 et
1201 4771 1339 4830 pellitones
1360 4779 1481 4816 sororum
1502 4769 1628 4826 ipsarum,
1644 4769 1718 4814 iuxta
1732 4767 1906 4814 conditionem

1161 4838 1303 4884 cuiuslibet
1318 4837 1478 4892 earumdem,
1488 4847 1519 4882 aa
1528 4835 1578 4891 loci
1586 4836 1802 4881 consuetudinem
1812 4833 1909 4892 poterit

1161 4904 1314 4962 dispensari.
1330 4902 1418 4948 Bindis
1432 4905 1458 4948 et
1480 4902 1603 4959 ligaturis
1618 4901 1708 4947 sericis
1723 4913 1773 4946 rron
1788 4903 1907 4954 utantur,

1161 4973 1242 5029 pellas
1257 4971 1394 5016 dumtaxat
1413 4971 1531 5027 agninas,
1547 4971 1640 5015 bursas
1655 4971 1686 5014 de
1704 4969 1775 5014 corio
1789 4973 1815 5014 et
1830 4969 1909 5014 corri-

1161 5039 1225 5096 gias,
1248 5037 1403 5094 simpliciter
1424 5038 1521 5094 absque
1543 5035 1626 5082 serico
1647 5037 1703 5082 ullo
1720 5035 1801 5082 factas
1816 5039 1842 5081 et
1856 5049 1907 5082 riom

1161 5107 1237 5154 alias.
1252 5109 1307 5150 tarn
1323 5103 1418 5150 fratres
1432 5105 1554 5159 habeant,
1565 5115 1644 5160 quarn
1660 5114 1771 5159 sorores,
1782 5103 1907 5160 depositis

1161 5172 1272 5218 caeteris
1288 5171 1370 5226 (iuxta
1384 5175 1410 5216 B.
1426 5171 1494 5217 Petri
1505 5172 1689 5228 apostolorum
1700 5171 1828 5228 Principis
1839 5173 1909 5218 salu·

1161 5241 1207 5285 bre
1221 5239 1370 5294 consilium)
1386 5237 1459 5284 vanis
1474 5237 1552 5284 buius
1570 5239 1668 5283 saeculi
1683 5239 1852 5302 ornamentis.

1235 5377 1308 5426 Qatnu
1323 5385 1379 5418 raon
1394 5377 1495 5418 radant
1509 5377 1545 5418 ad
1559 5375 1700 5418 inhonesta
1714 5377 1836 5418 convicta

1181 5446 1205 5485 et
1219 5445 1377 5494 epactarum,
1393 5445 1418 5484 et
1431 5443 1503 5494 quod
1516 5443 1692 5484 histrionibus
1707 5451 1763 5485 uon
1778 5443 1883 5484 doraeut.

1475 5575 1539 5618 GAP.
1555 5576 1594 5618 tv.

1201 5709 1240 5754 Sit
1255 5710 1292 5754 eis
1302 5710 1335 5754 ad
1348 5710 1487 5755 inhonesta
1497 5709 1624 5764 convivia,
1634 5709 1675 5752 vel
1686 5709 1842 5765 spectacula,
1853 5708 1908 5753 sive
1940 5723 1974 5768 pe
1992 5721 2142 5782 ,pedaturas

1159 5777 1247 5822 curiae
1268 5789 1315 5822 seu
1336 5778 1452 5832 choreas,
1474 5787 1593 5822 accessus
1615 5775 1720 5831 penitus
1742 5775 1906 5820 interdictus.
1927 5776 2090 5839 etcortot'ot't's
2105 5777 2142 5825 ιη’-

1160 5844 1345 5898 insitionibus,
1361 5855 1406 5888 seu
1422 5842 1546 5889 vanitatis
1562 5842 1662 5886 intuitu
1678 5841 1743 5885 nihil
1760 5841 1863 5886 donent.
1875 5843 1907 5886 tut
1927 5829 2021 5878 icadas.

1160 5921 1191 5954 ne
1206 5909 1349 5966 quidquam
1364 5910 1419 5956 illis
1434 5910 1572 5956 donatura
1584 5908 1690 5966 propria
1702 5907 1810 5962 familia,
1823 5909 1908 5964 prohi-

1160 5977 1220 6022 bere
1235 5980 1384 6035 procurant.

1776 6101 1816 6148 48.
