4848 6990
943 587 1153 638 inhonestius
1175 591 1232 638 xll.

313 711 365 772 bet
384 710 419 770 in
432 710 624 772 contrarium
639 710 880 789 praemissorum
896 709 1058 784 concessis,

315 804 413 878 editis,
435 803 626 866 confirmatis
647 811 677 866 et
698 803 881 883 approbatis,
897 821 930 866 ac
945 805 1060 882 pluries

315 903 346 959 et
357 897 616 976 quantiscumque
627 896 746 960 vicibus
761 897 932 974 innovatis3
948 897 1060 976 quibus

316 988 460 1052 omnibus
484 997 516 1052 et
536 989 687 1066 singulis,
710 991 830 1053 etiamsi
853 1006 908 1069 pro
934 989 1060 1052 illorum

315 1082 482 1146 sufficienti
510 1081 710 1160 derogatione
737 1085 774 1146 de
800 1083 860 1145 illis
888 1098 1061 1161 eorumque

317 1174 388 1238 totis
400 1174 560 1238 tenoribus
573 1175 723 1253 specialis,
738 1175 889 1253 specifica,
906 1190 1059 1253 expressa,

315 1269 491 1340 individua,
513 1285 546 1330 ac
570 1269 608 1330 de
627 1269 723 1332 verbo
752 1271 788 1332 ad
815 1269 963 1342 verbum,
996 1282 1060 1329 nou

315 1369 420 1422 autern
440 1377 496 1439 per
510 1361 660 1424 clausulas
675 1362 835 1439 generales
849 1362 930 1424 idem
946 1353 1062 1438 impor-

317 1461 435 1530 tanteS,
464 1455 584 1516 mentio
604 1471 659 1518 seu
680 1455 806 1534 quaevis
827 1454 884 1516 alia
905 1453 1061 1532 expressio

314 1545 451 1608 habenda
472 1555 525 1609 aut
545 1546 646 1626 aliqua
668 1547 724 1608 alia
746 1547 897 1626 exquisita
912 1545 1010 1608 forma
1025 1543 1061 1605 ad

315 1641 373 1700 boc
383 1638 532 1700 servanda
546 1639 638 1714 foret,
654 1639 781 1702 illorum
795 1639 939 1702 omnium
954 1645 985 1699 et
998 1637 1063 1699 sin-

317 1731 464 1808 gulorum
485 1737 624 1806 tenores,
647 1731 776 1806 formae,
804 1749 907 1794 causas
929 1739 959 1793 et
980 1745 1063 1792 occa·

314 1825 437 1900 siones‚
459 1840 493 1886 ac
513 1825 539 1885 sl
561 1826 598 1886 de
623 1826 719 1886 verbo
740 1825 776 1886 ad
799 1826 953 1899 verbum,
983 1823 1062 1886 nihil

316 1917 442 1997 penitus
472 1919 603 1993 omisso,
633 1925 664 1980 et
692 1919 790 1980 lenna
812 1919 843 1980 iu
866 1918 926 1980 illis
953 1917 1064 1979 tradita

316 2012 488 2086 observati,
510 2011 764 2089 exprimerentur
784 2019 815 2074 et
838 2013 1063 2085 insererentur,

316 2104 426 2166 iisdem
448 2105 661 2183 praesentibus
682 2121 737 2183 pro
758 2105 850 2184 plene
863 2111 895 2166 et
909 2103 1065 2166 sufficien-

316 2203 366 2260 ter
385 2196 549 2274 expressis,
566 2196 702 2272 insertis,
724 2197 853 2260 servatis
867 2203 898 2258 et
911 2195 1064 2274 specifica-

316 2290 355 2352 tis
377 2291 549 2366 respective
574 2289 741 2364 habentes,
769 2289 829 2352 illis
854 2289 926 2352 aliis
954 2289 987 2350 in
1008 2303 1064 2350 suo

318 2383 428 2444 robore
450 2381 678 2462 permansuris,
701 2385 736 2444 ad
760 2383 1000 2461 praemissorum
1022 2380 1066 2441 ef-

317 2474 446 2550 lectum,
461 2475 573 2538 harum
586 2475 678 2551 serie,
691 2475 864 2554 specialiter
877 2483 909 2538 et
923 2481 1066 2554 expresse

318 2571 515 2645 derogamus,
538 2577 569 2631 et
590 2569 771 2646 derogatum
788 2584 853 2630 esse
873 2568 1020 2642 volumus
1036 2574 1067 2628 et

319 2663 519 2738 mandamus,
550 2663 724 2740 ceterisque
748 2661 909 2724 contrariis
940 2660 1068 2740 quibus-

320 2774 465 2837 cumque.

360 2853 379 2927 ὅ
403 2851 448 2914 te.
464 2851 616 2914 Volumus
627 2860 732 2913 autern
744 2859 779 2914 ut
790 2851 970 2912 earumdem
981 2863 1067 2928 prae·

247 2950 254 2962 “
320 2947 456 3009 sentium
472 2944 648 3008 litterarum
663 2944 877 3022 transumptis,
893 2957 949 3006 sen
962 2957 1067 3002 exeru-

321 3041 390 3120 plis‚
406 3039 498 3100 etiam
514 3039 682 3118 impressis,
698 3053 794 3100 manu
809 3037 939 3100 alieuius
954 3035 1066 3097 notarii

321 3134 435 3214 publici
465 3134 655 3211 subscriptis,
677 3140 709 3193 et
736 3131 838 3208 sigillo
865 3145 1013 3208 personae
1034 3130 1066 3190 in

320 3227 520 3292 ecclesiastice
540 3226 691 3302 dignitate
713 3225 899 3288 constitutae
924 3222 1066 3296 munitis,

321 3325 427 3386 eadern
442 3337 568 3400 prorsus
583 3321 657 3382 tides
672 3325 704 3385 in
720 3319 833 3385 iudicio
845 3326 875 3380 et
890 3325 975 3380 extra
990 3317 1065 3378 illud

321 3418 486 3492 habeatur,
509 3433 587 3496 quae
606 3417 775 3480 haberetur
795 3414 1019 3494 praesentibus,
1041 3411 1067 3472 sl

322 3511 425 3574 forent
446 3512 600 3573 exhibitae
621 3511 672 3572 vel
694 3518 844 3572 ostensae.

363 3604 451 3682 §td
475 3603 559 3666 Nulli
581 3619 655 3681 ergo
684 3605 812 3666 omnino
839 3603 1005 3665 hominum
1031 3603 1069 3664 ll-

321 3709 387 3763 ceat
408 3699 551 3778 paginam
572 3697 651 3759 hanc
678 3703 857 3758 nostrarum
878 3697 1067 3775 approbatio-

323 3794 383 3868 nis,
405 3791 662 3864 conhrmationis,
679 3790 900 3864 innovationis,
915 3789 1068 3851 reductio-

324 3887 390 3961 nis,
412 3883 681 3961 reintegrationis,
703 3871 885 3958 sanctionis,
909 3884 1067 3945 mandato-

324 3995 413 4053 rum,
446 3976 677 4056 prohibitionis,
707 3976 826 4050 statuti,
859 3976 1066 4050 decretorum,

323 4073 570 4149 derogationum,
593 4069 803 4143 voluntatum,
822 4067 1066 4145 coemptionum,

322 4164 569 4238 restitutionum,
590 4161 837 4235 concessionum,
857 4159 1068 4222 consolidatio-

324 4257 383 4332 nis,
405 4256 599 4331 annexionis,
615 4255 752 4329 unionis,
771 4252 967 4327 hortationis,
983 4253 1069 4314 obse-

324 4351 479 4426 crationis,
500 4350 666 4428 praecepti,
682 4347 906 4421 renovationis,
929 4345 1069 4408 annulla-

324 4445 429 4518 tionis,
441 4443 628 4516 sanationis,
640 4439 832 4515 irritationis,
845 4440 1068 4513 declarationis,

324 4537 524 4612 humationis,
550 4534 769 4597 moderationis
790 4539 820 4596 et
841 4531 1069 4594 reformationis

324 4631 507 4706 infringere,
520 4628 571 4691 vel
586 4629 614 4690 ei
629 4643 705 4689 ausu
721 4626 886 4688 temerario
901 4625 1068 4687 contraire:

323 4723 349 4784 si
370 4723 440 4802 quis
454 4731 558 4785 autem
573 4721 631 4783 hoc
651 4726 805 4782 attentare
816 4717 1068 4798 praesumpserit,

324 4816 570 4893 indignationem
592 4812 815 4891 omnipotentis
840 4811 893 4872 Dei
915 4827 948 4872 ac
968 4811 1070 4871 heato-

324 4925 396 4972 rum
411 4909 493 4970 Petri
507 4915 539 4970 et
553 4906 639 4969 Pauli
653 4904 871 4984 Apostolorum
886 4903 955 4964 eins
969 4918 1000 4962 se
1016 4918 1072 4963 no-

324 5003 406 5064 verit
427 5001 637 5063 incursurum.

364 5097 475 5158 [latum
490 5095 616 5167 Rornae,
629 5093 708 5172 apud
724 5091 755 5155 S.
769 5091 894 5154 Mariam
910 5091 1070 5162 Maiorem,

324 5205 405 5250 anno
438 5186 656 5250 incarnationis
687 5185 864 5247 dominicae
895 5199 1070 5257 nncxcrv.,

325 5299 389 5344 xrv.
418 5281 564 5343 kalendas
593 5278 714 5352 martii,
744 5277 941 5356 pontificatus
974 5275 1071 5338 nostri

324 5391 406 5438 anno
428 5391 476 5436 lll.

1448 709 1526 771 lllll.

1118 897 1267 960 Concedit
1295 897 1438 960 alumnis
1463 897 1647 974 provinciae
1674 898 1749 959 noui
1771 899 1862 978 regni

1159 988 1372 1052 Grauotcaasis
1388 989 1519 1052 Ordinis
1530 992 1741 1054 eremitarum
1755 991 1786 1054 S.
1798 991 1863 1054 Aac·

1156 1083 1283 1162 paletini
1306 1083 1340 1144 ira
1360 1081 1462 1143 indiis
1482 1079 1743 1145 Occidentafibue
1758 1084 1863 1163 focul-

1159 1181 1257 1238 totern
1283 1175 1480 1252 suscipiendi
1511 1173 1632 1256 prodas
1656 1176 1863 1240 scholasticos

1156 1268 1192 1328 in
1213 1283 1322 1328 eornm
1351 1269 1481 1348 callepio
1510 1267 1541 1330 S.
1566 1267 1693 1334 Nicoloi
1716 1271 1863 1333 civitatis

1159 1360 1189 1422 S.
1213 1359 1306 1423 Fidei
1326 1357 1382 1444 (l).

1287 1530 1540 1600 thttocfihllus
1558 1533 1618 1601 ΡΡ.
1636 1533 1694 1602 llll.

1257 1654 1293 1721 ad
1315 1653 1447 1722 futuram
1473 1655 1516 1722 rel
1543 1656 1722 1724 memoriam.

1159 1831 1205 1892 Ex
1234 1830 1374 1892 iniuncto
1405 1831 1494 1894 nobis
1525 1831 1675 1895 divinitus
1706 1836 1865 1914 pastoralis

1119 1923 1335 1986 sollicitudinis
1362 1941 1495 1986 munere
1522 1942 1677 1988 sacrarum
1699 1927 1867 1992 bonarum-

1119 2032 1180 2094 que
1208 2015 1385 2079 litterarum
1411 2015 1512 2080 studia
1542 2018 1624 2080 inter
1652 2019 1866 2083 christifideles

1120 2109 1270 2171 ditissimi
1293 2109 1447 2188 obsequiis
1467 2110 1625 2174 subsuavi
1647 2112 1807 2190 religionis
1822 2115 1866 2176 iu·

1121 2218 1159 2279 go
1181 2203 1386 2282 mancipatos,
1409 2203 1525 2281 ubique
1550 2205 1705 2281 locorum,
1728 2223 1761 2268 ac
1782 2225 1868 2286 prae-

1120 2297 1227 2358 sertim
1248 2297 1280 2358 ln
1302 2297 1516 2358 remotissimis
1537 2297 1574 2358 ab
1588 2299 1643 2361 hac
1664 2297 1774 2362 Sancta
1789 2301 1868 2365 Sede

1121 2388 1270 2466 partibus,
1293 2389 1475 2467 opportunis
1492 2391 1664 2453 rationibus
1681 2391 1822 2454 fovemus
1837 2401 1868 2456 et

1121 2495 1358 2558 promovemus,
1382 2499 1415 2543 ao
1437 2489 1472 2544 ut
1493 2483 1613 2545 debitus
1634 2485 1745 2546 virtuti
1767 2487 1868 2548 honor·

1122 2575 1310 2652 rependatur
1336 2573 1470 2636 libenter
1491 2576 1708 2652 providemus,
1732 2577 1811 2640 sicut
1831 2579 1868 2639 ad

1121 2667 1346 2745 omnipotentis
1366 2667 1420 2729 Dei
1443 2669 1584 2746 gloriam,
1601 2669 1762 2746 religionis
1776 2673 1869 2734 decus

1123 2767 1153 2821 et
1175 2761 1423 2834 incrementum,
1446 2778 1479 2822 ac
1501 2761 1666 2824 catholicae
1690 2762 1760 2824 fidei
1783 2781 1868 2842 prae-

1122 2853 1235 2914 sidium
1256 2860 1288 2914 et
1309 2853 1559 2930 prorogationem
1586 2854 1754 2918 salubriter
1777 2874 1869 2938 expe-

1123 2947 1190 3008 dire
1211 2946 1244 3007 in
1266 2946 1398 3008 Domino
1419 2946 1616 3008 arbitramur.

1785 569 1840 634 fill
1891 569 1945 624 An.
1965 567 2081 626 &1694

1910 1837 2054 1896 llxa'trdfum.

1163 3041 1182 3114 ἓ
1204 3040 1230 3100 l.
1254 3039 1375 3116 Exponi
1396 3039 1549 3116 siquidem
1571 3040 1657 3102 nobis
1675 3059 1776 3120 nuper
1797 3044 1868 3107 fecit
1907 3051 1988 3112 caasa
2002 3057 2100 3096 concas

1122 3131 1252 3194 dilectus
1274 3131 1354 3194 filius
1376 3131 1522 3210 Iosephus
1536 3131 1688 3195 Bernaldo
1709 3134 1747 3196 de
1760 3137 1868 3211 Quiros

1123 3224 1160 3286 de
1182 3225 1279 3300 Liuia,
1303 3225 1449 3286 delinitor
1464 3242 1497 3286 ac
1515 3233 1695 3302 procurator
1716 3231 1868 3304 generalis

1123 3317 1354 3396 provinciarum
1375 3317 1531 3392 (luitensis
1546 3327 1576 3380 et
1598 3321 1671 3381 novi
1694 3323 1782 3398 regni
1797 3323 1871 3385 Gra-

1123 3411 1258 3472 natensls
1285 3411 1316 3472 in
1345 3410 1438 3471 indiis
1468 3412 1713 3476 occidentalibus
1748 3415 1870 3478 Ordinis

1123 3504 1254 3566 fratrum
1282 3503 1484 3566 eremitarum
1510 3505 1540 3568 S.
1565 3505 1744 3584 Augustini,
1774 3509 1868 3587 quod,

1123 3614 1195 3660 cum
1216 3597 1288 3658 aliis
1309 3597 1387 3660 dicta
1407 3599 1563 3675 provincia
1590 3601 1664 3662 novi
1685 3602 1775 3678 regni
1797 3602 1870 3664 Gra-

1124 3691 1273 3764 natensis,
1289 3691 1325 3752 ab
1340 3691 1427 3752 initio
1448 3707 1520 3753 suae
1542 3691 1743 3768 fundationis,
1759 3695 1870 3758 Perua-

1124 3800 1180 3846 nae
1196 3785 1337 3846 eiusdem
1351 3783 1473 3846 Ordinis
1488 3793 1519 3848 et
1533 3785 1631 3848 dictae
1645 3787 1785 3861 Onitensi
1801 3806 1870 3868 pro·

1124 3878 1234 3940 vinciis
1260 3876 1348 3939 unita
1370 3883 1464 3952 esset,
1488 3877 1670 3956 privilegio,
1699 3883 1780 3960 quod
1803 3885 1869 3946 eius

1124 3969 1243 4031 alumni
1264 3971 1297 4031 in
1327 3970 1467 4044 Onitensi
1495 3971 1553 4032 suh
1581 3972 1612 4035 S.
1635 3973 1793 4050 Fulgentii
1814 3991 1871 4054 per

1124 4063 1270 4143 quasdam
1285 4061 1382 4124 felicis
1397 4064 1618 4126 recordationis
1631 4065 1709 4128 Sixti
1722 4068 1818 4146 Papae
1829 4069 1866 4131 ll.

1125 4157 1366 4237 praedecessoris
1387 4158 1486 4218 nostrl
1507 4175 1540 4219 ao
1560 4157 1687 4221 Limand
1708 4162 1766 4223 sub
1784 4163 1815 4224 S.
1833 4161 1871 4224 ll-

1124 4250 1274 4328 dephonsi
1296 4249 1467 4328 respective
1488 4251 1795 4338 denominationibus
1816 4271 1872 4333 per

1124 4344 1198 4405 alias
1219 4343 1401 4406 recolendae
1421 4345 1589 4405 memoriae
1610 4345 1696 4408 Pauli
1717 4347 1813 4424 Papae
1831 4349 1868 4410 ll.

1125 4435 1365 4516 praedecessoris
1385 4437 1501 4514 pariter
1523 4437 1621 4498 nostri
1643 4439 1677 4500 in
1697 4440 1792 4502 simili
1811 4441 1873 4503 for-

1125 4531 1175 4591 mf
1206 4529 1314 4592 Brevis
1340 4529 1458 4592 litteras
1480 4531 1653 4608 respective
1677 4534 1788 4596 erectis
1808 4543 1873 4596 stu-

1126 4624 1247 4685 diorum
1269 4621 1465 4699 generalium
1486 4623 1743 4686 universitatibus
1757 4628 1792 4690 ad
1808 4643 1872 4688 ma-

1127 4717 1246 4793 gisterli
1265 4732 1321 4778 seu
1336 4715 1511 4778 doctoratus
1525 4716 1663 4795 aliosque
1678 4719 1872 4782 scholasticos

1127 4810 1239 4886 gradus
1261 4809 1437 4887 promoveri
1464 4817 1599 4887 possent,
1622 4810 1796 4874 fruebatur:
1821 4829 1874 4874 ve-

1126 4919 1216 4977 rum,
1246 4901 1317 4981 quia
1339 4901 1389 4962 illa
1421 4903 1619 4980 postmodum
1647 4921 1663 4963 a
1690 4903 1779 4966 dictis
1807 4906 1873 4967 aliis

1127 4996 1243 5060 duabus
1264 4994 1429 5073 provinciis
1450 4995 1604 5057 subdivisa
1623 4995 1693 5071 fuit,
1709 4997 1873 5075 privilegio

1127 5087 1306 5151 huiusmodi
1336 5087 1481 5149 destituta
1509 5089 1677 5164 remansit,
1707 5105 1741 5150 ac
1761 5091 1872 5154 exinde

1129 5181 1211 5244 illius
1231 5181 1350 5244 alumni
1372 5179 1499 5258 praefati
1522 5197 1577 5260 pro
1601 5181 1744 5258 gradibus
1765 5183 1873 5246 huius·

1128 5274 1211 5337 modi
1243 5274 1485 5352 consequendis,
1513 5275 1563 5335 vel
1592 5281 1756 5336 extraneos
1776 5277 1873 5351 adire,

1129 5369 1180 5430 vel
1201 5368 1236 5429 ad
1259 5367 1432 5446 provincias
1458 5367 1730 5446 septingentorum
1752 5369 1874 5431 circiter

1072 5475 1073 5478 ’
1128 5461 1297 5524 milliarum
1320 5459 1484 5523 intervallo
1504 5460 1653 5522 distantes
1668 5462 1728 5523 iter
1742 5477 1812 5522 curn
1828 5461 1876 5523 ni-

367 5897 396 5954 (l)
416 5895 453 5940 Ex
474 5897 577 5953 Regest.
600 5895 627 5940 in
649 5892 725 5938 Arch.
747 5895 820 5938 Brev.
843 5897 871 5938 ln
893 5893 991 5938 Urbani
1009 5895 1071 5936 vlll.

325 5963 460 6009 constitut.
481 5964 519 6008 ed.
535 5973 662 6018 uncxxv,
677 5961 718 6005 die
732 5963 759 6005 td
772 5961 875 6018 aprilis,
891 5961 961 6017 pont.
978 5971 1003 6004 n.
1020 5958 1073 6015 agi-

1129 5555 1193 5618 mio
1219 5561 1347 5633 sumptu
1373 5561 1404 5614 et
1425 5554 1622 5616 incommodo
1649 5553 1805 5633 suscipere
1826 5570 1875 5616 co-

1130 5656 1259 5726 guntur.

1127 5891 1173 6001 {aar
1187 5890 1218 5935 de
1233 5887 1415 5946 promovendis
1431 5887 1457 5933 in
1472 5887 1598 5944 gradibus
1614 5887 1639 5932 in
1657 5887 1782 5945 crispante
1796 5891 1822 5936 et
1837 5893 1875 5940 Iu·

1145 5968 1184 6002 ns.

1887 3101 1973 3148 sionis.
