4844 6990
333 566 431 619 tas.
453 563 520 616 raas
569 562 629 624 att?

590 699 783 776 Reaptentur
810 691 962 755 lacunaria
985 696 1015 750 et
1038 693 1133 762 tecta,
1161 705 1296 767 quorum

551 793 653 874 portin
674 792 709 851 ad
725 788 888 850 meridiem
904 799 1037 860 vergens
1053 783 1212 846 decliviori
1227 799 1296 844 casu

551 885 753 964 deprimatur,
776 879 933 942 renovatis
956 877 1052 954 tignis
1073 875 1201 954 pluviali
1220 875 1296 954 aqua

551 977 703 1040 marcidis,

591 1071 745 1146 Ligneum
767 1067 862 1130 altare
877 1067 908 1130 S.
926 1065 1031 1128 Sabini
1054 1065 1185 1142 episcopi
1203 1082 1241 1126 ev
1256 1065 1299 1126 la-

552 1165 672 1243 pidibus
692 1167 902 1235 construatur,
915 1167 945 1221 et
967 1159 1061 1220 altare
1084 1155 1296 1220 SS.Grucidxi

552 1259 583 1318 in
609 1257 755 1317 lateribus
776 1261 980 1316 restauretur.

592 1349 816 1428 antiphonaria
833 1345 966 1424 librique
977 1345 1115 1406 chorales
1131 1345 1231 1407 rubris
1246 1346 1299 1408 ob-

554 1449 698 1519 tegantur
719 1441 919 1514 membranis,
943 1447 973 1502 et
995 1439 1137 1500 oricalchi
1154 1441 1298 1502 munian-

552 1544 604 1596 tur
624 1533 736 1595 tibulis.

593 1626 782 1688 bealhentur
806 1624 925 1686 tabulae
945 1627 1076 1686 chorum
1093 1625 1267 1688 dividentes
1282 1643 1296 1686 a

553 1721 686 1784 masauta
709 1719 850 1782 ecelesiae
872 1719 1122 1797 suprapositam
1143 1721 1231 1782 cuius
1246 1738 1297 1782 ex-

554 1816 708 1878 tremitate
730 1813 863 1889 erigitur
884 1812 1032 1874 sacellum
1056 1813 1089 1873 B.
1104 1813 1215 1876 hlariae
1231 1813 1298 1876 Vir-

554 1909 621 1972 nini
640 1908 787 1980 dicatum,
804 1907 883 1985 quod
900 1903 1070 1968 decentiori
1087 1905 1183 1968 torma
1198 1915 1299 1968 custo·

554 2001 702 2063 diendum
724 1999 929 2060 decernimus.

379 2105 454 2150 uther
474 2102 535 2148 nvt-
594 2095 672 2156 Com
693 2107 731 2152 ex
747 2089 833 2152 Bulla
856 2088 988 2165 Eugenii
1005 2089 1100 2168 Papae
1114 2089 1298 2155 ll‘.conces-

323 2157 535 2257 }fflffiffll
552 2203 622 2248 sum
644 2185 736 2246 inerit
764 2181 909 2244 ecclesiae
934 2183 981 2244 ius
1010 2181 1202 2260 tumulandi,
1225 2188 1298 2248 reti·

321 2265 400 2364 ΡᾹῌΩἾΒ
420 2267 535 2308 mortuo.
553 2286 666 2340 neatur
688 2277 775 2351 liber,
793 2276 824 2337 in
846 2291 908 2354 quo
930 2275 1055 2336 nomina
1078 2277 1297 2342 detunctorum

552 2387 723 2450 eorumque
737 2369 950 2432 tumulationis
966 2370 1029 2430 dies
1041 2371 1241 2448 adnotentur,
1258 2392 1298 2436 ne

554 2465 754 2542 imposterum
776 2462 997 2540 ambigendum
1013 2463 1052 2524 sit
1075 2465 1111 2526 de
1135 2467 1297 2543 privilegio

552 2571 654 2635 nuper
667 2557 699 2618 in
709 2557 858 2618 iudicium
871 2563 1035 2619 revocatoa
1046 2559 1177 2636 parocho
1190 2559 1220 2623 S.
1233 2560 1299 2622 Ste-

552 2651 644 2731 phani
666 2651 702 2712 de
727 2651 830 2740 Caeco.

807 2797 851 2858 lln
872 2815 1046 2861 sucatum.

340 2953 432 3018 sanae
449 2949 532 3008 supet·
592 2933 781 2996 conviciatur
809 2932 886 2995 intra
918 2948 1056 2994 mensem
1085 2935 1296 2998 inventarium

319 3005 424 3106 ζῗξῆἱξξῖ
454 3017 531 3052 '⁰¹¹⁰‘
549 3043 706 3090 sacrarum
739 3025 979 3104 supellectilium
1007 3035 1038 3088 et
1065 3027 1296 3104 linteaminum,

550 3121 708 3199 descriptis
731 3120 824 3180 etiam
846 3119 1001 3195 argenteis
1024 3119 1157 3195 vasibus
1180 3128 1211 3182 et
1232 3121 1298 3183 old·

551 3216 634 3278 cium
657 3213 792 3276 custodis
813 3215 852 3274 sit
874 3213 976 3274 onmia
1000 3213 1101 3275 insuo
1117 3214 1226 3277 ordine
1241 3215 1299 3277 dis-

550 3308 647 3385 posita
670 3321 731 3367 non
756 3305 861 3367 minus
877 3306 1009 3368 ddeliter
1030 3323 1121 3385 quam
1144 3306 1298 3384 perpulite

550 3415 716 3460 asservare.

592 3494 752 3556 dddantur
773 3491 915 3566 armaria,
939 3500 973 3552 ut
996 3492 1088 3554 lintea
1105 3499 1135 3554 et
1150 3509 1231 3554 sacra
1248 3509 1297 3554 su-

551 3585 653 3664 pellex
674 3585 866 3648 commodius
885 3586 1086 3661 emendatum
1110 3585 1189 3663 utrod
1205 3586 1230 3646 si
1245 3601 1298 3646 an-

551 3679 650 3755 gustia
672 3679 794 3739 sacrarii
817 3693 880 3740 non
903 3677 1006 3738 omnia
1029 3677 1226 3740 custodienda
1248 3694 1297 3756 pa-

552 3771 656 3844 tiatur,
681 3787 719 3831 ex
740 3769 950 3850 superioribus
965 3769 1115 3832 cubiculis
1128 3787 1226 3833 tanum
1243 3788 1297 3849 pro

550 3862 632 3923 dicto
654 3879 713 3924 usu
736 3869 914 3939 occupetur.

591 3955 735 4018 Planetae
758 3953 918 4016 viridiset
941 3955 1066 4018 violacei
1092 3955 1203 4018 coloris
1225 3974 1296 4018 cum

550 4047 670 4111 duohus
684 4047 851 4126 manipulis
863 4056 893 4110 et
906 4048 991 4110 stolis
1003 4049 1078 4109 albis
1090 4057 1294 4112 renoventur.

331 4171 446 4218 omarum
463 4177 530 4224 μηρ-
591 4143 764 4204 Praefectus
792 4139 919 4220 spiritds
948 4141 988 4202 sit
1010 4142 1104 4202 etiam
1126 4142 1297 4220 praelectus

319 4225 375 4272 ‘0⁰²¹
392 4224 528 4268 ΝΜ
549 4237 693 4300 ecclesiae
725 4243 756 4296 et
786 4234 929 4308 sacrarii,
957 4244 987 4295 et
1015 4235 1138 4310 omnia,
1161 4251 1240 4314 quare
1261 4237 1295 4296 ad

550 4330 714 4408 utriusque
734 4327 906 4407 pertinent,
929 4334 1070 4389 accurate
1091 4326 1228 4406 disponat
1242 4350 1250 4403 ;
1266 4335 1297 4388 et

550 4422 690 4501 quolibet
717 4434 843 4488 ratense,
872 4417 1011 4481 conlecto
1034 4419 1170 4497 catalogo
1191 4421 1296 4482 missa-

550 4531 621 4577 rum
637 4522 668 4576 et
682 4513 857 4575 orationum
881 4510 1095 4587 dicendarum,
1113 4513 1144 4574 in
1160 4513 1297 4592 qualibet

551 4606 741 4670 recurrentis
763 4605 877 4666 mensis
898 4605 1089 4668 hebdomada
1111 4607 1148 4668 de
1163 4621 1296 4669 onerum

550 4699 791 4780 adimplemento
812 4697 978 4776 diligenter
1001 4699 1147 4778 inquirat.

709 4851 752 4912 [ln
774 4865 933 4911 oucarnus
955 4865 1140 4912 rannerus.

355 5001 471 5056 singutas
494 5002 531 5064 ra·
592 4985 624 5047 ln
648 4983 836 5046 conficienda
856 4984 934 5045 nova
951 4984 1060 5045 tabella
1076 5000 1209 5046 onerum
1225 4986 1297 5047 mis·

319 5059 532 5154 dfflffllz'.
549 5093 654 5140 sarum
669 5077 700 5138 in
713 5076 844 5137 sacrario
861 5077 1026 5138 detinendi
1045 5079 1212 5140 adnotetur
1226 5079 1297 5140 mis-

320 5163 396 5208 ¹'³¹³¹¹⁵·
550 5189 581 5232 sa
614 5178 780 5250 perpetua,
810 5169 918 5248 elapsis
947 5171 1106 5232 mensibus
1135 5170 1239 5234 relicta
1261 5171 1297 5234 ab

552 5266 656 5344 equite
685 5264 801 5324 Thomu
831 5262 982 5324 beheram
1004 5263 1090 5326 iuxta
1120 5263 1297 5327 declaratio·

552 5376 624 5422 nem
641 5357 811 5420 taciendam
826 5373 841 5418 a
856 5358 939 5418 sacra
955 5359 1204 5435 congregatione
1219 5359 1299 5420 Con·

551 5452 626 5526 cilii,
649 5457 679 5512 et
701 5449 781 5512 inira
804 5451 880 5511 duos
902 5465 1022 5512 menses
1044 5451 1189 5513 doceatur
1209 5451 1247 5512 de
1268 5468 1299 5511 a·

551 5543 775 5622 dimplemento
787 5541 929 5604 omnium
941 5541 1126 5619 legatorum
1140 5552 1296 5621 praeterea

552 5638 583 5698 in
607 5637 686 5698 libro
708 5637 875 5696 missarum
895 5635 1047 5698 scribatur
1072 5637 1197 5715 proprio
1218 5637 1298 5700 cele-

552 5729 710 5790 brantium
732 5729 906 5790 charactere
928 5744 991 5794 aton
1016 5735 1140 5790 tantum
1157 5729 1297 5804 diesve·

535 5839 623 5890 ¹tum
656 5823 748 5884 etiam
771 5822 884 5896 altare,
914 5821 945 5882 in
968 5837 1028 5901 cluo
1050 5830 1081 5884 et
1102 5839 1157 5901 pro
1187 5821 1298 5900 quibus

552 5917 646 5980 luerit
666 5915 867 5979 celebratum.

1075 569 1139 612 lllll.
1166 566 1255 611 PONT·
1279 567 1319 611 nn
1341 569 1369 612 P·
1394 567 1422 614 ἓ.
1448 571 1530 616 PARS
1552 571 1572 615 l.

2135 556 2191 608 Aa.
2205 559 2237 608 c.
2261 557 2335 628 vaae,

1480 719 1524 778 bu
1546 733 1692 780 aosrnvo
1713 733 1972 780 rnascnvuonuu.

1394 879 1493 942 Nemo
1515 880 1686 958 excipiatur
1711 881 1859 959 hospitio,
1883 881 1942 942 nisi
1971 884 2012 944 sit
2041 880 2102 943 dn·
2134 895 2338 994 pussant-possa-

1355 973 1424 1050 glus
1446 979 1477 1034 et
1497 973 1683 1048 catholicus,
1697 975 1902 1053 praebeatque
1917 975 2036 1037 litteras
2058 954 2339 1058 te-{¹2⁰q⁰1fssffi'⁰22,}:

1353 1065 1543 1128 stimoniales
1565 1065 1751 1128 vicariorum
1777 1067 2015 1145 apostolicorum
2040 1071 2102 1130 hn—
2122 1067 2191 1111 ''⁰“-

1354 1158 1446 1234 gliae,
1470 1166 1501 1220 et
1523 1159 1652 1220 Romam
1674 1160 1797 1220 venerit
1812 1159 1985 1222 devotionis
2000 1163 2100 1223 causa.

1396 1253 1553 1328 Peregrini
1571 1251 1690 1314 nobiles
1705 1267 1760 1331 per
1776 1253 1927 1328 triduum,
1951 1254 2103 1331 ignobiles

1355 1361 1409 1424 per
1430 1347 1493 1408 dies
1515 1353 1584 1408 octo
1605 1346 1740 1419 alantur,
1764 1347 1844 1408 sicut
1865 1355 1896 1409 et
1917 1349 2101 1422 sacerdotes,

1355 1439 1425 1500 licet
1441 1438 1603 1500 nobilitate
1619 1438 1790 1515 fulgentes3
1809 1439 1840 1500 in
1856 1439 1984 1518 reliquis
1998 1441 2102 1501 obser·

1356 1539 1470 1593 ventur
1492 1531 1618 1610 antiqua
1642 1531 1767 1609 hospitii
1792 1538 1906 1593 statuta
1928 1540 1959 1593 et
1980 1531 2100 1594 decreta

1355 1623 1526 1685 Cardinalis
1547 1624 1698 1686 Francisci
1722 1624 1881 1686 Barberini
1903 1625 2045 1686 senioris.

1397 1718 1429 1778 ln
1451 1716 1669 1795 eleemosynis,
1684 1731 1762 1794 quae
1778 1716 1920 1778 laudabili
1937 1725 2102 1779 consuetu-

1355 1810 1427 1872 dine
1448 1809 1585 1889 quotidie
1607 1825 1644 1869 ex
1668 1823 1792 1870 mensae
1814 1809 1954 1888 reliquiis
1976 1823 2032 1887 per
2051 1827 2103 1887 cv-

1353 1903 1448 1967 stulas
1460 1903 1568 1978 egenis
1579 1902 1770 1979 partiuntur,
1784 1901 1914 1964 lamilias
1929 1917 2100 1980 pauperum

1356 1996 1529 2072 anglorum
1551 1995 1780 2073 praeponendas
1801 1993 1995 2056 mandamus.

1554 2181 1598 2244 lis
1620 2195 1890 2244 vnnsrvomaato.

1395 2371 1427 2432 ln
1451 2369 1589 2449 quolibet
1618 2369 1837 2432 valetudinarii
1866 2369 2010 2432 cubiculo
2036 2370 2101 2430 exi·
2172 2383 2338 2428 anormalam

1355 2479 1453 2540 guum
1476 2463 1626 2525 habeatur
1648 2463 1909 2538 tintinnabulum,
1926 2471 1961 2524 ot
1983 2463 2099 2525 infirmi
2119 2443 2236 2483 curator.

1355 2571 1409 2634 per
1431 2556 1498 2616 eius
1518 2555 1658 2616 sonitum
1677 2557 1839 2618 commode
1854 2573 1963 2618 vocare
1984 2556 2102 2634 possint

1354 2657 1529 2710 curatorem
1552 2651 1792 2724 aegrotantium.

1395 2741 1438 2804 hd
1462 2741 1791 2804 invisendosintirmos
1805 2758 1867 2804 non
1883 2743 1994 2805 adeant
2007 2743 2100 2806 simul

1355 2851 1463 2896 omnes
1485 2833 1624 2896 eiusdem
1647 2849 1786 2895 camerae
1808 2835 1938 2912 alumni,
1961 2837 2013 2898 sed
2035 2845 2101 2897 tan-

1356 2937 1420 2990 tum
1444 2929 1504 2988 duo
1520 2925 1567 2988 vel
1586 2935 1646 2988 tres
1662 2927 1734 2988 hora
1756 2929 1958 2990 recreationis
1973 2929 2101 2990 arbitrio

1355 3019 1533 3082 eorumdem
1565 3021 1765 3083 infirmorum
1786 3021 1823 3082 de
1856 3021 1978 3083 licentiat
2008 3022 2102 3100 patris

1355 3114 1501 3176 ministri.

1580 3261 1623 3322 lle
1646 3275 1872 3322 erraveramus.

1395 3393 1577 3468 augeantur
1588 3410 1685 3473 aequo
1697 3402 1822 3472 sumptu
1837 3394 1906 3455 libri
1922 3403 2101 3456 controver-
2139 3420 2174 3463 „a
2192 3418 2269 3464 pappa.
2284 3429 2340 3462 an-

1354 3485 1470 3548 siarum
1493 3486 1713 3548 catholicorum
1735 3497 1911 3562 auctorum,
1935 3487 2101 3549 haereticas
2118 3474 2340 3580 {ffilssflp‘slm'l

1356 3578 1518 3656 praecipue
1549 3579 1724 3656 anglorum
1757 3580 1919 3658 opiniones
1955 3579 2100 3642 refellen-

1355 3671 1446 3732 tium.

1394 3763 1625 3828 Distribuantur
1647 3766 1722 3842 dies,
1735 3766 1847 3845 quibus
1863 3783 1915 3845 per
1930 3767 2040 3830 classes
2053 3785 2100 3829 se-

1355 3858 1482 3935 paratim
1505 3857 1622 3919 alumni
1646 3861 1691 3921 uti
1713 3859 1833 3920 valeant
1850 3860 2043 3935 othttotheca,
2060 3875 2099 3921 ne

1353 3951 1387 4012 ad
1411 3967 1478 4012 eam
1501 3953 1661 4014 turmatim
1683 3954 1837 4015 accedant.

1394 4043 1492 4107 Nemo
1514 4045 1607 4107 lihros
1628 4048 1696 4108 sine
1717 4045 1840 4109 licentia
1862 4047 1956 4125 patris
1971 4047 2100 4109 rectoris

1355 4139 1386 4198 in
1408 4137 1529 4218 scriptis
1549 4138 1716 4200 obtinenda
1740 4139 1771 4200 iu
1794 4139 1955 4217 proprium
1977 4139 2099 4201 cubicu-

1355 4233 1419 4294 lum
1441 4233 1568 4307 (leserat,
1585 4241 1629 4307 et,
1646 4234 1732 4296 uactd
1755 4231 1912 4307 facultate,
1937 4233 2035 4294 tradat
2057 4229 2099 4292 hi·

1355 4325 1523 4387 hliothecae
1545 4325 1663 4387 custodi
1685 4325 1828 4387 licentiae
1842 4323 2034 4398 schedulam,
2050 4325 2100 4385 ad-

1354 4419 1488 4480 notando
1509 4417 1567 4480 sub
1587 4419 1621 4479 ed
1643 4417 1769 4496 proprio
1787 4417 1962 4480 charactere
1984 4433 2097 4480 nomen

1352 4527 1459 4586 suum,
1482 4519 1513 4572 et
1535 4511 1651 4573 librum
1672 4511 1729 4573 sibi
1750 4511 1992 4574 commodatum.

1614 4661 1657 4722 lla
1679 4677 1844 4724 nncnvvro.

1394 4795 1474 4857 lnlra
1498 4803 1558 4857 tres
1579 4811 1702 4857 menses
1717 4795 1881 4858 ordinatim
1896 4793 2100 4873 disponantur

1352 4889 1523 4967 scripturae
1544 4897 1574 4950 et
1603 4888 1675 4950 libri
1703 4889 1831 4950 relative
1856 4887 1890 4950 ad
1920 4889 2099 4964 generalem

1354 4981 1487 5044 indicem
1517 4981 1548 5042 in
1576 4981 1714 5042 archivio
1744 4991 1923 5060 repertum,
1954 4988 1985 5042 et
2015 4981 2099 5042 tana

1353 5089 1447 5152 utrem
1471 5072 1598 5135 luerunt
1619 5073 1694 5134 olirn
1717 5073 1883 5149 diligenter
1905 5073 2032 5136 retenti.

1609 5221 1652 5284 Du
1674 5237 1837 5286 contacto.

1393 5357 1482 5420 Porta
1504 5357 1649 5420 clathrata
1667 5357 1837 5421 introrsum
1852 5358 1922 5420 atrii
1938 5375 1954 5418 a
1970 5359 2101 5421 ianitore

1354 5450 1453 5512 clausa
1475 5451 1676 5526 custodiatur,
1691 5467 1730 5513 ne
1745 5467 1799 5530 per
1814 5467 1882 5513 eam
1897 5451 2101 5516 discurrenti-

1355 5544 1410 5606 bus
1431 5543 1566 5605 alumnis
1588 5559 1643 5623 per
1670 5544 1923 5608 deambulacrum
1944 5547 1980 5608 ad
2006 5547 2101 5609 vesti·

1355 5635 1464 5698 bulum
1486 5645 1586 5716 pateat
1608 5637 1718 5700 aditus.

1393 5730 1520 5792 hlamni
1534 5747 1636 5810 neque
1651 5737 1827 5806 morentur,
1841 5747 1942 5811 neque
1958 5733 2100 5796 accedant

1353 5827 1388 5888 ad
1411 5825 1620 5900 vestibulum,
1644 5841 1747 5904 neque
1770 5830 1932 5887 extraneos
1955 5826 1986 5887 in
2007 5827 2099 5889 colle-

1355 5917 1451 5994 gium,
1465 5918 1630 5998 multoque
1651 5919 1755 5982 minas
1777 5919 1808 5980 in
1831 5917 1969 5983 cubicula
1991 5919 2099 5983 admit-
