4836 6998
306 559 404 644 rac.
427 561 496 615 1724
545 561 603 625 aas

525 714 594 777 ceps
618 697 776 776 perpetuis
803 697 917 759 tuturis
943 695 1134 774 temporibus
1161 708 1270 756 omnes

524 798 556 852 et
576 791 692 867 singuli
713 789 901 870 patriarchae
922 786 1268 866 constantinopolitani,

524 882 738 958 Alexandrini,
752 881 937 944 antiocheni
953 888 983 944 et
998 877 1269 957 Hierosolymitani

524 981 700 1054 praesentes
715 981 747 1036 et
764 974 863 1036 lutari
884 974 1061 1036 exomidem
1082 988 1175 1050 super
1195 971 1271 1032 ami·

524 1069 594 1131 culo
614 1069 749 1130 breviori
771 1067 803 1129 in
825 1068 987 1147 quibusvis
1007 1065 1219 1129 lunationibus
1241 1072 1271 1126 et

524 1161 641 1224 actibus
662 1161 792 1240 publicis
813 1178 846 1223 ac
866 1161 995 1240 privatis
1016 1159 1131 1238 ubique
1152 1157 1272 1220 delerre

525 1259 556 1315 et
578 1260 708 1330 gestare,
725 1253 842 1332 illaque
863 1254 909 1316 uti
931 1252 1028 1314 libere
1049 1257 1079 1313 et
1101 1250 1184 1312 licite
1205 1267 1272 1328 pos-

524 1346 588 1407 sint
608 1353 640 1408 et
661 1346 794 1421 valeant,
811 1353 920 1408 tenore
934 1344 1145 1424 praesentium
1163 1357 1270 1406 couce-

525 1440 628 1502 dimus
650 1449 681 1502 et
702 1439 912 1517 indulgemus.

565 1534 584 1608 ἓ
604 1533 634 1594 2.
657 1533 876 1605 DecernenteS,
896 1534 1017 1595 easdem
1032 1539 1208 1610 praesentes
1224 1530 1273 1592 lit·

524 1635 604 1689 teras
632 1627 752 1700 firmas,
783 1626 896 1690 validas
921 1633 951 1688 et
976 1626 1111 1688 efficaces
1139 1625 1272 1688 existere

524 1727 556 1782 et
576 1719 657 1795 lore,
681 1735 816 1798 suosque
838 1720 992 1798 plenarios
1016 1727 1047 1781 et
1071 1717 1208 1794 integros
1230 1718 1273 1780 el-

524 1813 623 1876 lectus
642 1813 748 1877 sortiri
767 1819 799 1874 et
820 1813 972 1886 obtinere,
995 1829 1029 1874 ac
1050 1810 1122 1885 illis,
1139 1811 1174 1872 ad
1196 1827 1272 1889 quos

525 1913 639 1984 spectat
660 1912 691 1968 et
713 1921 768 1985 pro
786 1911 925 1984 tempore
947 1905 1107 1984 spectabit,
1125 1904 1156 1967 iu
1172 1905 1272 1966 omni·

525 1997 583 2060 bus
608 2005 640 2060 et
666 2012 721 2076 per
749 1998 851 2060 omnia
881 1997 1060 2077 plenissime
1090 1997 1270 2074 suuragari,

525 2091 631 2170 sicque
652 2091 685 2153 in
707 2091 882 2169 praemissis
911 2107 965 2169 per
986 2106 1199 2170 quoscumque
1226 2091 1272 2151 iu·

525 2185 606 2248 dices
627 2183 795 2246 ordinarios
818 2193 848 2246 et
870 2183 1038 2262 delegatos,
1055 2186 1149 2248 etiam
1170 2201 1272 2248 causa·

524 2293 597 2339 rum
618 2277 721 2358 palatii
735 2277 891 2356 apostolici
913 2278 1079 2353 auditores,
1095 2295 1128 2340 ao
1144 2278 1174 2342 S.
1186 2279 1221 2340 u.
1233 2278 1268 2340 Ε.

524 2369 712 2446 Cardinales,
725 2371 818 2433 etiam
833 2369 870 2432 de
885 2371 981 2433 latere
996 2373 1136 2449 Legatos,
1153 2379 1183 2434 et
1199 2371 1272 2435 alios

524 2463 676 2543 quoslibet
697 2479 892 2543 quacumque
914 2466 1160 2542 praeeminentia
1175 2473 1205 2528 et
1219 2482 1273 2545 po·

523 2562 633 2619 testate
653 2555 821 2633 fungentes
842 2563 873 2618 et
894 2555 1068 2632 iuncturos,
1091 2557 1209 2620 sublati
1228 2559 1272 2620 eis

524 2656 685 2711 eteorum
713 2648 841 2710 cuilibet
866 2649 973 2726 quavis
1001 2649 1091 2711 aliter
1118 2650 1271 2714 iudicandi

524 2751 556 2805 et
583 2742 809 2821 interpretandi
841 2741 986 2804 laenitate
1010 2748 1041 2804 et
1071 2745 1271 2820 auctoritate,

524 2837 652 2900 iudicari
673 2845 704 2898 et
729 2835 852 2898 dednlri
880 2837 1007 2911 debere,
1035 2854 1068 2898 ac
1093 2838 1219 2902 irritum
1242 2847 1273 2900 et

524 2931 627 3006 inane,
650 2930 676 2990 si
697 2945 784 2991 secus
801 2945 895 3007 super
916 2928 995 2991 bisa
1016 2947 1183 3008 quoquam,
1200 2949 1274 3011 qua·

526 3023 572 3085 vis
598 3023 796 3098 auctoritate,
828 3023 964 3085 scienter
994 3023 1044 3084 rel
1076 3023 1272 3101 ignoranter,

527 3115 693 3193 contigerit
713 3117 869 3178 attentari.

319 3209 509 3270 contrat-rorum
568 3211 587 3286 ἓ
608 3211 636 3272 3.
661 3208 730 3272 Nou
745 3209 937 3272 obstantibus
955 3211 1230 3274 constitutionibus
1245 3220 1275 3275 et

297 3264 437 3322 derogans.
528 3303 774 3366 ordinationibus
798 3303 981 3382 apostolicis,
1003 3305 1176 3384 ceterisque
1204 3321 1274 3368 oon·

530 3397 630 3460 trariis
651 3397 909 3475 quibuscumque.

567 3491 679 3554 Datum
695 3491 821 3564 Romae,
834 3490 914 3566 apud
930 3489 1098 3554 suanam
1114 3492 1273 3568 llaiorem,

527 3585 584 3647 sub
604 3583 721 3647 annulo
743 3582 914 3656 Piscatoris,
931 3581 982 3644 die
997 3597 1073 3644 xxx.
1092 3585 1274 3663 septembris

528 3693 717 3753 unccxxrv„
740 3675 937 3756 pontificatus
958 3677 1055 3738 nostri
1079 3693 1162 3740 anno
1185 3695 1206 3740 1.

337 1546 479 1594 clausulae.

885 3957 922 4020 V.

529 4149 703 4225 Confirmet
726 4145 1003 4224 praedecessorum
1021 4145 1135 4208 literas
1150 4161 1208 4224 pro
1224 4163 1274 4208 ue·

565 4237 771 4304 cessitotibuo
795 4239 990 4302 Sanctorum
1012 4241 1166 4301 Locorum
1187 4239 1242 4318 (l).

697 4407 942 4476 eeufiutulus
959 4408 1018 4476 ΡΡ.
1035 4407 1102 4476 lllll.

671 4532 707 4598 ad
729 4531 860 4598 luteram
883 4531 926 4596 rei
949 4531 1128 4598 memoriam.

567 4709 735 4773 Salvatoris
755 4717 786 4770 et
807 4705 968 4769 Domini...
994 4707 1050 4786 (ἲ).

566 4804 677 4865 Datum
705 4802 832 4876 Romae,
861 4801 940 4877 apud
972 4798 1003 4862 S.
1027 4800 1154 4861 llariam
1184 4801 1276 4862 llaio-

526 4913 606 4971 rem,
629 4897 686 4958 sub
707 4895 823 4957 annulo
845 4893 1015 4968 Piscatoris,
1038 4893 1088 4956 die
1109 4909 1199 4954 xxxx.
1220 4909 1274 4955 no-

526 4989 663 5052 vembris
684 5003 874 5061 uncexxrv„
898 4985 1006 5064 pontii.
1032 4987 1130 5048 nostri
1152 5003 1270 5049 annor.

783 5145 1022 5156 ..-..------

874 5267 925 5330 Vl.

528 5461 703 5540 Corticata-t
726 5459 888 5521 decretam
908 5454 1173 5536 congregationis
1197 5454 1271 5533 Epri-

563 5569 729 5631 scoparum
744 5559 774 5614 et
791 5551 1015 5632 Regilloriurn,
1029 5565 1088 5628 guo
1104 5551 1272 5612 atotaaitor

565 5823 594 5877 (l)
610 5823 647 5866 Ex
661 5821 727 5866 Bull.
743 5821 812 5866 Part.
829 5823 924 5866 Terrae
940 5823 1058 5866 sanetae.

1044 577 1107 623 lun.
1133 576 1223 624 PONT·
1247 573 1288 618 DE
1309 573 1338 618 P·
1363 573 1392 620 F·
1416 573 1498 618 PARS
1519 572 1541 616 l.

2105 545 2157 596 An.
2172 544 2203 596 O.
2226 545 2302 598 1724

1365 695 1403 751 ut
1431 689 1586 752 uisitator
1616 687 1801 765 procinctae
1832 684 2072 762 Assuurptionis

1370 782 1623 844 T‘ucatmuncnsis
1638 782 1674 841 irc
1690 779 1794 844 indiis
1813 775 2073 841 desideratoribus

1369 875 1500 938 Ordinis
1512 875 1676 942 Minorurn
1688 873 1723 934 de
1739 869 1960 944 Obrcroontici,
1974 885 2073 948 quon·

1366 969 1404 1030 do
1426 967 1665 1030 commissorias
1689 965 1860 1029 ludiariam
1877 963 1919 1026 od
1934 963 2073 1026 corrdcrn

1366 1079 1429 1124 nou
1451 1062 1522 1124 cult
1544 1059 1883 1132 accedereaccedere
1903 1053 2073 1136 provincii

1366 1157 1511 1238 eligutur
1532 1155 1544 1232 (
1565 1153 1588 1233 ).

1496 1321 1738 1391 ueufibtulus
1756 1323 1815 1390 ΡΡ.
1832 1321 1901 1389 lilii.

1467 1444 1928 1513 mmmmmwm

1366 1625 1384 1699 ὅ
1399 1625 1425 1686 l.
1441 1622 1556 1702 Nuper,
1571 1639 1626 1702 pro
1637 1631 1723 1702 parte
1734 1622 1839 1685 dilecti
1853 1622 1906 1684 srlii
1919 1621 2071 1724 Francisci
2091 1630 2319 1736 muggoffixigr

1326 1717 1428 1793 ldalgo
1453 1716 1645 1795 proministri
1663 1733 1698 1779 ac
1718 1715 1926 1794 procuratoris
1948 1729 2073 1792 provin·
2091 1735 2192 1791 quares
2217 1735 2317 1796 arnar-

1326 1809 1389 1871 ciae
1411 1809 1639 1888 Assumptionis
1661 1809 1905 1872 Tucumanensis
1926 1807 1957 1868 in
1979 1805 2073 1869 indiis
2090 1797 2318 1887 {ffiffil'gflssffl

1326 1901 1569 1966 Occidentalibus
1600 1903 1721 1966 Ordinis
1752 1901 1886 1964 fratrum
1916 1902 2073 1966 uiuorum
2092 1895 2315 2005 {fgajssffiiffisgg

1327 1995 1357 2058 S.
1374 1996 1525 2058 Francisci
1541 1995 1578 2058 de
1593 1995 1792 2059 Obseruantia
1808 2001 2072 2073 nuncupatorum,
2092 2002 2226 2100 gerionem
2257 2011 2316 2046 rae

1326 2089 1567 2166 congregationi
1600 2089 1826 2152 venerabilium
1854 2088 1987 2150 fratrum
2018 2103 2074 2148 no·
2093 2053 2316 2172 officinam

1325 2191 1462 2246 atrorum
1485 2183 1515 2246 S.
1538 2183 1574 2244 u.
1600 2181 1634 2244 u.
1661 2181 1873 2246 cardinalium
1894 2181 2027 2258 negotiis
2042 2187 2073 2240 et
2092 2160 2264 2218 amputarunt.

1326 2276 1604 2341 consultationibus
1635 2279 1856 2357 Episcoporum
1883 2287 1913 2342 et
1941 2278 2073 2356 Regula·

1326 2368 1409 2431 rium
1431 2373 1621 2450 praepositae
1642 2372 1790 2451 exposito,
1814 2371 2003 2450 quodfacto
2025 2387 2074 2434 rc·

1326 2479 1419 2524 cursu
1440 2480 1523 2526 anno
1545 2481 1703 2528 uocovnr.
1735 2466 1864 2528 nomine
1885 2467 1983 2528 dictae
2003 2480 2073 2544 pro-

1327 2555 1446 2617 vinciae
1467 2557 1503 2618 ad
1525 2560 1665 2620 eamdem
1687 2559 1973 2636 congregationem,
1989 2575 2074 2638 prae-

1327 2648 1452 2710 toralia
1474 2651 1719 2728 quamplurima,
1745 2651 1951 2731 supplicatum
1974 2651 2073 2714 luerat

1327 2742 1408 2820 quod
1429 2743 1657 2805 commissarius
1668 2744 1808 2808 visitator
1829 2745 1926 2808 dictae
1947 2745 2075 2822 provin·

1327 2835 1389 2896 ciac
1411 2851 1426 2894 a
1447 2837 1668 2914 superioribus,
1692 2837 1727 2900 ad
1749 2854 1827 2916 quos
1847 2839 2013 2916 spectabat,
2036 2855 2073 2900 ex

1328 2928 1480 3006 religiosis
1502 2931 1704 2992 benemeritis
1731 2933 1872 2996 eiusdem
1897 2933 2074 3011 provinciae

1329 3023 1510 3099 eligeretur,
1526 3025 1606 3086 etad
1628 3025 1712 3087 bunc
1734 3027 1880 3088 ellectum
1902 3027 2075 3104 provincia-

1328 3115 1365 3176 lis
1387 3133 1420 3178 ac
1440 3115 1654 3178 definitorium
1676 3133 1731 3196 pro
1747 3126 1887 3197 ternpore
1906 3119 2074 3180 existentes

1329 3210 1365 3271 ad
1386 3209 1465 3288 ipsos
1487 3209 1660 3288 superiores
1676 3211 1817 3274 notulam
1839 3213 1982 3274 omnium
2003 3211 2074 3272 reli-

1329 3301 1488 3378 giosorum
1510 3301 1562 3363 tali
1584 3317 1716 3365 munere
1727 3304 1896 3380 dignorum
1918 3305 2074 3368 transmit-

1329 3401 1396 3458 tere
1418 3403 1613 3471 tenerentur,
1630 3403 1665 3458 ut
1680 3396 1736 3472 illi,
1753 3413 1847 3476 qrxem
1862 3397 2001 3473 mallent,
2019 3415 2075 3478 pro

1329 3488 1377 3550 sui
1405 3488 1520 3552 institia
1544 3495 1575 3550 et
1603 3489 1756 3567 aequitate
1787 3491 1903 3567 eligere
1931 3499 2073 3570 possent3

1329 3581 1416 3644 cuius
1427 3581 1657 3660 supplicationis
1672 3583 1749 3644 ratio
1763 3582 2002 3647 fundamentalis
2017 3585 2076 3648 luit

1330 3673 1463 3736 maxima
1490 3683 1650 3752 paupertas
1671 3684 1702 3738 et
1724 3677 1867 3741 distantia
1890 3681 1989 3758 quoad
2010 3679 2077 3740 lon-

1331 3767 1503 3842 gitndine-m
1517 3773 1546 3828 et
1562 3767 1761 3831 latitudinem
1777 3771 1871 3850 ipsius
1885 3773 2074 3851 provinciae,

1331 3858 1363 3919 iu
1385 3873 1444 3936 qua
1471 3867 1533 3921 tant
1562 3861 1725 3923 domorum
1755 3879 1849 3942 quam
1878 3865 2075 3928 ecclesiarum

1329 3948 1465 4014 aedilicia
1487 3951 1611 4015 nullum
1632 3953 1731 4018 altum
1752 3957 1878 4033 babent,
1896 3959 1959 4020 imo
1973 3957 2075 4020 solum

1330 4060 1368 4105 ex
1390 4043 1456 4106 luto
1477 4054 1596 4108 accrate
1617 4056 1793 4112 constructa
1815 4052 1965 4128 existunt,
1987 4053 2075 4116 adeo

1330 4155 1392 4216 que
1412 4138 1621 4202 intolerabiles
1649 4151 1792 4222 sumptus
1813 4161 1949 4208 accessus
1976 4154 2006 4209 et
2028 4161 2076 4208 re-

1330 4247 1431 4294 cessus
1452 4234 1593 4294 extranei
1614 4236 1818 4300 commissarii
1833 4239 2000 4302 visitatoris
2014 4239 2076 4302 sui-

1331 4327 1412 4390 ierre
1434 4327 1565 4391 minime
1587 4330 1742 4409 valebant,
1766 4335 1862 4412 eique
1877 4333 1914 4396 de
1935 4336 2025 4397 causi
2039 4335 2076 4396 ab

1331 4421 1516 4483 exministro
1533 4423 1670 4498 generali
1686 4425 1807 4488 Biesma
1826 4428 1934 4488 mediis
1948 4429 2011 4490 suis
2027 4427 2075 4490 lit-

1331 4515 1404 4576 teris
1419 4516 1623 4593 patentalibus
1639 4519 1687 4580 die
1699 4537 1776 4582 xvn.
1788 4521 1933 4586 februarii
1949 4540 2074 4599 uccen,

1330 4608 1444 4668 llatriti
1466 4611 1626 4688 expeditis,
1641 4613 1699 4674 boc
1721 4615 1804 4676 idem
1820 4617 1974 4677 observari
1990 4631 2076 4677 man·

1330 4703 1437 4766 clatum
1458 4703 1568 4780 luerat,
1592 4723 1664 4768 cum
1685 4708 1808 4770 decreto
1830 4711 1912 4787 qarod
1927 4709 2077 4786 praelatae

1330 4799 1451 4860 litterae
1473 4801 1643 4878 patentales
1659 4819 1757 4880 usque
1779 4805 1815 4865 ad
1838 4803 2008 4882 capitulum
2024 4818 2076 4880 ge-

1330 4891 1435 4954 nerale
1455 4893 1711 4957 observarentur:
1742 4895 1821 4957 dicta
1849 4913 1924 4958 vero
1949 4913 2077 4974 congre·

1331 4986 1412 5062 gatlo
1433 5001 1526 5064 super
1547 4987 1618 5048 dieti
1635 4988 1786 5066 precibus,
1803 4987 1914 5051 auditis
1929 4989 2015 5067 prius
2031 5007 2077 5052 re·

1330 5077 1444 5139 latione
1459 5087 1488 5140 et
1505 5085 1575 5140 voto
1597 5089 1673 5144 tunc
1694 5082 1853 5144 existentis
1868 5084 2077 5162 procuratoris

1330 5171 1481 5247 generalis
1511 5173 1582 5235 dicti
1604 5173 1741 5250 Ordinis,
1769 5175 1966 5253 rescripserat
1994 5178 2076 5255 quod

1329 5264 1665 5341 exquirereturrotum
1677 5267 1802 5345 capituli
1817 5267 1980 5344 generalis,
1994 5271 2075 5347 quod

1328 5377 1421 5440 super
1451 5364 1507 5423 lroc
1531 5369 1647 5440 puncto
1673 5363 1877 5424 commissarii
1908 5361 2076 5423 visitatoris

1329 5453 1493 5516 favorabile
1523 5455 1598 5516 luit:
1626 5451 1757 5532 ideoque
1778 5455 1880 5517 eidem
1906 5469 2074 5531 congrega·

1329 5549 1404 5610 tioni
1427 5548 1608 5627 supplicato,
1626 5557 1672 5622 ut,
1688 5553 1807 5610 attento
1829 5547 1987 5610 favorabili
2003 5553 2075 5609 roto

565 5891 594 5944 (ut
610 5888 722 5944 Reliqua
736 5888 794 5933 vide
809 5899 889 5944 snpra
904 5899 961 5946 pag.
977 5891 1025 5944 351,
1040 5887 1130 5935 eadem
1146 5891 1186 5934 est
1201 5899 1231 5934 ae
1245 5887 1291 5934 illa
1306 5887 1451 5934 lnuoccrrtii
1466 5889 1530 5932 Xlll.

565 5955 594 6011 (3)
611 5957 647 6000 Ex
662 5957 765 6010 Regest.
782 5954 808 5999 in
823 5955 898 6000 arch.
915 5957 987 6000 Brer.
