1290 1819
212 177 239 190 An.
246 177 262 190 C*
272 177 306 191 1⁶86
332 176 351 193 76

321 211 362 227 tium
372 211 477 231 concedimus,
484 212 525 232 quod
533 214 556 231 tu,
564 214 580 228 et
589 212 645 228 iratres
652 216 694 232 prae-

321 234 363 253 dicti,
371 235 398 254 qui
408 235 427 250 ad
437 235 520 255 praefatam
526 236 670 255 subdelegationern
678 235 694 251 in

320 258 447 277 praememoratis
457 258 538 278 Hispaniae
548 261 564 274 et
573 259 652 275 indiarum
661 263 694 279 pro-

320 281 377 296 vinciis
383 282 457 301 assumpti
464 282 529 301 ruerint,
537 282 591 298 eadem
598 282 693 301 absolvendi.

320 303 422 324 dispensandi,
432 305 545 325 commutandi,
556 308 592 325 etc..
603 305 694 321 auctoritate

320 329 336 343 et
347 327 419 344 facultate
428 332 475 348 super
485 329 545 348 [νου-ω,
557 329 632 345 moniales
639 331 655 345 et
661 333 693 345 sae-

320 350 379 367 cularos
390 351 406 367 in
417 351 450 367 foro
460 352 563 368 conscientiae
574 353 656 372 gaudeant.
664 356 693 372 qua

320 374 393 390 minister
403 375 486 394 generalis,
497 376 509 391 si
521 376 541 391 ibi
551 378 597 395 esset,
608 376 631 391 uti
639 380 656 392 ac
663 376 693 391 [rui

320 397 384 413 valeret.
396 398 448 418 thue
463 398 549 418 praedictae
564 399 662 415 auctoritates
678 400 693 414 et

320 420 399 436 (acuitates
410 421 465 437 effectu
476 426 508 438 non
519 424 586 441 careant,
595 422 667 438 omnibus
678 424 693 438 et

319 444 385 463 singulis
396 445 478 465 utriusque
487 449 534 461 sexus
544 446 613 465 personis
624 446 640 461 in
650 450 694 465 prae-

320 467 354 482 tatis
365 468 447 487 provinciis
457 468 553 484 obedientiae
564 471 625 485 nostrae
633 469 692 485 subiec-

320 490 345 510 tis,
356 491 468 511 cuiuscumque
478 492 540 511 gradus,
550 492 631 512 dignitatis
641 496 658 508 ac
668 497 694 508 su-

319 514 413 533 perioritatis
423 515 460 533 sint,
468 519 496 534 per
506 517 575 531 sanctam
582 515 692 535 obedientiam,

320 541 337 553 ac
347 537 376 553 sub
389 538 438 557 poena
452 538 514 554 maioris
529 539 693 555 excommunicationis

320 560 352 580 ipso
363 560 402 576 sacto
416 561 514 581 incurrentia,
526 566 587 578 necnon
601 562 693 582 privationis

320 584 362 599 vocis
374 584 433 600 activae
443 586 459 600 et
472 585 541 605 passivae
556 590 584 606 per
599 586 692 604 triennium.

320 607 422 627 praecipimus
432 610 448 623 et
458 608 555 628 mandamus,
567 611 584 625 ut
595 611 610 625 te
620 611 636 625 et
644 609 693 624 socios

320 632 354 646 tuos
364 631 393 647 suh
403 631 452 647 torma
462 632 538 651 praedicta
547 632 654 652 subdelegatos
663 632 693 648 tuis

319 654 399 670 desideriis
413 657 518 674 cooperantes,
530 656 545 671 in
556 656 588 671 suis
603 656 645 674 locis,
656 659 692 671 con-

319 678 401 697 ventibus,
417 678 486 698 capellis.
503 679 573 695 oratoriis
588 681 604 695 et
618 679 691 698 ecclesiis,

319 701 379 720 quoties
394 705 422 721 pro
437 702 502 721 privata,
516 703 575 718 secreta
585 707 602 718 ac
612 702 692 718 fraternali

318 724 406 743 collatione.
417 724 443 740 vel
453 729 481 745 pro
492 726 551 745 publica
558 730 566 741 a
574 726 617 741 volsis
624 726 692 741 iacienda

319 748 437 767 praedicatione.
451 749 605 769 confessionibusque
616 750 634 765 de
645 749 693 765 licen-

319 771 340 786 tia
350 771 467 787 Ordinariorum
477 772 563 791 audiendis,
570 777 578 788 a
589 773 659 792 quolibet
666 776 693 788 ve-

318 796 369 810 strum
380 795 451 814 requisiti
461 795 525 814 fuerint,
538 796 606 815 benigne
617 798 633 812 et
643 796 692 812 chari-

319 817 366 833 tative
377 822 394 833 ac
403 818 438 834 sine
449 818 480 834 ulla
494 819 597 838 repugnantia
610 819 690 839 recipiant.

319 840 338 856 Et
349 840 361 856 si
372 844 400 861 pro
410 841 474 857 alicuius
490 842 561 858 monialis
575 842 653 861 infirmae.
664 846 692 858 seu

318 863 335 879 in
343 864 409 880 articulo
417 865 472 880 mortis
479 866 577 884 constitutae,
585 866 692 882 sacramentali

318 887 378 906 solatio,
389 889 416 903 aut
426 888 444 904 ad
455 888 555 904 moriendum
566 889 582 904 in
593 889 659 905 Domino
668 893 693 905 re-

318 910 372 930 ligiosa
382 911 468 927 assistentia
478 912 495 928 in
505 912 566 932 aliquod
579 913 692 929 monasterium

318 934 380 953 ingredi
391 935 495 951 necessarium
506 935 559 955 fuerit,
570 936 657 956 supradicta
668 936 692 952 iu-

292 966 294 968 -
318 958 387 973 risdictio
401 958 486 978 spiritualis
499 959 545 975 etiam
556 963 584 979 pro
599 960 622 975 nis
632 960 692 976 casibus

318 985 388 997 concessa
399 986 416 997 ac
427 983 498 1001 praestita
513 982 616 1002 intelligatur.
628 983 692 1002 Quando

318 1008 356 1020 vero
366 1004 384 1020 ad
395 1005 456 1025 aliquod
467 1010 486 1021 ex
501 1006 635 1022 missionariorum
646 1006 693 1022 semi-

318 1028 366 1043 nariis
376 1032 404 1044 seu
420 1029 489 1048 collegiis
499 1029 515 1045 in
529 1029 607 1049 Indiarum
619 1032 634 1045 et
645 1030 692 1045 ultra-

318 1053 401 1067 montanae
411 1052 477 1067 familiae
487 1053 556 1072 partibus
563 1053 643 1073 hucusque
650 1057 692 1069 erec-

318 1074 337 1090 tis
347 1077 363 1090 et
374 1075 390 1090 in
401 1077 481 1095 posterum
489 1076 567 1095 erigendis
573 1080 601 1092 seu
608 1076 692 1092 fundandis

317 1098 404 1117 accesseris,
415 1103 432 1114 ac
442 1099 479 1115 dum
489 1099 506 1115 in
518 1099 543 1115 ilio
554 1103 590 1115 cum
597 1100 641 1115 sociis
649 1104 692 1120 prae-

318 1121 352 1137 fatis
363 1124 431 1138 moratus
445 1122 498 1141 tueris,
509 1127 537 1138 seu
550 1123 578 1143 ipsi
589 1123 626 1139 socii
637 1123 692 1139 subcle‘

317 1144 364 1163 legati
375 1145 413 1160 inibi
422 1148 508 1165 separatam
517 1150 577 1162 moram
584 1147 652 1164 trahant,
660 1146 692 1162 sola

317 1168 408 1184 auctoritate
418 1170 434 1184 et
444 1169 542 1185 [acuitatibus
553 1170 571 1185 ad
581 1169 692 1185 sacramentale

317 1190 369 1207 iorum
378 1192 483 1212 spectantibus
494 1196 520 1209 vos
531 1193 562 1209 frui
573 1197 616 1213 posse
623 1193 692 1209 decerni-

317 1219 359 1234 muS,
370 1217 386 1231 et
396 1216 439 1231 omni
455 1216 483 1232 alia
499 1216 610 1235 iurisdictione,
627 1217 691 1233 alterius

317 1239 414 1258 praelaturae
429 1239 474 1255 titulo
490 1243 522 1255 non
536 1240 604 1259 obtenta,
619 1240 691 1260 spoliatos

317 1262 420 1281 declaramus;
431 1266 451 1278 ex
461 1263 490 1278 lioc
504 1265 556 1278 tamen
567 1263 639 1279 ellectum
650 1263 691 1279 litte-

317 1289 370 1301 rarum
383 1285 469 1305 patentium
480 1288 496 1302 et
509 1286 642 1305 commissionum.
654 1291 691 1306 quas

317 1310 362 1324 antea
372 1309 438 1328 dederis.
445 1313 477 1325 nun
484 1310 599 1330 suspendimus,
607 1310 638 1326 imo
646 1310 691 1326 illum

316 1332 369 1348 sortiri
380 1335 487 1352 peroptamus·,
498 1335 514 1349 et
524 1334 553 1349 sul)
562 1334 616 1353 poenis
624 1333 692 1353 praedic-

317 1356 337 1371 tis
347 1356 400 1371 stricte
415 1356 523 1376 praecipimus,
539 1357 567 1372 tibi
578 1361 595 1372 ac
604 1357 649 1373 sociis
660 1358 691 1373 tuis

316 1379 403 1398 ceterisque
412 1379 516 1399 subdelegatis
525 1380 572 1395 simul
583 1380 690 1400 iniungentes‚

317 1404 340 1421 ui,
351 1402 387 1418 licet
397 1402 416 1418 dc
427 1403 484 1418 familia
495 1403 531 1419 dicti
542 1403 602 1423 collegii
612 1408 643 1419 non
651 1404 690 1423 sitis,

317 1425 360 1441 illius
370 1426 460 1445 guardiano,
471 1426 513 1442 iuxta
524 1427 637 1447 praescriptum
648 1431 690 1447 prae-

316 1448 395 1464 dictorum
400 1451 494 1465 statutorum
502 1454 510 1465 a
516 1450 571 1466 Sancta
577 1450 615 1466 Sede
623 1453 640 1466 ut
648 1455 691 1470 prae-

317 1472 366 1488 fertur
377 1473 501 1492 approbatorum.
512 1474 529 1489 in
540 1474 618 1493 omnibus,
626 1478 665 1494 quae
672 1475 690 1490 ad

317 1495 385 1515 hospites
398 1498 414 1511 et
427 1498 513 1512 moratores
525 1497 611 1517 respective
621 1499 690 1517 spectare

317 1519 435 1539 dignoscuntur,
443 1519 553 1536 inviolabiliter
560 1521 625 1540 pareatis
632 1523 648 1536 et
655 1521 690 1536 obe-

582 183 614 194 iun.
627 183 672 194 eowr.
684 182 704 194 n!
715 182 730 194 Ρ.
742 182 757 194 Ι.
768 182 810 194 lmus
821 182 831 194 i.

722 211 774 227 diatis:
787 211 833 231 idque
848 212 898 231 ipsum
910 212 926 228 in
937 212 971 228 aliis
986 212 1047 228 Ordinis
1060 216 1096 228 con-

722 235 794 251 ventibus
809 235 825 250 in
841 235 904 254 siguum
920 236 1017 251 reverentiae
1032 235 1096 255 faciatis,

721 258 783 278 quando
797 258 813 274 in
827 258 902 274 damnum
918 259 988 274 exercitii
1003 259 1096 275 missionum

722 285 754 297 nou
762 284 821 301 vergat,
827 285 855 297 seu
863 285 899 297 cum
906 282 933 297 illo
941 282 1057 302 incompatibile
1063 282 1097 298 {ue-

721 304 747 320 rit.
759 304 840 324 Ceterum,
851 305 913 325 quando
923 309 932 321 e
940 305 1024 321 seminario
1030 309 1059 321 seu
1065 305 1096 321 col-

721 328 767 347 legio,
779 328 795 344 iu
806 332 837 348 quo
848 328 867 344 de
877 328 934 344 tamilla
944 332 972 344 seu
979 329 1034 349 hospes
1042 329 1095 348 rueris.

721 351 764 367 exire
779 352 874 370 decreveris.
890 352 939 367 socios
955 356 971 367 ac
985 352 1095 371 missionarios.

721 378 759 394 quos
770 375 788 390 ad
799 375 885 395 praeratum
901 375 994 391 missionum
1010 379 1069 391 munus
1080 376 1096 391 in

721 397 751 413 illis
765 398 835 417 partibus
851 398 943 417 infidelium.
955 398 971 414 in
982 403 1020 418 quas
1032 403 1059 414 eos
1069 403 1096 415 ne-

721 421 793 436 cessarios
804 421 897 437 indicaveris
907 424 923 437 et
934 421 983 441 magis
993 422 1057 438 idoneos
1063 426 1096 438 ere-

721 444 783 463 uideris,
791 445 875 464 spontanea
886 444 951 460 illorum
960 445 1041 461 volunt-ate
1051 445 1070 461 ad
1081 446 1096 462 id

721 467 794 487 requisita
804 468 911 487 praecedente,
919 468 938 483 ue
948 468 1013 484 consilio
1023 468 1095 485 discreto-

721 490 740 505 rii
750 490 830 506 seminarii
846 491 919 511 praedicti
933 491 1000 511 seligere
1012 496 1030 507 ac
1043 494 1096 508 tecum

721 513 762 529 terre
775 513 818 529 licite
833 514 896 530 valebis.
907 514 923 530 Si
934 516 987 530 autem
1001 515 1095 534 gum-dianus

720 540 757 552 cum
773 537 828 552 maiori
843 540 887 557 parte
900 537 987 553 discretorii
1001 538 1034 557 tibi,
1045 539 1095 558 quoad

721 560 755 579 noc,
761 560 889 579 contradixerint,
895 561 992 580 superiorem
999 562 1095 581 generalem,

720 582 749 598 sub
759 583 803 599 cuius
813 583 919 600 iurisdictione
930 584 1016 604 praeratum
1029 585 1096 601 semina-

720 606 762 622 rium
778 606 831 625 l'uerit,
847 607 930 623 certiorem
946 607 997 627 tacius,
1011 612 1028 624 ac
1043 608 1095 624 habito

720 629 762 645 illius
778 634 860 649 consensu,
871 633 887 646 et
898 635 930 646 non
946 631 996 650 aliter.
1008 632 1038 647 nisi
1052 632 1095 652 prius

720 653 738 668 ad
749 653 764 668 id
775 653 861 672 legitimam
871 653 965 670 obtinuisses
975 654 1094 675 delegationem,

720 676 814 695 guardianus
822 679 837 692 et
844 677 906 693 discreti
914 677 945 693 tuis
952 678 992 693 votis
999 678 1094 698 acquiescere

721 701 812 719 teneantu13
823 700 883 715 etenim
890 700 933 716 nulia
941 701 979 716 ratio
986 701 1045 720 suadet.
1053 702 1095 721 quod

720 722 752 741 ille,
763 723 791 742 qui
806 723 921 739 commissarius
935 724 1028 740 missionum
1041 724 1094 744 tuerit,

720 745 812 761 electionem
823 747 935 766 operariorum,
945 747 988 763 iuxta
999 747 1069 763 locorum
1079 750 1095 764 et

720 771 798 785 terrarum
813 769 901 785 infidelium
916 770 1030 790 necessitatem,
1045 771 1095 787 iacere

720 795 752 807 non
764 792 815 812 possit.
832 792 867 808 Post
877 793 964 812 praeratum
979 794 1040 810 exitum
1051 798 1093 813 vero.

720 816 736 830 et
746 815 808 835 quando
818 819 845 835 per
855 816 939 836 praedictas
952 816 1033 837 Hispaniae
1044 820 1059 833 et
1070 818 1094 833 ln-

720 838 781 854 diarum
792 839 878 858 provincias
889 839 908 855 de
919 843 960 855 novo
971 840 1061 859 circumeas,
1069 841 1094 857 vel

720 861 787 880 quotieS,
798 864 815 877 ut
825 862 930 882 supradictum
946 865 975 882 est,
986 863 1024 879 alios
1040 863 1095 880 fratros

720 884 738 899 ad
749 885 855 904 quaerendum
865 885 903 901 alios
914 886 1024 906 missiouarios,
1032 891 1060 903 seu
1067 887 1095 903 ali-

720 912 750 928 qua
763 908 828 928 collegia
844 908 936 925 missionum
951 910 1025 929 erigenda
1036 911 1093 930 mittas,

720 933 746 947 ant
761 932 863 951 personaliter
878 936 908 951 eae,
923 935 939 948 te
950 935 966 949 et
976 934 1024 949 dictos
1039 934 1094 950 tratres

720 955 804 970 memorata
816 955 924 975 superior-itate
935 958 950 972 et
960 956 1060 973 facultatibus
1069 961 1095 973 su-

720 978 792 998 pradictis
802 979 825 994 uti
836 983 853 994 ac
863 979 894 995 [rui
905 983 954 999 posse,
965 984 1013 1000 aeque
1020 984 1037 996 ac
1045 982 1062 996 ut
1069 985 1095 996 su-

720 1005 746 1021 pra
756 1002 843 1018 stabilitum
854 1004 913 1022 manet,
920 1003 998 1019 sancimus
1005 1005 1021 1019 et
1028 1004 1095 1020 declara-

720 1029 760 1040 mus.
773 1025 866 1045 Eisdemque
876 1030 903 1041 vos
913 1028 929 1042 et
938 1030 992 1042 omues
999 1027 1037 1043 alios
1044 1027 1094 1043 nostri

720 1048 781 1064 Ordinis
796 1049 911 1065 concionatores
925 1052 940 1065 et
954 1050 1062 1069 confessarios,
1077 1051 1093 1066 in

720 1072 790 1092 praetatis
806 1073 898 1089 missionum
914 1073 983 1093 collegiis
997 1075 1028 1089 tarn
1039 1074 1094 1090 erectis

720 1100 766 1116 quam
777 1096 855 1116 erigendis
869 1096 979 1117 incorporatos,
991 1098 1058 1116 gaudere
1068 1098 1094 1113 de-

720 1119 756 1135 here
766 1119 870 1139 decernimus,
881 1124 918 1135 cum
933 1122 986 1136 sancto
1001 1120 1093 1136 missionum

720 1143 762 1162 operi
773 1147 790 1158 ac
800 1143 872 1158 laudabili
887 1143 951 1159 muneri
966 1143 1006 1163 ipsos
1019 1144 1036 1159 iu
1048 1144 1093 1160 terris

720 1169 750 1182 tam
761 1166 831 1182 fidelium
841 1170 888 1186 quam
899 1167 986 1183 infidelium
997 1171 1056 1187 vacare,
1065 1171 1093 1183 seu

720 1190 736 1205 in
746 1190 817 1210 praefatis
827 1190 896 1209 collegiis
906 1190 989 1210 applicatos
1001 1195 1034 1206 esse
1044 1191 1093 1207 conti>

719 1213 764 1233 gerit.
782 1213 868 1233 Nullusque
883 1216 1006 1230 memoratorum
1021 1214 1093 1234 collegio-

719 1241 755 1252 rum
764 1237 857 1256 guardianus
864 1237 893 1253 sub
900 1237 951 1257 aliquo
959 1240 1039 1257 praetextu
1047 1240 1093 1254 tuum

719 1260 779 1276 exitum
790 1264 798 1276 e
809 1262 887 1276 conventu
894 1264 921 1276 seu
929 1261 1000 1280 collegio.
1008 1263 1035 1277 aut
1042 1265 1093 1281 egres-

718 1287 754 1299 sum
765 1288 773 1299 e
784 1284 822 1303 loco,
834 1284 850 1299 in
861 1288 892 1304 quo
902 1284 989 1304 collegiumv
1000 1284 1053 1303 tuerit,
1064 1285 1093 1300 im-

719 1307 771 1327 pedire
787 1309 879 1327 praesumat.
890 1311 919 1323 nec
929 1308 989 1324 socium
1004 1311 1073 1328 gratum,
1084 1314 1092 1324 a

719 1332 739 1349 te.
747 1332 800 1346 tenore
808 1331 918 1350 praesentium,
924 1331 1021 1351 eligendum,
1027 1334 1048 1351 ot,
1055 1337 1092 1352 quo-

718 1354 747 1370 ties
754 1357 860 1374 opportunum
868 1355 920 1373 tuerit,
929 1356 1027 1375 mutandum,
1035 1356 1052 1372 in
1059 1356 1093 1372 aliis

719 1379 796 1395 exercitiis
811 1383 886 1399 occupare
900 1379 963 1398 audem
976 1380 1002 1395 sed
1012 1380 1065 1395 statim
1076 1384 1093 1395 ac

719 1403 737 1418 ab
747 1403 780 1423 ipso
790 1403 914 1418 benedictionem
925 1405 973 1423 petas,
982 1405 996 1418 te
1006 1407 1042 1419 cum
1049 1407 1092 1423 prae-

718 1427 759 1442 dicto
769 1427 810 1442 socio
821 1426 900 1442 licentiare
908 1428 985 1445 teneatur,
993 1429 1010 1443 ut
1018 1427 1040 1443 sie
1047 1429 1092 1443 tuum

718 1454 776 1466 munus
787 1452 818 1465 tarn
829 1450 845 1465 in
857 1450 901 1465 terris
917 1450 986 1466 fidelium
1000 1455 1046 1470 quam
1057 1451 1092 1466 inii-

718 1473 782 1492 delium,
794 1476 810 1489 et
821 1474 837 1489 in
847 1473 891 1489 omni
905 1475 963 1489 eventu
974 1478 990 1489 ac
1001 1474 1092 1490 necessitate

718 1497 777 1513 facilius
787 1499 802 1512 et
813 1497 934 1512 convenientius
944 1497 1000 1517 exequi
1011 1497 1067 1513 valeas,
1076 1498 1092 1514 Si

718 1520 761 1536 enim
773 1520 832 1539 iratres.
843 1520 870 1539 qui
884 1520 1007 1540 Termesanctae,
1019 1525 1036 1536 ac
1046 1525 1092 1541 quao-

1111 178 1138 192 An.
1145 178 1162 192 C.
1173 177 1212 191 1⁶86
