4844 6990
319 567 372 622 An.
387 567 417 622 d.
440 567 509 622 1738
558 567 616 630 492

460 769 463 774 ,
538 703 716 765 huiusmodi
736 703 917 766 obtinuerit.
941 702 1033 766 Enim
1056 719 1142 778 vcro,
1163 707 1285 782 praeter

539 797 627 876 plura
649 797 842 859 incommoda
864 797 975 875 quihus
994 797 1150 860 subiacere
1172 795 1285 857 debent

538 890 650 952 similia
680 904 808 952 munera
841 897 926 951 extra
959 888 1173 964 consecuturi,
1204 889 1284 950 intra

539 999 613 1044 vero
635 983 825 1060 provinciam
847 983 1024 1046 huiusmodi
1045 983 1138 1044 etiam
1159 979 1285 1042 honoris

540 1078 670 1152 gradum
692 1085 855 1156 propterea
877 1084 1126 1155 promereantur,
1144 1073 1195 1136 sed
1209 1083 1285 1135 tam·

539 1186 632 1250 quam
654 1171 706 1231 alii
726 1171 915 1250 quicumque
936 1171 1057 1234 Ordinis
1074 1168 1204 1248 praediti
1226 1167 1284 1228 lec-

540 1271 623 1325 tores
644 1272 676 1325 et
696 1263 849 1326 hahentur
870 1273 901 1326 et
922 1263 1152 1326 existimantur.

370 1362 521 1458 procuralpor
580 1357 648 1431 §2
675 1359 751 1420 Cum
774 1365 890 1432 autem,
912 1357 992 1418 sicut
1011 1355 1118 1418 eadem
1136 1354 1285 1433 expositio

308 1424 522 1523 Βῖιῖνωιοιῖῗιῖὶιιιξέ
539 1453 762 1530 subiungebat,
796 1453 895 1515 dictus
926 1451 1054 1514 Oidaous
1086 1450 1229 1511 assistens
1255 1454 1285 1510 et

308 1531 386 1577 ⁵¹¹⁹&
401 1521 454 1565 ¹¹⁰⁰·
540 1557 738 1626 procurator,
762 1554 796 1608 ut
821 1546 966 1624 deinceps
992 1545 1131 1606 eiusdem
1160 1541 1286 1620 provin-

539 1640 603 1702 ciae
630 1640 748 1702 alumni
777 1640 893 1702 intuitu
923 1638 1052 1716 praemii
1081 1635 1201 1698 avidius
1227 1633 1287 1694 ala-

540 1737 684 1812 criusque
707 1733 825 1795 lamed
848 1734 1023 1794 doctoratus
1045 1731 1181 1792 lauream
1203 1743 1285 1788 assu-

540 1831 696 1903 mendam,
713 1843 805 1906 qnam
820 1825 855 1886 ad
870 1825 1104 1887 substinentiam
1126 1823 1219 1885 talem
1234 1837 1285 1900 op·

540 1923 726 2002 positionem
747 1936 802 1982 seu
824 1935 1009 1982 coneursum
1032 1933 1086 1996 pro
1107 1913 1285 1978 huiusmodi

540 2013 670 2094 publicis
702 2014 827 2076 lecturis
863 2011 1053 2090 capessendis
1088 2011 1283 2082 excitentur,

541 2109 639 2171 trihus
660 2107 888 2186 antiquioribus
910 2105 1088 2168 doctoribus
1105 2104 1201 2166 dictae
1216 2101 1285 2164 uni·

540 2202 704 2275 versitatis,
718 2201 772 2278 qui
787 2199 916 2279 publicis
931 2197 1134 2275 argumentis,
1151 2197 1284 2258 assidue·

540 2311 601 2374 que
628 2293 796 2356 lectionum
824 2299 854 2354 et
882 2292 1111 2372 oppositionum
1137 2291 1284 2352 exercita-

539 2387 628 2460 tioni,
651 2387 773 2464 quoties
794 2387 934 2448 cathedra
949 2385 1051 2463 aliqua
1068 2385 1100 2446 in
1123 2383 1200 2446 dicta
1216 2385 1284 2445 uni-

540 2483 685 2544 versitate
700 2497 809 2542 vacare
823 2480 1001 2555 contigerit,
1017 2477 1135 2540 luerint
1149 2477 1286 2540 adstricti

539 2585 570 2640 et
592 2575 713 2648 addicti,
736 2575 839 2636 omnia
862 2573 940 2646 iura,
964 2571 1083 2659 indulta
1106 2579 1137 2634 et
1158 2571 1284 2650 privile-

539 2673 599 2748 gia,
622 2669 734 2748 quibus
760 2667 855 2730 ceteri
878 2667 909 2728 in
931 2666 1014 2727 sacra
1048 2664 1200 2740 theologia
1223 2679 1284 2724 rna-

539 2764 625 2842 gistri
655 2760 831 2840 provinciae
853 2768 883 2820 et
904 2757 1026 2821 Ordinis
1057 2756 1284 2836 praedictorum

539 2859 576 2920 de
597 2857 676 2931 iure,
701 2871 758 2917 usu
780 2862 810 2915 et
828 2851 1053 2915 consuetudine
1074 2852 1240 2932 potiuntur
1255 2859 1286 2910 et

539 2951 688 3026 gaudent,
710 2965 745 3009 ac
765 2963 872 3009 revera
895 2953 1052 3024 tamquam
1073 2943 1212 3020 magistri
1235 2958 1285 3004 eo·

539 3041 683 3106 rumdam
706 3039 827 3103 Ordinis
848 3045 879 3100 et
900 3037 1075 3117 provinciae
1097 3038 1160 3098 sint
1182 3043 1212 3096 ot
1233 3035 1284 3096 ha-

540 3136 673 3196 beantur
695 3131 911 3213 (sequentibus
934 3140 1037 3192 tamen
1060 3129 1193 3208 praeviis
1213 3144 1286 3190 oon·

357 3237 521 3284 conditiones
540 3225 719 3301 ditionibus,
733 3241 855 3302 nempe:
874 3241 894 3284 1.
912 3223 998 3298 Ouod
1014 3221 1120 3285 nullus
1136 3239 1173 3283 cx
1188 3221 1285 3283 dictae

307 3290 522 3390 ssfffflsssscoffss
541 3320 717 3400 provinciae
738 3317 886 3384 iratribus
907 3320 941 3380 ad
958 3319 1088 3393 gradum
1110 3315 1286 3378 doctoratus

308 3397 477 3454 ⁵⁰q¹¹⁰¹¹⁶¹¹¹¹¹·
541 3417 574 3476 in
595 3415 673 3476 dictu
688 3413 894 3474 universitate
908 3410 1084 3490 promoveri
1100 3409 1209 3484 valeat,
1225 3406 1286 3469 nisi

541 3509 581 3572 de
601 3507 723 3570 licentia
753 3506 895 3569 moderni
917 3511 948 3566 et
976 3519 1031 3583 pro
1060 3512 1201 3582 tempore
1222 3503 1284 3564 exi-

541 3603 652 3665 stentis
667 3601 777 3681 prioris
794 3599 946 3678 generalis
961 3597 1032 3661 dicti
1048 3597 1180 3672 Ordinis,
1193 3603 1285 3675 prout

540 3713 595 3778 per
608 3695 845 3758 constitutiones
857 3691 978 3765 Ordinis
990 3691 1135 3770 praedicti
1154 3691 1286 3755 auctori-

540 3797 601 3852 tale
617 3788 778 3868 apostolici
793 3788 998 3860 confirmatas,
1015 3792 1101 3864 parte
1113 3802 1158 3861 v.,
1175 3801 1239 3864 cap.
1252 3802 1281 3846 v.

540 3890 570 3946 et
592 3899 676 3956 vnn,
699 3882 924 3960 praescriptum
945 3879 1116 3959 reperitur:
1141 3896 1175 3940 ιι.
1199 3880 1283 3954 Quod

539 3977 646 4040 nullus
675 3978 781 4039 doctor
803 3977 836 4036 in
858 3974 937 4038 dictd
963 3973 1168 4036 universitate
1190 3973 1284 4034 llexi-

539 4071 612 4135 canb
633 4069 772 4148 magistri
793 4068 955 4147 privilegia
982 4068 1125 4130 obtinere
1146 4067 1283 4146 incipiat,

539 4165 599 4226 nisi
628 4171 790 4243 postquam
823 4161 1018 4224 laudabiliter
1048 4177 1122 4222 suae
1147 4159 1285 4224 tecturae

539 4258 748 4337 philosophiae
760 4263 791 4318 et
810 4272 912 4318 sacrae
927 4255 1098 4331 theologiae
1113 4256 1285 4333 praedictae

538 4359 662 4430 tempus
683 4349 899 4428 compleverit,
916 4355 946 4410 et
961 4365 976 4408 a
992 4348 1084 4426 pleno
1106 4349 1284 4411 delinitorio

539 4445 716 4524 provinciae
737 4442 926 4516 huiusmodi,
939 4442 1005 4503 sive
1020 4441 1052 4502 in
1068 4442 1200 4520 capitulo
1215 4457 1285 4520 pro-

539 4537 676 4610 uinciali,
692 4537 758 4598 sive
779 4537 812 4598 in
828 4536 1069 4611 congregatione
1085 4535 1282 4611 intermedii,

539 4633 638 4694 lector
652 4631 798 4693 iubilatus
813 4629 999 4704 declaretur,
1016 4637 1047 4690 et
1066 4637 1153 4704 tunc,
1170 4629 1284 4707 absque

540 4742 623 4788 novo
654 4724 813 4796 examine,
846 4738 916 4785 cum
946 4722 1062 4784 iamin
1088 4723 1283 4800 susceptione

538 4821 714 4882 doctoratus
736 4818 767 4879 in
788 4818 894 4878 eadem
922 4816 1125 4878 universitate
1147 4833 1285 4895 praecos-

537 4913 624 4987 serit,
640 4917 671 4974 et
686 4911 742 4972 alia
758 4911 870 4987 gradus
884 4911 1080 4988 susceptione
1095 4911 1279 4986 istiusmodi,

538 5009 677 5068 doctores
705 5003 876 5082 privilegiis
904 5003 1126 5081 magistrorum
1149 5003 1283 5080 gaudere

538 5100 698 5178 incipiant,
721 5105 752 5160 et
779 5105 937 5176 tamquam
966 5097 1106 5174 magistri
1129 5114 1145 5158 a
1167 5097 1282 5176 pariter

538 5193 689 5254 moderno
711 5199 742 5252 et
763 5207 819 5270 pro
843 5197 982 5268 tempore
1003 5190 1158 5252 existente
1178 5190 1282 5268 priore

539 5284 721 5364 provinciali
743 5291 1004 5360 recognoscantur
1024 5291 1056 5344 et
1072 5283 1281 5357 declarentur,

537 5395 571 5441 ac
594 5380 625 5439 in
648 5379 738 5452 libro,
762 5378 870 5455 inquo
891 5377 985 5438 celeri
1007 5377 1145 5439 eiusdem
1160 5377 1282 5440 Ordinis

537 5473 679 5550 magistri
700 5472 938 5547 describuntur,
964 5469 1165 5546 adnotentur,
1193 5478 1281 5533 etex

537 5575 612 5629 tunc
626 5568 765 5641 demum,
779 5581 843 5627 non
857 5571 963 5628 autem
974 5565 1146 5628 secundum
1158 5571 1282 5643 tempus

537 5661 670 5739 suscepti
690 5660 876 5734 doctoratus,
893 5675 1003 5721 eorum
1018 5657 1184 5736 antiquitas
1199 5658 1282 5717 inter

537 5756 700 5831 magistros
727 5752 848 5816 Ordinis
876 5759 1090 5832 computetur:
1122 5767 1169 5812 ιιι.
1196 5750 1280 5826 Quod

433 5889 437 5896 -
537 5865 576 5910 cx
597 5847 685 5909 dictis
707 5847 881 5909 doctoribus
909 5845 1132 5920 universitatis,
1159 5846 1223 5922 qui,
1247 5851 1282 5906 ut

536 5957 638 6022 supra,
660 5939 797 6002 assiduae
817 5939 988 6002 lectionum
1002 5946 1033 5999 et
1051 5937 1281 6020 oppositionum

1054 581 1119 627 tun.
1144 581 1235 626 PONT·
1259 579 1299 626 DE
1320 580 1349 626 1³.
1374 579 1403 626 F·
1427 579 1510 624 PARS
1532 579 1553 624 l.

2119 561 2178 615 Διι.
2200 559 2238 614 G.
2255 558 2325 610 ttae

1342 701 1553 764 exercitationi
1587 699 1705 764 luerint
1735 701 1873 764 adstricti
1905 709 1936 764 et
1964 702 2086 778 addicti,

1343 802 1405 856 tres
1426 795 1587 856 dumtaxat
1608 794 1812 872 antiquiores,
1830 795 1882 874 qui
1906 797 2002 872 gradu
2025 813 2089 858 ma-

1342 888 1460 963 gisterii
1482 887 1604 951 Ordinis
1626 888 1773 966 praedicti
1795 904 1859 951 non
1875 890 1939 952 sint
1959 889 2088 954 aliunde

1342 981 1487 1055 decorati,
1504 982 1726 1058 magistrorum
1742 982 1914 1060 privilegiis
1930 983 2086 1059 truantur,

1342 1074 1454 1151 reliqui
1476 1081 1594 1150 autom,
1616 1076 1641 1137 si
1663 1076 1715 1154 qui
1738 1076 1867 1151 luerint,
1883 1079 2026 1154 quamvis
2041 1095 2088 1140 ce·

1343 1169 1415 1231 teris
1436 1170 1633 1248 qualitatihus
1661 1186 1753 1249 supra
1781 1173 1932 1250 expressis
1957 1173 2087 1250 praediti

1342 1261 1554 1340 reperiantur,
1583 1263 1634 1324 illa
1656 1264 1786 1325 minime
1814 1264 1988 1340 obtineant,
2012 1283 2089 1344 quo-

1343 1371 1441 1433 usque
1462 1371 1517 1432 per
1539 1355 1669 1419 alicuius
1691 1355 1729 1418 ex
1749 1357 1838 1420 dictis
1863 1358 1964 1420 trihus
1985 1361 2089 1422 docto·

1343 1447 1428 1510 rihus
1448 1449 1677 1526 antiquioribus
1702 1466 1823 1512 cessum
1846 1451 1894 1512 vel
1927 1453 2087 1514 decessum

1341 1541 1386 1600 eis
1408 1541 1493 1602 locus
1515 1541 1565 1602 suat
1586 1544 1760 1605 secundum
1782 1543 1925 1606 ordinem
1938 1561 2013 1608 suae
2034 1563 2088 1608 an·

1343 1635 1505 1712 tiquitatis,
1522 1651 1634 1716 nempe
1656 1636 1830 1698 doctoratus
1847 1637 1879 1698 in
1895 1639 2001 1700 eadem
2019 1641 2090 1702 uni-

1343 1727 1504 1803 versitate,
1533 1745 1595 1790 non
1619 1735 1725 1790 autem
1754 1731 1945 1808 antiquitatis
1971 1733 2089 1810 proles-

1341 1819 1437 1883 sionis
1458 1837 1513 1884 seu
1536 1821 1695 1902 lecturae),
1718 1840 1734 1884 a
1749 1824 1837 1886 nobis
1852 1824 1976 1886 concedi
1992 1826 2088 1904 pluri·

1341 1929 1431 1976 mum
1451 1915 1615 1990 desideret,
1638 1925 1732 1995 prout
1752 1917 1789 1980 ab
1808 1919 1864 1980 hac
1884 1917 1995 1982 Sancti
2010 1919 2089 1984 Sede

1341 2017 1372 2070 et
1400 2027 1416 2070 a
1441 2009 1530 2072 nohis
1559 2009 1626 2070 aliis
1657 2011 1839 2072 earumdem
1871 2007 2087 2090 Hispaniarum

1341 2105 1510 2183 provinciis
1521 2103 1642 2168 Ordinis
1658 2104 1804 2184 praedicti
1819 2122 2000 2168 concessum
2014 2108 2089 2171 luis·

1340 2213 1373 2258 se
1394 2197 1518 2258 asserit:
1543 2199 1632 2260 nobis
1653 2206 1814 2277 propterea
1837 2200 1938 2262 dictus
1959 2201 2087 2264 Didaous

1341 2290 1484 2352 assistens
1506 2299 1537 2353 et
1558 2299 1738 2370 procurator
1757 2292 1893 2354 eiusdem
1910 2295 2088 2371 provinciae

1341 2384 2088 2468 norninehumilitersupplicarileoit,utinprae-

1342 2479 1442 2540 missis
1462 2485 1637 2557 opportune
1657 2479 1820 2556 providere
1836 2487 1867 2541 et
1889 2486 1923 2542 ut
1945 2479 2024 2542 inira
2040 2483 2087 2544 in·

1341 2571 1471 2648 dulgere
1488 2573 1525 2633 de
1545 2571 1737 2648 benignitate
1759 2573 1921 2652 apostolica
1942 2574 2087 2652 dignare·

1341 2679 1423 2725 mur.

1358 2779 1361 2784 ¹
1380 2758 1399 2832 ἓ
1420 2759 1448 2819 3.
1467 2757 1528 2820 Nos
1543 2759 1650 2836 igitur,
1666 2759 1807 2822 eiusdem
1822 2759 1924 2823 Oidaci
1945 2763 2087 2825 assisten·
2143 2775 2331 2840 prospector-rs

1343 2851 1379 2912 tis
1405 2859 1435 2913 et
1456 2853 1664 2930 procuratoris
1687 2854 1768 2914 votis
1789 2854 1844 2916 hac
1868 2855 1901 2916 in
1922 2872 1968 2931 re,
1990 2831 2331 2935 quan-'flssiss'ssss'meffs‘f'

1342 2953 1410 3006 tum
1430 2961 1502 3008 cum
1528 2946 1661 3008 Domino
1682 2962 1855 3024 possumus,
1878 2948 2088 3012 favorabiliter

1341 3054 1482 3101 annuere
1504 3040 1657 3116 volentes,
1683 3049 1714 3103 et
1736 3057 1751 3101 a
1776 3043 1938 3120 quibusvis
1966 3059 2088 3106 excom-

1342 3133 1579 3209 municationis,
1610 3135 1820 3214 suspensionis
1852 3145 1883 3198 et
1911 3137 2086 3214 interdicti,

1342 3225 1472 3306 aliisque
1500 3226 1711 3289 ecclesiasticis
1738 3229 1916 3304 sententiis,
1949 3231 2089 3293 censuris

1342 3327 1372 3382 el
1394 3321 1517 3398 poenis,
1541 3337 1555 3381 a
1578 3322 1647 3384 iure
1667 3321 1718 3382 vel
1743 3322 1781 3383 ab
1810 3323 1951 3397 homine,
1979 3325 2088 3402 quavis

1341 3415 1499 3476 occasione
1520 3414 1570 3476 vel
1592 3415 1679 3477 causa
1694 3414 1775 3490 latis,
1790 3417 1815 3478 si
1832 3417 1943 3494 quibus
1959 3433 2088 3495 quomo·

1341 3508 1455 3572 dollhet
1471 3509 1608 3592 innodati
1625 3509 1774 3584 existunt,
1788 3511 1824 3572 ad
1839 3510 1986 3573 ellectum
2001 3527 2088 3591 prae·

1341 3604 1477 3665 sentium
1507 3603 1665 3665 dumtaxat
1687 3605 1952 3681 consequendum,
1976 3606 2088 3668 harum

1341 3695 1422 3758 serie
1443 3695 1636 3758 absolventes
1658 3704 1689 3758 et
1710 3697 1865 3760 absolutos
1879 3698 1944 3759 lore
1959 3715 2086 3761 censen-

1342 3799 1398 3866 tes,
1411 3789 1875 3868 huiusmodisupplicationibus
1887 3791 2086 3868 inclinati‚ut

1342 3892 1403 3946 tres
1429 3883 1587 3946 dumtaxat
1614 3883 1807 3961 antiquiores
1828 3885 1967 3947 doctores
1989 3887 2086 3948 dictae

1342 3977 1551 4039 universitatis
1579 3977 1768 4052 blexicanae,
1792 3979 1824 4040 in
1846 3978 1959 4057 quibus
1980 3994 2086 4058 supra·

1341 4069 1439 4133 dictae
1459 4071 1653 4132 conditiones
1669 4077 1699 4132 et
1714 4071 1934 4134 declarationes
1955 4089 2086 4135 concur-

1340 4164 1451 4238 rerint,
1465 4163 1548 4224 inter
1562 4164 1726 4240 magistros
1747 4165 1925 4242 provinciae
1947 4173 1978 4228 et
2000 4165 2087 4229 Ordi-

1341 4255 1389 4316 nis
1409 4256 1636 4334 praedictorum
1659 4257 1917 4333 adnumerentur,
1933 4269 1965 4321 et
1982 4261 2026 4322 uti
2043 4267 2086 4322 ta·

1341 4350 1385 4411 les
1397 4350 1579 4425 habeantur,
1593 4351 1774 4413 auctoritate
1786 4349 1960 4430 apostolica,
1977 4360 2087 4415 tenore

1339 4443 1562 4520 praesentium,
1581 4444 1746 4505 statuimus
1768 4451 1800 4506 et
1821 4445 2012 4521 ordinamus
2029 4448 2086 4508 eis·

1340 4536 1474 4614 demque
1492 4537 1590 4598 trihus
1605 4535 1832 4614 antiquioribus
1846 4537 2033 4614 doctoribus,
2051 4549 2087 4604 ut

1339 4629 1484 4691 omnihus
1507 4637 1537 4692 et
1557 4630 1688 4706 siugulis
1709 4630 1892 4708 privilegiis,
1914 4631 2084 4710 favoribus,

1340 4723 1571 4800 praerogativis,
1588 4723 1853 4802 praeeminentiis,
1871 4726 1978 4801 gratiis
1994 4734 2024 4788 et
2039 4727 2085 4788 ln-

1338 4815 1447 4890 dultis,
1471 4833 1504 4878 ac
1532 4815 1702 4878 honoribus
1723 4823 1754 4877 ct
1776 4818 1938 4893 oneribus,
1972 4821 2085 4897 quibus

1338 4909 1433 4970 ceteri
1455 4909 1633 4987 provinciae
1646 4918 1678 4971 et
1693 4909 1815 4972 Ordinis
1830 4911 2006 4973 huiusmodi
2023 4928 2086 4974 ma-

1339 5001 1426 5078 gistri
1453 5011 1516 5063 tam
1538 5003 1575 5064 de
1596 5004 1675 5077 iure,
1699 5019 1758 5064 usu
1787 5011 1816 5065 et
1844 5007 2083 5080 consuetudine,

1338 5111 1430 5172 quam
1453 5095 1525 5157 alias
1546 5097 1778 5174 quomodolibet
1799 5105 1946 5174 utuntur,
1974 5097 2085 5161 lruun-

1338 5197 1390 5250 tur
1411 5197 1442 5250 et
1464 5191 1615 5265 gaudent,
1639 5207 1672 5252 ac
1694 5191 1740 5252 uti
1762 5198 1793 5252 et
1814 5189 1876 5252 lrui
1899 5199 1929 5252 et
1950 5191 2086 5267 gaudere

1338 5293 1468 5362 possunt
1489 5292 1520 5344 et
1537 5289 1685 5361 poterunt
1706 5283 1938 5361 quomodolibet
1954 5285 1986 5344 in
2001 5284 2084 5346 lutu-

1338 5393 1428 5450 rum,
1451 5376 1508 5452 uti,
1533 5375 1593 5437 lrui
1614 5385 1646 5437 ot
1667 5376 1801 5451 gaudere
1830 5377 1926 5438 libere
1948 5385 1980 5438 et
2001 5377 2085 5440 licite

1337 5471 1454 5546 possint
1474 5469 1659 5545 etvaleanl,
1676 5470 1753 5532 dicta
1775 5471 1957 5533 auctoritate
1977 5487 2086 5534 conce·

1337 5561 1439 5624 dimus
1461 5569 1492 5623 ot
1514 5561 1723 5638 indulgemus.

1376 5657 1394 5732 ἓ
1415 5655 1444 5717 [ι.
1468 5655 1685 5731 Decernentes,
1708 5657 1829 5719 easdem
1844 5664 2020 5736 praesentes
2034 5656 2084 5718 lit·
2116 5671 2202 5732 ,nanc
2221 5683 2322 5736 copem-

1339 5756 1418 5810 teras
1443 5763 1565 5828 semper
1592 5749 1713 5824 lirmas,
1745 5750 1858 5812 validas
1887 5759 1918 5812 et
1947 5752 2082 5813 efficaces
2101 5727 2321 5836 :fffflmfflssffi

1337 5843 1470 5904 existere
1491 5850 1523 5904 ct
1544 5841 1626 5918 lore,
1648 5859 1782 5922 suosque
1808 5843 1960 5923 plenarios
1981 5851 2013 5906 et
2033 5845 2081 5906 in·
2100 5831 2217 5888 vigorem
2226 5833 2321 5881 nauem

1338 5943 1440 6016 teqros
1472 5936 1598 5998 allectus
1621 5937 1726 5999 sortiri
1754 5945 1785 6000 et
1812 5937 1969 6018 obtinere,
1992 5953 2025 6001 ac
2046 5937 2082 6000 il·
2101 5888 2205 5932 smum
