4878 6982
14 685 17 808 l

112 574 175 636 An.
191 576 224 636 (l.
245 572 314 635 lost

148 732 184 778 ne
210 727 326 777 nmina·
384 735 442 783 vn.
465 715 566 802 Super
586 726 696 803 quarto
715 723 854 788 eiusdem
870 725 1090 803 Congregatio-

14 813 16 830 .
102 784 327 840 rtoueeleamasy-

102 845 166 886 „aa
345 817 394 878 nis
415 818 548 892 decreto,
572 834 632 897 quo
654 819 836 898 prohibetur
856 821 1016 896 sacerdoti,
1035 819 1089 899 qui

345 911 479 990 suscepit
510 912 634 974 missam
666 912 878 975 celebrandam
906 929 976 976 cum
1008 913 1089 976 certa

345 1005 555 1084 eleemosyna,
588 1021 628 1066 ne
658 1007 796 1068 eamdem
824 1007 949 1068 missam
981 1006 1088 1081 alteri,

346 1107 431 1180 parte
462 1100 600 1162 eiusdem
628 1101 842 1178 eleemosynae
868 1099 925 1162 sibi
950 1102 1088 1176 retenta,

345 1194 557 1256 celebrandam
580 1195 761 1268 committat,
785 1196 955 1273 quaeritur,
969 1211 1007 1256 an
1022 1211 1091 1274 per-

346 1288 537 1350 mittendum
557 1289 597 1349 sit
624 1289 924 1350 administratoribus
952 1289 1091 1351 ecclesia-

346 1397 430 1456 rum,
448 1388 481 1443 ut
501 1380 657 1442 retineant
673 1381 806 1460 aliquam
822 1382 1090 1460 eleemosynarum

346 1476 523 1554 portionem
544 1490 599 1553 pro
621 1475 762 1552 expensis
776 1475 1022 1537 manutentionis
1044 1489 1092 1536 ec-

348 1568 469 1643 clesiae,
491 1567 648 1641 altarium,
666 1569 917 1643 inservientium,
933 1585 1091 1648 paramen-

347 1670 472 1738 lorum,
496 1661 674 1737 luminum,
707 1663 791 1738 vini,
814 1663 931 1724 hostiae
955 1669 986 1723 et
1007 1662 1092 1723 simi·

349 1756 446 1819 liuml

388 1867 457 1912 ιιιι.
482 1855 531 1912 ιι
553 1855 610 1912 ιιι
631 1852 790 1914 decretum
813 1853 921 1914 babeat
942 1851 1044 1913 locum
1059 1851 1092 1912 iu

350 1945 523 2019 beneficiis,
557 1961 635 2023 quae
665 1945 871 2008 conteruntur
892 1947 924 2006 in
953 1944 1091 2018 titulum,

351 2038 427 2101 idest
447 2055 487 2100 an
519 2045 620 2100 rector
645 2035 803 2115 beneficii,
836 2041 890 2118 qui
918 2046 1017 2117 polest
1039 2055 1093 2116 per

350 2133 445 2195 alium
477 2132 646 2206 celebrare,
680 2139 825 2194 teneatur
846 2133 994 2195 sacerdoti
1015 2132 1092 2194 cele·

350 2225 453 2288 brauti
472 2225 545 2286 dare
565 2225 756 2303 stipendium
769 2229 805 2288 ad
820 2227 971 2288 rationem
994 2225 1093 2288 reddi-

350 2326 443 2380 tuum
464 2317 623 2380 beneficiil

391 2427 422 2470 x.
446 2410 495 2472 Αι
522 2411 710 2487 sacerdotes,
733 2413 844 2491 quibus
865 2412 1030 2491 aliquando
1051 2411 1093 2472 ol·

351 2503 452 2566 lertur
477 2503 673 2583 eleemosyna
700 2507 797 2567 maior
824 2505 910 2567 solita
939 2523 995 2584 pro
1016 2505 1096 2567 cele-

352 2597 493 2659 bratione
513 2597 635 2673 missae,
652 2599 782 2661 debeant
804 2600 876 2661 dare
894 2600 1034 2662 eamdem
1048 2598 1097 2659 in-

354 2696 473 2765 tegram
494 2688 723 2766 eleemosynam
745 2691 781 2752 iis
796 2691 907 2768 quibus
927 2691 1034 2751 missas
1048 2705 1097 2751 ce-

353 2782 511 2844 lebrandas
532 2785 751 2856 committunt;
774 2800 813 2845 an
828 2785 899 2844 satis
919 2785 957 2844 sit
972 2791 1007 2843 ut
1022 2785 1097 2844 dent

353 2877 578 2938 celebrantibus
599 2877 828 2955 eleemosynam
849 2880 1048 2939 consuetaml

121 2967 335 3068 manuffluiiisssgi
394 2985 437 3031 ιιι.
463 2967 563 3048 Super
583 2971 692 3048 quinto
717 2972 854 3034 eiusdem
876 2971 1096 3048 congregatio-

123 3077 288 3136 quouunun.
355 3066 403 3128 nis
423 3065 558 3138 decreto,
580 3081 642 3142 quo
663 3065 747 3126 inter
761 3072 862 3127 cetera
884 3065 1030 3126 statuitur
1043 3081 1097 3143 per

355 3161 429 3221 baec
449 3159 542 3220 verba
563 3158 772 3235 eleemosynas
793 3174 864 3220 cero
886 3158 1052 3220 manuales
1068 3164 1098 3219 at

355 3253 562 3333 quotidianos
577 3267 634 3328 pro
650 3251 756 3312 missis
772 3249 968 3314 celebrandis
984 3253 1032 3313 lta
1048 3251 1099 3314 tle-

354 3363 442 3409 rnnm
459 3345 555 3408 iidem
577 3346 719 3421 accipere
741 3345 875 3422 possint,
898 3345 926 3406 si
949 3343 1097 3408 oneribus

355 3449 452 3504 anteo
472 3439 631 3516 impositis
656 3439 705 3500 ito
726 3439 959 3518 satisfecerint,
982 3443 1020 3500 nt
1044 3456 1099 3500 no-

354 3552 394 3596 ea
415 3549 534 3612 quoqne
556 3529 651 3594 onera
673 3529 759 3595 obire
780 3533 931 3605 aateanr,·
952 3532 1097 3610 alioquin

357 3628 484 3688 omnino
505 3625 690 3689 abstineant
705 3625 744 3689 ab
766 3625 951 3688 taclnsnodt
973 3627 1099 3687 elcemo-

356 3721 463 3798 syrtis,
491 3721 590 3783 attan
611 3727 721 3798 sponte
743 3719 858 3784 oblatis
884 3721 919 3782 in
941 3722 1098 3801 fatorum

357 3814 566 3891 recipiendis,
589 3821 619 3875 et
648 3814 795 3891 capsulas
818 3816 993 3891 auferant,
1015 3821 1096 3886 ete,

357 3908 527 3985 quaeritur,
549 3923 587 3968 an
609 3907 666 3969 boe
687 3909 847 3970 decretum
869 3908 1027 3986 probibeat
1049 3909 1098 3969 ab·

356 4001 468 4078 solute,
490 4001 655 4079 quominus
678 4001 825 4080 accipiant
851 4018 945 4064 novas
967 4002 1098 4064 eleemo-

357 4111 447 4174 synas
468 4095 490 4156 ii
510 4095 564 4173 qui
585 4095 714 4173 acceptis
735 4111 798 4157 non
820 4096 1051 4172 satisfecerunt3
1068 4105 1099 4158 et

358 4190 442 4268 quid,
458 4189 484 4250 si
498 4203 636 4264 congruo
658 4195 797 4268 tempore
817 4189 934 4268 possint
955 4191 1098 4252 omnibus

357 4281 547 4344 satisfaceret
911 4287 912 4290 ’

397 4391 454 4436 ιιι.
477 4373 565 4450 Quid,
588 4375 614 4435 si
635 4374 767 4437 otierens
797 4377 1017 4455 eleemosynas,
1047 4395 1099 4439 au·

358 4469 421 4530 dito
440 4468 679 4547 impedimento,
709 4469 879 4532 consentiat
904 4477 940 4532 ut
960 4473 1099 4534 sacerdos

358 4563 483 4624 missam
503 4561 638 4623 celebret
658 4577 729 4623 cum
751 4563 886 4640 primum
908 4566 1039 4642 poteritt

398 4671 468 4717 ιιιι.
492 4657 541 4717 tn
563 4670 660 4734 poena
681 4655 837 4718 interdicti
857 4664 889 4718 et
914 4658 989 4720 aliae
1010 4675 1100 4738 appe

359 4750 434 4812 sitae
454 4749 487 4811 in
515 4749 625 4810 eodem
655 4747 778 4812 decreto
809 4750 940 4813 afficiant
965 4759 1027 4814 tam
1048 4768 1100 4814 eos

359 4844 413 4922 qui
433 4842 586 4921 accipiunt
607 4841 816 4920 eleemosynas
841 4853 948 4907 eontra
969 4845 1100 4908 iormam

360 4937 402 4998 ibi
422 4936 651 5014 praescriptam,
674 4951 766 5014 quam
788 4953 839 4998 eos
861 4938 915 5016 qui
937 4953 1000 5001 uon
1018 4937 1101 5001 aule·

359 5037 435 5092 runt
454 5029 589 5109 capsulas
610 5029 647 5091 ab
668 5029 815 5107 ecclesiis,
832 5038 866 5093 ut
881 5031 995 5095 ibidem
1017 5049 1101 5112 prae·

361 5122 491 5201 cipiturt

400 5233 465 5279 ιιι.
488 5218 536 5279 An
559 5218 590 5278 in
612 5217 669 5281 boc
690 5217 813 5282 decreto
842 5219 1102 5298 comprehendan-

360 5311 504 5374 turillae
529 5311 685 5389 capsulae,
709 5329 788 5391 quae
807 5313 919 5390 apponi
947 5313 1102 5376 solantia

360 5405 495 5468 ecclesiis
508 5405 542 5465 in
556 5405 605 5467 die
627 5407 934 5476 commemorationis
955 5407 1102 5472 Omnium

361 5498 564 5575 Sanctorum,
588 5505 618 5561 et
639 5499 733 5578 vulgo
765 5499 911 5563 dicuntur
939 5501 1032 5564 cassa
1054 5501 1102 5562 dei

362 5593 483 5655 morti?

400 5703 453 5749 xv.
475 5686 524 5749 An
541 5686 801 5750 administratores
816 5688 960 5752 ecclesiae
974 5704 1105 5766 magnae

362 5781 534 5844 devotionis
554 5788 586 5843 et
607 5797 773 5844 concursus
797 5783 916 5860 possint
937 5783 1105 5860 eleemosy-

362 5891 416 5938 nas
435 5891 492 5956 pro
513 5873 615 5936 missis
635 5873 824 5937 celebrandis
845 5876 991 5955 accipere,
1013 5876 1039 5937 si
1053 5876 1103 5936 iis·

362 5969 433 6034 den
459 5967 560 6032 missis
581 5969 708 6031 nonnisi
735 5976 803 6048 post
825 5968 954 6047 longum
982 5975 1105 6049 tempus

466 6117 519 6168 lar.
533 6117 606 6166 Poan
619 6116 651 6165 da
667 6117 740 6180 Prop.
753 6112 816 6164 Fide
829 6115 912 6166 raras
925 6117 946 6166 l.
959 6115 1014 6166 tlol.
1028 6117 1061 6164 ιι.

970 590 1179 650 innocencius
1200 585 1258 648 ιιι.

1810 560 1864 639 lli
1915 562 2013 630 tuo.
2034 555 2103 624 teat

1143 722 1314 785 satisfacere
1336 719 1468 796 valeant,
1483 733 1524 784 ne
1539 717 1610 782 allas
1625 715 1726 784 cultus
1740 713 1886 779 ecclesiae

1145 825 1174 881 et
1196 819 1319 881 devotio
1334 834 1366 879 ao
1387 832 1554 880 concursus
1569 813 1720 888 fidelium,
1736 817 1772 873 ut
1786 811 1885 884 aiunt,

1144 913 1346 974 minuanturl

1184 1023 1249 1068 ιιι.
1272 1006 1347 1080 Quia
1369 1004 1535 1082 prohibitio
1550 1004 1621 1067 dicti
1636 1001 1750 1066 decreti
1764 999 1888 1062 videtur

1145 1101 1297 1179 aliquibus
1309 1099 1422 1160 directa
1437 1098 1508 1161 solis
1520 1097 1671 1176 capitulis,
1681 1093 1830 1171 collegiis,
1842 1108 1888 1152 so-

1145 1193 1316 1269 cietatibus
1333 1191 1635 1272 congregationibus,
1652 1205 1772 1252 necnon
1789 1187 1890 1249 omni-

1146 1288 1201 1350 bus
1223 1294 1254 1348 et
1275 1287 1407 1364 singulis
1429 1285 1628 1348 ecclesiarum
1649 1290 1680 1344 et
1701 1283 1824 1361 piorum
1846 1279 1891 1340 lo-

1146 1396 1252 1444 corum
1276 1387 1337 1441 tam
1362 1379 1564 1442 saecularium
1586 1393 1677 1455 quam
1698 1374 1890 1452 regularium

1146 1473 1365 1552 superioribus,
1389 1471 1560 1551 dequibus
1582 1473 1616 1532 tit
1638 1485 1778 1550 expressa
1803 1482 1890 1529 men-

1147 1567 1200 1642 tio,
1224 1573 1410 1629 nouantem
1438 1565 1563 1644 privatis
1590 1564 1814 1636 sacerdotibus,
1837 1561 1890 1639 qui

1147 1669 1250 1722 tamen
1272 1661 1490 1739 comprehendi
1510 1662 1658 1722 videntur
1677 1659 1734 1721 sub
1754 1656 1890 1721 clausula

1147 1755 1284 1830 generali
1305 1761 1334 1816 et
1357 1756 1433 1817 aliis
1449 1755 1490 1818 ad
1505 1771 1581 1832 qnos
1602 1754 1753 1831 pertinet,
1776 1751 1890 1831 suppli-

1147 1855 1233 1910 catur
1254 1865 1309 1926 pro
1331 1850 1503 1927 opportuna
1524 1848 1741 1910 declaratione.

1187 1957 1263 2002 ιιιι.
1288 1943 1387 2020 Super
1401 1943 1532 2020 septimo
1547 1941 1685 2003 eiusdem
1696 1956 1797 2002 sacrae
1812 1941 1891 2002 Con·
1961 1939 1996 1984 oa
2014 1947 2120 1988 numero

1148 2036 1336 2111 gregationis
1358 2037 1493 2111 decreto,
1510 2052 1571 2114 quo
1591 2043 1719 2098 caretur
1734 2041 1768 2097 ut
1783 2035 1815 2095 in
1829 2033 1892 2094 sin·
1909 1991 2121 2108 ἕῗιῗᾶῗῗὲἱῖῗιῗῖ

1147 2127 1227 2203 gulis
1248 2129 1443 2190 monasteriis
1465 2127 1681 2206 religiosorum
1703 2127 1890 2206 praefigatur
1909 2098 1964 2145 '³¹¹⁵'

1148 2237 1314 2295 numerus,
1337 2222 1390 2300 qui
1412 2238 1451 2283 ιι
1472 2223 1626 2284 consuetis
1647 2219 1817 2283 redditibus
1839 2227 1891 2282 aut

1147 2317 1352 2394 eleemosynis
1384 2319 1544 2380 commode
1578 2316 1672 2395 possit
1706 2316 1889 2390 sustentari,

1148 2409 1317 2489 quaeritur,
1341 2427 1379 2472 an
1402 2411 1455 2472 ubi
1476 2411 1550 2472 haec
1571 2410 1717 2488 praeilsio
1738 2409 1815 2470 lacta
1830 2409 1891 2470 iam

1148 2502 1207 2563 luit
1229 2502 1261 2563 in
1283 2503 1349 2563 vim
1369 2503 1478 2564 similis
1495 2504 1610 2565 decreti
1632 2511 1753 2564 sanctae
1774 2517 1892 2563 memo-

1149 2595 1212 2656 riae
1232 2595 1318 2658 Pauli
1339 2594 1390 2671 V„
1408 2597 1523 2674 absque
1542 2605 1647 2658 tamen
1663 2596 1891 2673 computatione

1150 2689 1328 2750 reddituum
1349 2691 1499 2768 cuiusque
1520 2690 1667 2768 religiosi,
1684 2690 1723 2751 sit
1735 2691 1836 2753 denuo
1851 2688 1892 2750 ia-

1150 2782 1268 2856 cienda,
1291 2787 1409 2845 necuel

1190 2891 1279 2937 ιιιιι.
1299 2875 1346 2938 An
1367 2877 1491 2953 novitii,
1510 2879 1547 2940 ad
1561 2879 1701 2940 habitum
1717 2878 1893 2955 regularem

1150 2969 1284 3046 admissi,
1297 2972 1414 3050 possint
1436 2972 1556 3034 admitti
1572 2973 1607 3035 ad
1622 2972 1845 3050 professionem
1861 2973 1893 3034 in

1151 3065 1363 3140 monasteriis,
1397 3066 1583 3144 inquibus,
1616 3066 1719 3128 habita
1740 3077 1775 3128 ut
1802 3083 1894 3146 supra

1151 3158 1340 3236 praefixione
1360 3159 1495 3233 numeri,
1519 3159 1682 3221 commode
1696 3159 1734 3220 ali
1750 3175 1813 3220 ιιι
1828 3175 1894 3238 pos-

1151 3255 1245 3312 suntt

1191 3361 1257 3408 ιιι.
1282 3347 1381 3424 Super
1404 3346 1524 3422 ultimo,
1541 3339 1603 3424 quio
1624 3353 1751 3409 cavetur
1773 3354 1809 3409 ut
1824 3347 1894 3409 nul·
1914 3343 2124 3456 apssgffissmffl‘

1152 3441 1206 3502 libi
1217 3441 1407 3519 recipiantur
1422 3449 1594 3503 conventus
1605 3442 1809 3519 regularium,
1823 3443 1894 3518 nisi,
2043 3433 2048 3444 '

1152 3541 1273 3612 praeter
1294 3535 1350 3595 alia
1372 3535 1458 3596 adid
1480 3535 1638 3612 requisita,
1661 3536 1822 3598 duodecim
1839 3535 1896 3598 sal·

1153 3637 1217 3688 tem
1237 3627 1345 3688 iratres
1374 3627 1471 3688 ineis
1492 3629 1605 3705 degere
1626 3637 1656 3691 et
1683 3637 1897 3708 competenter

1152 3721 1319 3782 sustentari
1348 3721 1485 3796 valeant,
1514 3721 1591 3784 itaut
1612 3723 1749 3800 alioquin
1775 3723 1896 3785 subsint

1153 3813 1357 3875 iurisdictioni
1388 3814 1572 3890 ordinariae,
1598 3817 1758 3894 quaeritur
1779 3833 1817 3878 an
1839 3817 1896 3878 ιιι

1153 3907 1326 3982 decretum,
1350 3907 1430 3985 quod
1452 3907 1577 3970 ridetur
1592 3908 1710 3971 editum
1732 3910 1765 3970 in
1787 3908 1897 3972 ordine

1151 4001 1187 4062 ad
1209 3997 1448 4061 celebrationem
1465 4001 1639 4078 missarum,
1656 4003 1897 4081 comprehendat

1152 4107 1201 4153 eas
1216 4093 1392 4169 religiones,
1408 4109 1487 4172 quae
1501 4109 1564 4156 non
1580 4103 1809 4158 consueverunt
1824 4113 1897 4159 one-

1154 4203 1186 4248 ra
1207 4187 1369 4248 missarum
1403 4187 1550 4265 recipere,
1572 4197 1608 4249 ut
1628 4195 1702 4252 sunt
1730 4190 1897 4268 religiones

1154 4279 1398 4358 Gapuccinorum
1418 4296 1451 4341 ac
1470 4281 1627 4344 Societatis
1649 4283 1737 4346 lesui

1194 4373 1321 4436 Ultimo.
1344 4373 1393 4436 Αι
1421 4373 1502 4436 idem
1524 4376 1701 4452 decretum,
1724 4378 1776 4440 ubi
1798 4379 1898 4458 dispo·

1154 4469 1216 4543 nit,
1240 4475 1278 4531 nt
1306 4465 1424 4530 nntlibi
1455 4467 1660 4546 recipiantur
1680 4473 1895 4545 monasterie,

1154 4563 1231 4634 nisi,
1254 4569 1327 4633 etc,
1350 4561 1458 4623 babeat
1486 4561 1588 4623 locum
1610 4563 1642 4624 in
1664 4564 1750 4624 ltalia
1777 4567 1898 4628 dumta-

1153 4663 1216 4731 xat,
1238 4653 1274 4715 ad
1295 4669 1388 4733 quam
1403 4661 1448 4716 est
1463 4655 1640 4718 restrictum
1652 4657 1811 4720 decretum
1829 4675 1897 4738 pro·

1154 4751 1237 4812 xime
1259 4749 1453 4824 antecedens,
1469 4765 1507 4810 an
1530 4766 1603 4811 vero
1625 4752 1718 4812 etiam
1739 4759 1824 4814 extra
1840 4753 1897 4816 ita·

1153 4843 1269 4906 liam».

1195 4939 1316 5003 «Sacra
1337 4939 1544 5016 congregatio
1559 4937 1767 5004 cardinalium
1791 4942 1899 5005 Conci·
1940 4947 2128 5018 occlarauopes

1155 5033 1188 5094 lii
1210 5033 1386 5096 Tridentini
1408 5033 1628 5112 interpretum,
1645 5035 1826 5096 auctoritate
1840 5035 1898 5098 sibi
1916 5013 1962 5122 ῗιθρῗ
1983 5014 2127 5119 ἶιῗῗρὲἒῖἷὲἶ

1155 5127 1383 5188 asanctissimo
1404 5127 1530 5189 domino
1551 5133 1657 5189 nostro
1681 5127 1838 5204 attributi,
1862 5131 1898 5192 ad
1917 5111 1986 5161 “¹⁰²²
1999 5117 2086 5168 auara.

1156 5221 1277 5298 singula
1298 5221 1390 5284 dubia
1417 5221 1558 5299 superius
1580 5221 1732 5300 proposita
1757 5221 1898 5286 adhunc

1157 5316 1285 5377 modum
1305 5315 1474 5392 respondit,
1497 5315 1657 5377 videlicet:

1196 5408 1241 5469 nd
1263 5424 1284 5468 1.
1310 5407 1375 5470 Etsi
1402 5407 1539 5484 legatum
1559 5409 1606 5476 sit.
1623 5411 1697 5472 adeo
1718 5417 1829 5487 tenue,
1853 5412 1899 5474 ni-

1156 5501 1327 5564 hilominus
1347 5516 1402 5580 pro
1424 5501 1605 5564 reductione
1629 5505 1731 5566 oneris
1753 5513 1900 5584 utsupra

1157 5595 1304 5674 impositi,
1326 5593 1436 5670 abiis,
1459 5596 1495 5658 ad
1516 5613 1592 5674 quos
1613 5598 1765 5676 pertinet,
1789 5599 1900 5662 Sedem

1158 5687 1361 5766 Apostolicam
1389 5705 1454 5750 esse
1476 5685 1664 5766 adeundam,
1687 5707 1765 5770 quae
1786 5693 1899 5770 absque

1158 5781 1220 5844 ulla
1241 5781 1378 5859 impensi
1393 5782 1423 5844 id
1437 5789 1551 5845 statuet
1573 5785 1654 5862 quod
1675 5784 1772 5861 magis
1793 5785 1826 5848 in
1842 5787 1900 5847 Do·

1158 5873 1244 5936 mino
1266 5889 1283 5935 e
1304 5891 1339 5936 re
1360 5891 1423 5936 esse
1446 5875 1637 5939 iudicaverit.
1662 5875 1898 5954 Verumtamen,

1158 5968 1182 6029 si
1198 5967 1230 6030 in
1245 5968 1309 6046 ipsa
1329 5969 1470 6032 beneficii
1492 5971 1648 6033 erectione
1669 5987 1810 6052 expresse
1830 5989 1899 6036 eau-

1768 6121 1796 6171 se
