4866 6980
940 570 1149 620 impoenitente
1170 567 1216 620 lit.

296 694 331 750 ut
345 687 456 750 iratres
470 689 543 752 dicti
558 689 680 754 Ordinis
695 691 774 753 intra
791 691 949 756 ecclesiam
965 692 1043 754 eius·

295 781 364 844 dem
386 782 542 861 sepulchri
559 791 683 862 possent
698 785 846 850 continue
860 787 1043 847 commorari

295 881 326 936 et
347 875 461 936 ibidem
479 877 643 940 missarum
657 878 809 940 solemnia
824 885 854 940 et
869 880 926 941 alia
941 880 1044 943 divina

296 969 392 1031 cisreia
422 970 605 1032 solemniter
635 971 802 1046 celebrare,
830 980 860 1034 et
887 973 947 1034 iam
968 975 1045 1035 certi

295 1061 404 1124 iratres
435 1062 557 1126 Ordinis
587 1064 732 1144 praedicti
760 1066 921 1128 actualiter
942 1073 1044 1128 essent

296 1155 420 1232 ibidem,
433 1157 596 1236 dictusque
610 1159 758 1222 suldanus
773 1161 976 1223 coenaculum
988 1161 1045 1222 lto-

296 1249 372 1310 mini
394 1257 424 1311 et
446 1249 606 1329 capellam,
626 1253 657 1314 in
678 1270 737 1331 qua
752 1253 896 1330 apostolis
912 1255 1044 1333 Spiritus

295 1341 425 1404 Sanetus
440 1346 591 1421 apparuit,
608 1352 638 1406 et
653 1346 745 1406 aliam
760 1348 920 1424 capellam,
939 1349 969 1408 in
985 1365 1044 1426 qua

295 1435 446 1510 Christus,
471 1437 558 1500 heato
580 1438 696 1500 ‘lhoma
719 1446 891 1516 praesente,
909 1447 975 1518 post
998 1457 1044 1502 re·

285 1530 520 1606 surrectionem
550 1547 636 1592 suam
666 1533 808 1610 apostolis
836 1550 868 1594 se
895 1535 1042 1610 ostendit,

294 1621 360 1696 regi
381 1628 412 1684 et
434 1623 561 1700 reginae
591 1627 789 1687 concessisset
821 1629 952 1704 eisdem3
981 1627 1043 1706 ipsa

293 1731 368 1776 vero
396 1717 503 1792 regina
538 1717 637 1778 locum
670 1719 856 1781 aedificasset
886 1721 916 1781 in
942 1723 1044 1784 llcnte

294 1808 380 1883 Sion,
403 1810 485 1870 intra
506 1827 598 1887 quem
620 1813 822 1876 coenaculum
839 1823 869 1876 et
884 1815 982 1876 «lictae
996 1833 1043 1876 ea-

293 1901 391 1980 pellae
412 1905 467 1964 sita
489 1914 590 1977 erant,
614 1906 664 1966 uhi
687 1907 831 1968 videlicet
848 1907 957 1971 iratres
971 1909 1043 1970 dicti

293 1996 415 2058 Ordinis
436 1998 610 2074 sumptibus
626 2000 758 2078 propriis
771 2001 920 2064 continue
936 2010 1043 2063 tenere

294 2087 471 2151 intendebat
498 2091 534 2152 ad
564 2092 708 2154 divinum
737 2094 921 2171 obsequium
944 2095 975 2156 in
997 2111 1043 2155 se-

293 2182 423 2260 pulchro
441 2191 472 2245 et
486 2185 552 2246 aliis
567 2187 728 2263 praedictis
744 2187 818 2248 locis
832 2189 1043 2250 sacratissimis

294 2275 551 2356 impendendum,
574 2295 608 2340 ac
631 2287 692 2342 tres
713 2295 858 2358 personas
872 2281 1042 2344 saeculares

293 2368 387 2430 etiam
408 2387 486 2448 quae
509 2372 581 2448 ipsis
602 2371 748 2434 iratribus
768 2376 923 2436 servirent
944 2384 975 2436 et
990 2393 1043 2437 ue-

292 2463 420 2522 cessoria
441 2463 706 2543 administrarent)
734 2467 831 2528 ielicis
859 2467 1042 2528 recordatio·

293 2556 341 2617 nis
363 2555 507 2618 Clemens
528 2558 605 2636 Papa
622 2558 672 2635 V.,
689 2561 903 2638 praedeeessor
924 2569 1041 2636 noster,

292 2647 403 2710 rolens
433 2652 616 2712 eorumdem
644 2655 726 2729 regis
748 2660 779 2714 et
807 2655 934 2730 reginae
962 2656 1042 2716 votis

291 2749 324 2803 et
344 2744 505 2806 desideriis
525 2762 678 2820 annuere,
702 2748 840 2822 generali
862 2757 892 2810 et
915 2749 1041 2811 Terrae-

177 2885 187 2908 ,
292 2834 405 2898 laboris
425 2837 549 2900 Ordinis
574 2841 719 2917 praedicti
742 2841 904 2916 ministris,
927 2849 958 2902 et
978 2843 1041 2903 cui·

292 2925 369 2990 libe't
389 2945 510 3005 eorum,
533 2933 663 2994 vocandi
685 2941 760 2995 tune
780 2941 811 2995 et
833 2934 866 2995 in
881 2943 1042 3012 posterum

292 3022 327 3082 ad
349 3038 459 3084 eorum
480 3025 687 3101 praesentiam
714 3027 896 3090 auctoritate
924 3035 1042 3107 aposto·

292 3113 359 3188 lira,
388 3115 424 3176 ((1
453 3117 690 3195 requisitionem
721 3121 875 3183 dictorum
908 3123 990 3198 regis
1011 3131 1042 3182 ut

292 3207 430 3284 reginae,
453 3209 502 3271 vel
523 3210 653 3272 alieuius
681 3228 789 3276 eorum
815 3223 868 3276 (111
888 3229 1041 3277 suceesso-

292 3317 364 3362 rum
395 3319 536 3378 suorum,
559 3305 597 3366 de
627 3306 755 3368 consilio
785 3309 946 3370 seniorum
967 3307 1041 3370 dicti

292 3393 426 3470 Ordinis,
448 3395 557 3459 imtres
579 3398 705 3460 idoneos
726 3409 757 3462 et
777 3403 904 3462 devotos
923 3401 961 3463 de
977 3408 1041 3464 toto

292 3485 417 3562 Ordine,
450 3504 548 3568 usque
577 3491 612 3554 ((1
638 3500 761 3554 certum
792 3509 974 3569 numerum,
1004 3495 1041 3556 de

292 3579 416 3656 quibuS,
445 3583 634 3645 considerata
666 3584 814 3664 qualitate
843 3587 972 3664 negotii,
996 3589 1040 3648 vi-

292 3671 409 3735 dissent
429 3675 587 3754 expedire,
611 3687 642 3740 et
663 3693 715 3739 eos
736 3681 772 3742 ad
790 3682 992 3744 serviendum
1008 3684 1040 3744 in

292 3762 419 3842 diuinis,
442 3773 507 3829 tam
529 3769 561 3830 in
583 3770 709 3832 ecclesii
730 3773 802 3835 dieti
816 3775 972 3853 sepulchri
988 3777 1040 3838 do-

293 3857 413 3934 minici,
436 3877 529 3940 quam
551 3863 584 3924 in
604 3881 690 3926 sacro
711 3868 876 3929 coenaculo
898 3875 929 3930 et
944 3871 1040 3948 capel-

292 3949 330 4012 lis
349 3954 512 4032 praedietis
533 3956 647 4035 (habita
668 3960 753 4037 prius
769 3959 989 4024 iniormatione
1004 3965 1041 4026 de

293 4047 470 4110 conditione
491 4048 625 4114 fratrum
647 4052 797 4130 ipsorum,
813 4071 891 4133 quos
906 4057 1040 4118 vocavis-

292 4145 374 4214 sent,
397 4157 413 4202 a
434 4141 587 4206 ministris
607 4145 848 4224 provincialibus
869 4148 1043 4212 (111110111-

294 4231 342 4293 nis
363 4235 447 4298 unde
469 4235 578 4299 iratres
599 4237 656 4318 ipsi
679 4255 735 4318 pro
752 4247 892 4320 tempore
906 4259 1041 4306 assume-

294 4328 430 4407 rentur),
454 4331 633 4408 deputandi,
656 4349 769 4413 eosque
791 4338 827 4398 ad
852 4344 953 4414 partes
975 4337 1040 4399 illas

292 4423 477 4498 destinandi,
500 4440 533 4486 ac
553 4425 648 4488 etiam
669 4427 743 4489 alios
764 4445 801 4490 ex
828 4429 892 4508 ipso
913 4431 1038 4506 Ordine,

291 4533 363 4580 cum
384 4517 479 4597 aliqui
499 4519 604 4580 exeis
625 4519 819 4596 deiecissent,
853 4521 943 4586 toties
965 4541 1040 4603 quo-

291 4610 349 4672 ties
370 4610 541 4689 expediret,
562 4611 762 4688 subrogandi,
779 4631 812 4676 ao
833 4617 877 4677 eis
898 4617 989 4681 dandi
1006 4619 1040 4680 li·

290 4703 424 4764 rentiam
446 4703 560 4766 ibidem
587 4707 812 4782 commorandi,
834 4711 1040 4773 contradicto-

290 4812 339 4858 res
362 4812 488 4875 quoque
512 4813 567 4876 per
598 4815 762 4860 censuram
791 4800 1038 4880 eeclesiasticam,

289 4889 493 4968 appellatione
520 4891 698 4970 postposita,
727 4894 952 4970 compescendi,
976 4897 1039 4974 ple·

289 4998 362 5044 nana
384 4992 416 5046 et
437 4983 576 5061 liberam,
598 4985 657 5047 suh
677 4987 769 5048 certis
790 4987 926 5050 modoet
941 4989 1038 5052 iormri

289 5083 365 5140 tunc
376 5080 539 5156 expressis,
552 5080 701 5142 concessit
713 5079 901 5158 laenitatem,
912 5091 943 5146 et
953 5083 1037 5161 alies,

289 5177 382 5248 prout
396 5171 428 5232 in
444 5171 538 5250 ipsius
550 5172 720 5234 Clementis
734 5175 977 5250 praedecessoris
990 5179 1039 5239 lit-

289 5263 375 5338 teris,
399 5281 444 5328 xa.
465 5264 613 5328 kalendas
642 5266 814 5328 decembris
842 5271 1038 5347 pontificatus

288 5357 337 5418 sui
358 5373 441 5419 anno
462 5373 484 5418 1.
508 5359 639 5438 desuper
660 5361 822 5438 expeditis,
845 5363 971 5426 uberius
994 5365 1037 5427 di-

288 5450 371 5512 eitur
391 5452 555 5514 contineri.

66 5549 271 5651 mffiarfrtgffl
329 5545 398 5620 52.
424 5545 503 5608 Cum
524 5553 640 5622 autem,
663 5549 742 5612 sicut
764 5551 870 5613 eadem
888 5553 1037 5630 expositio

66 5662 270 5760 &maganum
288 5639 509 5717 subiungebat,
526 5640 590 5702 loca
610 5649 714 5704 sancta
735 5645 885 5721 praedicta
905 5645 1038 5708 subinde

289 5749 305 5793 a
327 5733 415 5796 dictis
436 5733 583 5798 iratribus
604 5743 738 5814 quatuor
759 5736 823 5799 lere
843 5738 1037 5802 saeculorum

289 5825 421 5889 decursu
442 5829 594 5891 custodita
615 5827 750 5906 luerint;
773 5831 824 5894 sed
847 5832 964 5895 Turcae
979 5849 1039 5896 nu-

290 5921 435 6001 perillus
456 5921 528 5984 inde
550 5921 699 5986 eiecerint
720 5930 751 5986 et
765 5924 973 5988 schismaticos
988 5943 1039 5990 eo-

396 6069 450 6124 Ittr.
466 6071 534 6120 root.
550 6071 582 6120 de
593 6071 672 6137 drop.
687 6069 749 6120 Fide
763 6073 845 6122 Partis
859 6077 877 6121 1.
892 6073 947 6122 vol.
962 6077 993 6124 11,

1100 709 1172 756 rum
1194 693 1259 756 loeo
1287 693 1530 771 introduxerint,
1553 697 1607 776 qui
1630 695 1680 758 illa
1705 694 1744 758 de
1764 712 1849 774 prae

1100 787 1181 848 senti
1203 787 1345 850 detinent
1366 797 1529 868 occupata,
1559 791 1624 868 ipse
1645 805 1720 851 vero
1741 789 1850 851 Petrus

1101 878 1237 940 Marinus
1258 880 1402 943 minister
1423 882 1576 958 generalis
1589 882 1667 961 (qui,
1684 889 1849 960 antequam

1101 974 1135 1034 ad
1158 973 1371 1048 generalatum
1392 974 1513 1036 Ordinis
1542 975 1688 1052 praedicti
1715 990 1851 1036 assume-

1101 1072 1199 1140 retur,
1221 1065 1432 1144 quinquennii
1454 1067 1551 1144 spatio
1566 1066 1749 1130 eorumdem
1764 1083 1849 1129 sanc-

1102 1167 1205 1220 torum
1226 1158 1365 1220 locorum
1387 1159 1534 1234 regimini
1549 1167 1580 1222 et
1594 1161 1748 1223 custodiae
1764 1175 1851 1239 prae-

1101 1250 1172 1329 luit)
1196 1251 1228 1312 in
1255 1252 1432 1320 visitatione
1461 1252 1693 1328 provinciarum
1725 1253 1849 1314 Germa-

1101 1345 1169 1406 niae
1192 1352 1222 1406 et
1244 1344 1419 1421 Hungariue
1440 1345 1513 1406 dicti
1535 1345 1656 1407 Ordinis
1671 1345 1778 1425 (quam
1794 1362 1850 1408 uu-

1100 1453 1155 1515 per
1176 1438 1283 1511 obivit,
1306 1445 1336 1498 et
1365 1438 1396 1498 in
1419 1438 1506 1499 euius
1538 1440 1671 1500 decursu
1699 1439 1850 1502 vexillum

1100 1529 1227 1592 Sanctae
1249 1530 1355 1592 Crrrcis
1377 1531 1457 1592 intra
1480 1531 1594 1592 limites
1612 1525 1787 1594 conventus
1801 1532 1849 1594 sui

1099 1621 1221 1684 Ordinis
1242 1623 1274 1684 in
1297 1624 1408 1700 oppido
1430 1622 1644 1686 Neuheuselae
1668 1624 1850 1687 christiano·

1100 1731 1171 1776 rum
1200 1717 1292 1776 armis
1315 1733 1331 1776 e
1353 1717 1495 1778 manibus
1524 1719 1698 1780 Turcarum
1727 1719 1850 1782 sortiter

1099 1817 1296 1887 recuperato,
1330 1809 1522 1870 reconciliati
1554 1811 1693 1872 ciusdem
1725 1811 1848 1874 Ordinis

1099 1903 1225 1963 ecelesia
1259 1902 1372 1962 ibidem
1404 1903 1569 1977 existente,
1600 1920 1670 1966 eum
1700 1905 1849 1981 singulari

1098 1996 1195 2056 aniori
1215 1996 1262 2056 sui
1285 1995 1396 2070 gaudio
1419 1995 1580 2074 plantavit)
1608 2013 1681 2059 eum
1702 1998 1851 2077 principi·

1100 2087 1157 2148 hus
1170 2089 1356 2162 christianis,
1370 2104 1454 2148 sacro
1467 2088 1589 2150 loedere
1604 2097 1711 2152 eontra
1725 2093 1850 2152 eosdem

1099 2181 1211 2241 Tureas
1242 2180 1373 2254 sociatis,
1404 2180 1442 2242 do
1470 2179 1613 2259 praelatis
1638 2183 1711 2244 loeis
1736 2185 1878 2252 sanetis,

1099 2280 1129 2334 et
1152 2273 1332 2353 praesertim
1362 2273 1525 2352 sepulchro
1553 2276 1708 2337 dominico
1734 2277 1771 2338 ad
1797 2295 1851 2338 eu-

1097 2367 1228 2428 stodiam
1255 2365 1387 2428 iratrum
1408 2365 1480 2428 dieti
1502 2367 1625 2429 Ordinis
1648 2369 1850 2431 restituendis
1941 2421 1945 2430 .

1098 2459 1186 2525 omni
1215 2460 1318 2522 studio
1348 2459 1459 2534 egerit,
1492 2459 1613 2538 ipsique
1644 2461 1799 2542 principes
1822 2463 1850 2524 ci

1098 2553 1323 2614 declaraverint
1344 2553 1402 2613 sibi
1424 2553 1457 2614 in
1480 2553 1584 2616 animo
1605 2554 1737 2616 tirmiter
1751 2556 1849 2617 lixum

1097 2661 1163 2706 esse
1177 2662 1270 2724 super
1284 2645 1439 2724 praesenti
1455 2645 1536 2707 bello
1552 2663 1624 2709 com
1639 2648 1749 2710 loreis
1763 2665 1850 2728 prae-

1097 2735 1184 2798 dietis
1207 2737 1407 2800 nullomodo
1433 2739 1553 2816 pacisci,
1577 2740 1637 2802 nisi
1658 2740 1741 2802 inter
1763 2756 1851 2818 prae-

1098 2829 1202 2908 cipuos
1223 2831 1368 2892 articulos
1390 2832 1594 2908 reintegratio
1616 2841 1709 2913 atque
1724 2835 1849 2897 restitu-

1099 2923 1140 2984 tio
1169 2925 1351 2985 eorumdem
1382 2924 1514 2987 fratrum
1543 2928 1580 2988 ((1
1607 2928 1770 3004 pristinam
1797 2945 1848 2990 cu-

1096 3016 1227 3076 stodiam
1248 3024 1425 3078 sanetorum
1447 3018 1588 3080 locorum
1610 3019 1796 3081 Palaestinae
1818 3029 1849 3082 et

1097 3109 1260 3187 praecipue
1285 3109 1441 3187 sepulchri
1463 3111 1610 3174 dominici
1637 3112 1768 3174 omnino
1788 3121 1850 3174 sta-

1098 3202 1238 3262 biliatur:
1263 3201 1349 3262 nobis
1370 3211 1531 3280 propterea
1548 3205 1647 3266 dictus
1662 3205 1773 3266 Petrus
1788 3206 1848 3266 lla·

1098 3294 1184 3354 rinus
1207 3293 1350 3356 minister
1371 3296 1524 3371 generalis
1546 3297 1708 3358 humiliter
1729 3299 1848 3376 suppli-

1096 3389 1158 3450 cari
1179 3387 1249 3449 lecit
1270 3397 1304 3449 ut
1319 3389 1350 3449 in
1367 3390 1541 3466 praemissis
1556 3398 1729 3469 opportune
1746 3394 1849 3470 provi·

1096 3483 1170 3544 dere
1191 3490 1222 3544 et
1243 3490 1278 3544 ut
1301 3481 1379 3544 inira
1411 3483 1574 3561 indulgere
1595 3483 1633 3546 de
1655 3485 1849 3564 benignitate

1096 3576 1257 3652 apostoliea
1279 3575 1492 3654 dignaremur.

1136 3671 1155 3744 ἓ
1176 3669 1205 3730 3.
1230 3668 1290 3730 Nos
1312 3669 1421 3746 igitur,
1452 3671 1636 3734 laudabilem
1666 3675 1847 3736 eorumdem
1900 3685 2033 3750 saetacum
2048 3687 2079 3752 qe

1096 3763 1274 3842 principum
1305 3763 1594 3827 confoederatorum
1623 3765 1727 3828 zelum
1756 3773 1848 3846 atque
1867 3741 2081 3841 1011111111(ῗὲ

1097 3853 1242 3934 pietatem
1273 3856 1444 3935 plurimum
1467 3859 1499 3919 in
1526 3859 1658 3922 Domino
1689 3877 1849 3924 commen·
1867 3847 2081 3959 ᾓῖἳῑξῆξξξξξξῗς

1096 3951 1215 4024 dantes,
1239 3965 1411 4028 eorumque
1443 3951 1499 4030 piis
1527 3953 1608 4014 votis
1629 3961 1661 4015 et
1682 3955 1776 4016 armis
1796 3971 1847 4034 pa·
1867 3953 1974 4000 stonum.

1096 4043 1185 4104 terna
1216 4041 1363 4106 charitate
1394 4043 1622 4123 benedicentes,
1645 4063 1679 4110 ae
1700 4050 1847 4112 eumdem

1098 4134 1225 4199 Petrum
1259 4136 1415 4199 Marinum
1452 4138 1632 4202 ministrum
1670 4141 1848 4218 generalem

1096 4229 1278 4306 specialibus
1312 4229 1468 4293 lavonbus
1499 4239 1530 4294 et
1563 4233 1669 4310 gratiis
1702 4237 1846 4315 prosequi

1097 4321 1248 4396 volentes,
1272 4331 1302 4384 et
1325 4341 1340 4384 a
1362 4325 1523 4403 quibusvis
1552 4329 1847 4390 excommunicatio-

1097 4416 1156 4491 niS,
1178 4417 1391 4494 suspensionis
1413 4426 1444 4480 et
1467 4418 1633 4496 interdicti,
1650 4421 1779 4502 aliisque
1799 4439 1847 4484 ee-

1096 4509 1271 4573 clesiastieis
1291 4513 1467 4588 sententiis,
1483 4515 1622 4576 censuris
1644 4522 1675 4577 et
1696 4518 1813 4595 poenis,
1830 4537 1846 4579 a

1096 4603 1164 4665 iure
1187 4603 1237 4665 rel
1258 4605 1295 4666 ab
1322 4604 1460 4680 homine,
1484 4609 1591 4684 quavis
1617 4610 1774 4674 occasione
1795 4613 1846 4676 vel
1937 4652 1940 4660 ι

1095 4700 1182 4760 eausa
1205 4697 1283 4775 latis,
1300 4699 1325 4760 si
1344 4700 1455 4777 quibus
1470 4701 1702 4779 quomodolibet
1717 4704 1845 4769 innoda-

1095 4798 1145 4852 tus
1166 4791 1282 4866 existit,
1306 4791 1341 4852 ad
1362 4791 1507 4855 ellectum
1530 4796 1742 4871 praesentium
1756 4797 1844 4862 dum·

1094 4889 1176 4946 ‘taxat
1207 4883 1473 4963 consequendum,
1507 4887 1618 4950 harum
1646 4890 1727 4952 serie
1748 4892 1844 4954 absol-

1095 4984 1204 5039 ventes
1225 4986 1257 5040 et
1278 4977 1454 5054 ahsolutum
1469 4978 1535 5042 lore
1548 4991 1723 5059 censentes,
1739 4985 1845 5047 huius·

1095 5070 1177 5132 modi
1198 5070 1473 5148 supplicationibus
1500 5073 1650 5151 inclinati,
1673 5076 1844 5154 supradicta

1093 5171 1195 5226 saneta
1218 5164 1281 5226 loce
1302 5164 1502 5243 Palaestinae,
1531 5169 1597 5230 sive
1618 5171 1730 5231 Terrae
1752 5171 1845 5234 Sanc·
1869 5177 1871 5180 ’
1897 5241 1900 5250 ,

1094 5265 1154 5333 tae,
1166 5275 1199 5320 ae
1213 5260 1394 5336 praesertim
1409 5263 1638 5326 sanctissimum
1654 5265 1773 5328 domini
1788 5280 1844 5328 no-

1093 5354 1148 5414 stri
1171 5355 1238 5415 lesu
1261 5355 1373 5418 Christi
1399 5356 1616 5435 sepulchrum,
1643 5361 1842 5438 quemadmo·
1879 5377 1882 5384 ’

1094 5449 1169 5511 dum
1190 5450 1330 5527 antehae,
1347 5460 1378 5514 et
1395 5451 1545 5528 usquead
1561 5469 1713 5532 nuperum
1729 5453 1842 5534 praeia-

1094 5549 1198 5610 torum
1219 5545 1485 5608 schismaticorum
1502 5549 1735 5626 occupationem
1750 5557 1842 5628 atque

1094 5639 1340 5716 usurpationem,
1363 5655 1418 5718 per
1439 5640 1547 5703 iratres
1572 5642 1693 5706 Ordinis
1715 5644 1840 5722 praelati

1094 5745 1132 5789 ex
1154 5731 1246 5794 huius
1268 5729 1397 5794 Sanctae
1412 5731 1498 5796 Sedis
1514 5735 1705 5812 apostolicae
1720 5755 1842 5802 eonces-

1092 5827 1180 5888 sione
1194 5828 1355 5904 custodita,
1369 5835 1452 5891 recta
1468 5837 1500 5892 et
1515 5831 1685 5906 gubernata
1700 5834 1839 5910 luerunt,

1093 5921 1134 5983 ita
1156 5921 1188 5984 in
1207 5931 1367 6002 posterum
1381 5943 1506 6006 quoque
1519 5928 1557 5990 ab
1572 5927 1681 5990 iisuem
1697 5927 1841 5992 iratribus

1709 6081 1735 6126 tc
