4878 6982
336 563 390 620 An.
405 563 436 620 O.
456 561 525 619 iace
574 557 634 627 248

554 700 679 778 adlegit,
691 707 738 776 ut,
756 706 913 778 tamquam
927 697 1016 776 digni
1031 699 1162 778 operarii
1176 697 1209 760 iu
1225 713 1298 776 agro

554 794 699 868 Domini,
731 801 954 871 contempus
982 792 1090 854 messis
1121 791 1297 866 advenerit,

552 895 682 948 strenue
704 885 886 964 utiliterque
907 884 1058 959 laborent,
1075 891 1106 946 et
1120 884 1299 946 uberiorem

553 979 586 1040 iu
597 980 669 1042 sinu
683 978 834 1042 Ecclesiae
846 976 995 1053 lructum,
1009 977 1071 1040 beo
1082 975 1299 1052 benedicente,

552 1070 719 1150 deponant.

323 1163 536 1275 gafficssiaffiffl'ss
593 1165 655 1242 §b
677 1164 768 1240 Sane,
790 1165 863 1227 licet
885 1164 981 1228 lelicis
1002 1161 1222 1227 recordationis
1243 1162 1299 1225 Ur·

323 1272 535 1330 monartaquuam
553 1257 652 1320 banus
673 1257 749 1338 Papa
771 1257 849 1320 Vlll.
878 1258 1093 1336 praedecessor
1119 1262 1225 1318 noster
1245 1271 1301 1334 per

554 1507 728 1564 eius,nedu1u
751 1509 947 1556 benevolentiae
966 1519 1030 1565 erga
1052 1507 1179 1564 praedicti
1194 1506 1298 1563 collegii

553 1587 599 1620 sen
614 1575 752 1620 seminarii
771 1577 901 1631 alumnos,
916 1587 1007 1620 verum
1024 1574 1106 1619 etiam
1125 1573 1243 1630 obsequii
1260 1585 1298 1618 er-

552 1653 586 1697 ga
600 1641 683 1699 ipsam
706 1644 939 1699 congregationem
960 1643 1148 1698 argumentum
1167 1639 1297 1692 ostendat,

552 1719 631 1752 suum
652 1709 773 1754 videlicet
792 1719 949 1756 consensum
969 1707 1123 1760 exhibendo,
1145 1709 1171 1751 et
1192 1706 1240 1751 sub
1255 1716 1298 1749 rao

552 1776 609 1820 stro
631 1777 657 1820 et
676 1775 749 1820 Sedis
770 1777 933 1833 apostolicae
954 1773 1117 1830 beneplacito
1139 1772 1297 1830 praestando

552 1851 599 1898 pro
612 1841 759 1887 cassatione
773 1845 799 1887 et
813 1841 954 1888 abolitione
971 1839 1097 1896 praedicti
1120 1837 1226 1884 canonis
1250 1850 1296 1883 seu

552 1905 700 1962 praedictae
720 1907 897 1963 responsionis
918 1917 998 1963 super
1018 1905 1088 1950 dicta
1110 1905 1193 1958 vinea,
1209 1905 1297 1949 favore

551 1972 669 2018 eiusdem
691 1973 853 2028 monasterii,
874 1985 920 2030 per
941 1985 996 2027 nos,
1018 1974 1047 2016 ut
1066 1981 1154 2027 snpra,
1169 1970 1297 2016 reservati

552 2050 599 2083 seu
613 2043 771 2091 reservatae,
793 2043 822 2085 nt
843 2039 1000 2096 praefertur,
1020 2048 1118 2083 necnon
1138 2048 1186 2092 pro
1203 2036 1298 2081 libera-

552 2103 623 2149 tione
637 2107 663 2150 et
678 2105 842 2162 exemptione
852 2105 969 2151 eiusdem
980 2104 1079 2159 vineae,
1090 2101 1239 2148 stallorum
1250 2115 1296 2159 per

552 2181 599 2216 uos
611 2172 758 2228 praedictae
769 2171 971 2228 congregationi
980 2180 1172 2223 concessorum,
1182 2169 1214 2212 ab
1224 2169 1296 2212 omni

552 2236 657 2286 vinculo
677 2236 858 2293 proprietatis,
879 2235 1060 2291 subiectionis,
1081 2233 1250 2290 obligationis
1270 2235 1296 2278 et

552 2302 691 2347 solutionis
713 2302 820 2348 cariosus
834 2313 881 2348 seu
895 2303 1072 2360 responsionis
1092 2305 1198 2348 centum
1213 2303 1297 2346 scuto·

551 2380 612 2414 rum
627 2371 747 2414 urorretae
768 2369 928 2425 huiusmodi,
943 2372 969 2414 et
988 2370 1103 2416 aliorum
1125 2369 1233 2424 iuriam,
1247 2369 1297 2413 ior-

551 2446 599 2480 san
613 2447 643 2480 ex
658 2439 832 2492 praenarrata
853 2437 988 2490 schedula,
1010 2435 1065 2480 sive
1079 2448 1110 2480 ex
1127 2435 1296 2492 proprietate,

551 2513 598 2546 sen
612 2501 679 2546 alias
695 2502 875 2559 undecumque
887 2502 1084 2560 procedentium
1094 2502 1127 2547 ad
1137 2501 1200 2548 dicti
1210 2513 1296 2547 mona-

551 2567 627 2612 sterii
648 2567 770 2613 savorem.
793 2572 842 2613 Pro
863 2568 1014 2614 huiusmodi
1035 2568 1118 2624 igilur
1131 2567 1295 2622 cassationis

550 2632 709 2688 abolitionis,
720 2633 892 2690 exemptionis
902 2638 928 2679 et
938 2633 1103 2680 liberationis
1114 2633 1215 2687 ellectu,
1226 2634 1295 2677 idem

551 2701 644 2743 Petrus
658 2699 813 2752 cardinalis,
828 2700 876 2744 sub
891 2700 932 2743 die
947 2699 1048 2746 decima
1063 2701 1160 2745 mensis
1171 2699 1230 2744 iulii
1240 2709 1296 2756 pro·

551 2763 620 2808 xime
634 2764 782 2820 praeteriti,
797 2765 903 2821 praevia
924 2765 979 2810 eius
994 2765 1113 2822 epistola,
1130 2765 1225 2810 dilecto
1240 2764 1296 2810 illio

551 2829 680 2886 magistro
694 2829 775 2876 silvio
788 2831 820 2875 ds
834 2831 984 2885 cavaleriis,
996 2831 1023 2876 ιιι
1034 2834 1147 2888 utraque
1157 2831 1296 2888 signatura

550 2898 641 2940 nostra
655 2895 840 2952 referendario,
850 2897 1018 2952 eiusdemque
1029 2897 1245 2953 congregationis
1259 2908 1296 2941 se-

550 2961 671 3016 cretario,
686 2961 794 3016 duecte,
809 2963 937 3008 obtulerit
959 2963 1162 3020 congregationi
1183 2963 1297 3020 praedic-

550 3030 601 3082 tae,
620 3029 646 3072 et
667 3039 696 3073 re
717 3029 774 3086 ipsa
795 3039 873 3074 suum
895 3040 1050 3074 consensum
1071 3029 1246 3086 praestiterit,
1266 3041 1296 3074 ac

362 3105 429 3150 rpem
444 3102 532 3150 gards.
549 3095 696 3150 prcpterea,
712 3096 767 3139 tam
781 3094 836 3150 ipse
857 3097 957 3150 Petrus,
972 3107 1052 3152 quam
1073 3095 1121 3141 alii
1135 3095 1220 3141 dictae
1235 3099 1297 3141 con·

318 3157 388 3203 uotis
410 3157 532 3218 tlttbobo·
548 3159 711 3217 gregationis
730 3161 895 3216 cardinales,
914 3161 1052 3207 efficaciter
1070 3163 1237 3218 exoptantes,
1257 3174 1297 3208 eo·

318 3210 532 3280 illli›⁰‚²l²d¹¹⁶⁸⁰·
549 3237 609 3270 rum
631 3226 865 3282 congregationem
887 3227 1057 3284 praedictam,
1079 3227 1160 3272 etiam
1180 3239 1227 3284 pro
1244 3239 1297 3272 ma-

318 3268 532 3362 fflfflffiffi'
549 3292 601 3338 lori
621 3292 812 3348 sublevamine,
833 3297 996 3349 auguillenlo
1019 3297 1045 3339 et
1059 3295 1257 3340 conservatione
1271 3305 1296 3340 a·

320 3370 354 3415 geg
384 3369 532 3436 supplicam
549 3358 702 3405 lrrnnrorum
716 3359 780 3404 dicti
794 3361 898 3416 collegii
913 3372 959 3405 seu
974 3360 1118 3416 seminarii,
1133 3363 1164 3406 nt
1179 3361 1229 3418 ipsi
1244 3362 1297 3407 ala·

318 3423 531 3476 Saucissst'mc,
550 3425 628 3470 criori
643 3426 731 3472 animo
746 3426 841 3473 studiis
863 3427 976 3484 aliisque
997 3427 1182 3484 spiritualibus
1203 3425 1297 3472 exerci-

320 3478 433 3541 eamde’ll
464 3479 532 3523 ⁶⁰⁷²·
551 3491 596 3536 tiis
610 3503 703 3538 vacare
717 3493 826 3549 possint,
840 3493 874 3538 ab
887 3503 966 3537 onere
980 3492 1120 3538 solutionis
1132 3493 1239 3538 canonis
1249 3504 1295 3538 seu

318 3537 533 3630 mattam&
550 3559 728 3614 responsionis
742 3559 890 3615 praedictae
905 3561 963 3615 post
977 3558 1027 3604 bac
1040 3558 1119 3604 eximi
1138 3561 1164 3604 et
1185 3559 1296 3604 liberari

318 3637 377 3682 ,arg
392 3619 434 3684 ’ap
457 3647 533 3682 ,mm
551 3624 626 3668 uobis
640 3623 780 3668 humiliter
801 3623 943 3680 supplicari
964 3623 1090 3678 recerunt,
1112 3626 1242 3679 qnatenus
1258 3634 1296 3668 eo-

320 3690 383 3736 dicti
410 3689 532 3752 scaonis,
550 3701 610 3735 rum
626 3691 693 3736 votis
708 3691 757 3736 bac
771 3690 797 3734 iu
812 3693 887 3746 parte
901 3702 1026 3744 annuere,
1041 3693 1067 3736 et
1083 3693 1113 3736 ut
1128 3691 1296 3746 inlraoppor-

319 3749 533 3806 mmmmm·
551 3759 614 3801 tune
628 3756 765 3813 providere
779 3758 811 3801 de
828 3756 991 3812 benignitate
1012 3756 1157 3813 apostolica
1177 3756 1297 3812 dignare·

319 3809 369 3848 ⁷¹¹⁸·
550 3834 618 3868 ntur.
630 3826 679 3868 Nos
689 3823 781 3880 igilur,
791 3824 837 3880 qui
847 3824 913 3868 ιιιιιιι
924 3827 979 3869 tam
988 3836 1070 3880 aeque
1080 3823 1208 3880 cupimus,
1216 3833 1294 3879 quam

550 3893 580 3934 ut
594 3889 766 3946 collegiorum
781 3894 808 3935 et
821 3891 939 3936 locorum
954 3890 1058 3947 piorum
1072 3889 1098 3936 iu
1114 3891 1181 3935 Urbe
1200 3892 1296 3934 erecto·

549 3965 609 4000 rum
625 3965 672 4011 pro
687 3955 737 3999 ilde
760 3955 906 4007 orthodoxo
921 3956 1073 4012 amplianda
1087 3957 1113 4001 et
1128 3956 1296 4012 propaganda

549 4019 718 4066 indemnitati
731 4022 894 4072 consulatur,
909 4021 1016 4066 illorum
1028 4022 1193 4078 praesertim,
1205 4022 1231 4066 in
1242 4021 1296 4078 qni-

550 4087 598 4132 bus
613 4097 643 4132 ea
659 4087 728 4142 viget
742 4087 871 4132 bonarum
886 4087 986 4133 artium
996 4087 1142 4144 disciplina,
1153 4100 1220 4144 quae
1230 4086 1295 4133 inibi

549 4155 673 4211 degentes
694 4165 746 4200 non
767 4155 853 4199 solum
867 4155 900 4200 ad
924 4155 988 4200 bene
1011 4155 1138 4210 beateque
1156 4154 1294 4199 vivendum

549 4221 678 4278 impellat,
693 4232 785 4266 verum
801 4220 879 4266 elizam
894 4221 932 4266 ita
947 4221 974 4265 iu
990 4221 1121 4266 mandatis
1136 4221 1238 4266 bonrini
1254 4222 1296 4266 ilr-

550 4297 606 4332 mos
620 4287 712 4332 reddat
727 4289 754 4330 et
767 4287 926 4338 constantes,
938 4291 967 4330 nt
981 4287 1008 4330 et
1023 4285 1087 4332 vitia
1098 4285 1189 4341 vitare,
1200 4291 1226 4331 et
1237 4287 1296 4331 bae·

550 4353 664 4408 resilms,
686 4365 752 4410 quae
773 4353 801 4398 ιιι
821 4352 932 4398 diversis
953 4352 1024 4398 orbis
1046 4353 1166 4410 partibus
1188 4353 1294 4409 impune

549 4422 714 4474 grassantur,
729 4430 777 4475 pro
792 4417 890 4463 viribus
911 4417 1034 4464 resistere
1052 4420 1164 4473 valeant,
1179 4420 1296 4466 animad-

550 4487 691 4538 vertentes,
705 4484 774 4542 qnod
789 4484 811 4528 st
825 4483 898 4539 pium
913 4483 961 4528 boc
974 4487 1000 4528 et
1015 4484 1148 4529 laudabile
1167 4485 1294 4541 praedicti

550 4551 621 4595 Petri
635 4549 781 4595 (cardinalis
795 4550 959 4606 propositum
974 4550 1143 4607 exequutioni
1158 4552 1296 4596 demanda-

549 4621 633 4671 retur,
646 4617 720 4662 tacile
734 4619 810 4672 soret,
825 4619 854 4662 ut
869 4616 961 4662 exinde
985 4617 1054 4662 dicta
1068 4617 1241 4674 congregatio
1255 4621 1295 4664 tot

549 4683 683 4740 tantisque
697 4684 817 4740 expensis
832 4683 986 4728 missionum
1001 4687 1176 4740 praegravata
1199 4685 1293 4730 saltem

548 4748 576 4794 in
590 4749 681 4806 aliquo
695 4750 855 4804 sublevetur,
871 4753 896 4794 et
912 4749 1046 4794 uberiores
1061 4749 1087 4794 in
1102 4751 1178 4795 vinea
1193 4750 1294 4795 Domini

548 4815 650 4860 lauretus
669 4827 715 4872 per
738 4815 801 4861 dicti
822 4815 925 4872 collegii
947 4827 993 4861 seu
1015 4817 1152 4862 seminarii
1172 4817 1294 4862 alurrrnos

548 4885 727 4936 reportentur,
741 4893 771 4926 ac
785 4885 924 4938 propterea
937 4880 1002 4925 dicti
1016 4881 1087 4926 Petri
1098 4881 1243 4927 cardinalis
1258 4893 1295 4926 ze-

548 4945 603 4990 lum
619 4949 645 4991 et
660 4947 864 4992 ecclesiasticam
887 4947 1092 4993 sollicitudinem
1107 4947 1251 5004 plurimum
1266 4949 1312 4995 int

547 5011 656 5057 Dourino
669 5012 889 5066 commendantes,
900 5011 1008 5069 eiusque
1019 5013 1169 5058 stallorum
1181 5013 1295 5070 praedic·

548 5079 591 5122 tae
612 5077 829 5134 congregationis
851 5076 1028 5122 cardinalium
1049 5077 1181 5134 precibus,
1202 5081 1294 5134 utpote

547 5145 580 5190 ad
596 5143 714 5188 divinum
729 5145 831 5190 cultum
847 5144 875 5188 in
889 5144 959 5190 dicto
973 5145 1084 5202 collegio
1094 5157 1140 5190 seu
1151 5145 1294 5190 seminario

548 5211 753 5268 promovendum
768 5213 794 5256 et
812 5209 1006 5266 adaugendum,
1027 5212 1147 5269 apprime
1167 5213 1295 5257 tendenti-

547 5279 604 5333 bus,
618 5280 722 5324 attenta
737 5281 791 5323 tam
807 5278 955 5324 necessaria
969 5281 996 5324 et
1010 5277 1070 5324 utili
1084 5289 1171 5334 causa,
1182 5279 1294 5336 benigne

547 5348 701 5400 annitentes,
720 5347 746 5390 et
767 5344 793 5390 in
814 5344 968 5402 praemissis
982 5349 1128 5402 opportune
1150 5345 1294 5404 providere,

335 5425 463 5473 sauctitas
476 5423 529 5468 spa
547 5422 578 5456 ac
597 5411 683 5456 dictae
701 5412 917 5468 congregationis
936 5413 1100 5466 cardinales,
1119 5423 1149 5458 ac
1167 5411 1294 5470 praedicti

317 5479 432 5527 admittit
466 5487 529 5523 cors-
547 5477 651 5534 collegii
665 5489 712 5523 seu
735 5477 872 5523 seminarii
892 5479 1014 5525 alunrnos
1034 5479 1172 5536 amplioris
1191 5479 1295 5536 gratiae

316 5545 423 5581 semum·
547 5543 635 5588 farore
649 5543 771 5600 prosequi
785 5543 910 5598 volentes,
925 5555 1080 5590 consensum
1095 5543 1181 5600 ipsum
1196 5556 1212 5590 a
1226 5544 1295 5589 dicto

548 5613 625 5655 Petro
639 5610 772 5655 cardinali
787 5622 865 5667 super
877 5609 1029 5667 praemissis
1039 5611 1161 5656 orrrraibns
1171 5623 1217 5668 per
1228 5621 1295 5656 eanr-

548 5678 606 5720 dem
629 5675 767 5732 epistolam
789 5675 833 5730 sic,
856 5679 885 5721 ιιι
907 5677 1063 5732 praefertur,
1079 5677 1246 5734 praestitum,
1261 5677 1294 5722 ad

548 5744 609 5796 boc,
631 5743 661 5787 ut
681 5741 808 5796 cassatio,
829 5741 951 5795 abolitio,
973 5743 1104 5799 exemptio
1118 5746 1144 5787 et
1159 5741 1294 5798 liberati0,

548 5809 654 5866 aliaque
674 5821 720 5864 per
742 5820 797 5862 nos,
819 5811 849 5854 nt
865 5809 941 5863 infra,
963 5809 1088 5864 iacienda,
1110 5819 1187 5854 suum
1208 5811 1295 5866 plena·

548 5875 618 5920 rium
634 5877 660 5920 et
684 5875 818 5930 integrum
839 5875 961 5920 effectum
982 5875 1074 5920 sortiri
1093 5875 1205 5930 valeant,
1220 5878 1246 5919 et
1262 5887 1294 5920 ne

548 5941 701 5997 ceillerum
716 5941 852 5989 validitate
867 5945 893 5990 et
916 5941 1086 5988 subsistentia
1107 5943 1162 5990 ullo
1177 5953 1294 6002 uuquam

1073 575 1139 627 lun·
1162 575 1253 628 PONl'·
1277 573 1318 626 ΒΕ
1340 573 1369 626 l‘·
1393 573 1422 627 ιι.
1446 579 1528 628 PARS
1549 573 1570 626 l.

2130 561 2184 622 An.
2198 565 2230 622 0.
2252 563 2325 620 iaus

1354 699 1499 777 quasdam
1526 713 1596 762 suas
1625 698 1743 762 litteras
1774 694 1952 778 apostolicas
1983 698 2100 779 optimo
2120 713 2204 780 rmum
2225 725 2271 773 pro
2295 725 2336 763 re-

1354 792 1480 870 quidem
1501 793 1630 856 consilio
1645 793 1811 870 collegium
1827 808 1882 856 sen
1895 791 2102 856 seminarium
2120 773 2257 818 ⁰‘²³¹¹⁰¹¹⁰·

1354 884 1557 962 apostolicum
1569 885 1763 964 pontificium
1778 885 1926 964 pastorale
1940 885 2102 948 Urbanum

1355 976 1571 1056 nuncupatum
1583 993 1648 1056 pro
1670 977 1858 1056 excipiendis
1874 985 1904 1040 et
1926 977 2043 1040 alendis
2056 993 2104 1038 sa-

1354 1070 1529 1134 cerdotibus
1557 1069 1781 1144 saecularibus,
1810 1079 1841 1134 et
1866 1071 1960 1134 etiam
1984 1070 2103 1134 clericis

1355 1163 1391 1226 ad
1423 1163 1554 1224 maiores
1581 1171 1686 1224 tamen
1714 1163 1838 1225 ordines
1870 1163 1950 1226 inira
1981 1170 2101 1226 certum

1356 1263 1477 1334 tempus
1499 1257 1731 1336 promovendis,
1754 1257 1844 1320 bonis
1866 1256 2017 1332 moribus,
2040 1255 2103 1335 pie-

1353 1508 1479 1563 tempore,
1495 1506 1550 1553 ullo
1564 1507 1631 1564 iure,
1647 1506 1734 1553 ullove
1749 1507 1834 1564 modo,
1845 1507 1894 1560 via,
1905 1521 1951 1554 seu
1962 1511 2101 1566 praetextu
2146 1512 2227 1558 Senot
2241 1515 2264 1558 et
2276 1523 2337 1572 sup·

1352 1573 1469 1618 dubitari
1485 1573 1576 1630 possit,
1592 1587 1638 1620 seu
1661 1575 1806 1630 contingat,
1821 1585 1911 1620 omnes
1926 1577 1952 1620 et
1966 1587 2102 1632 quoscum·
2119 1565 2172 1625 pler
2196 1577 2338 1622 ‘limmin-

1351 1651 1402 1695 que
1416 1639 1540 1694 detectus,
1555 1640 1637 1686 etiam
1652 1641 1823 1697 quantumvis
1839 1641 2035 1698 substantiales,
2045 1653 2103 1687 cou-
2121 1630 2169 1677 ‘¹¹⁴‘
2182 1618 2299 1674 mmm·

1352 1707 1394 1749 tra
1410 1705 1573 1751 validitatem
1589 1706 1653 1752 dicti
1670 1718 1821 1762 consensus,
1836 1710 1862 1752 et
1878 1707 1952 1752 illius
1966 1707 2103 1754 admissio-

1352 1769 1392 1815 nis
1407 1781 1454 1826 per
1468 1783 1523 1827 nos,
1538 1774 1568 1818 ut
1593 1772 1670 1828 intra,
1684 1773 1826 1829 faciendae,
1845 1777 1901 1820 tam
1915 1785 1947 1819 ex
1964 1774 2061 1820 nostris
2076 1777 2103 1819 et

1350 1837 1524 1882 cancellariae
1546 1839 1708 1896 apostolicae
1723 1841 1832 1896 regulis,
1847 1851 1927 1898 quam
1942 1841 2010 1886 alias
2025 1842 2103 1886 unde

1350 1913 1462 1958 cumque
1477 1906 1503 1948 et
1518 1905 1712 1960 quomodolibet
1726 1907 1908 1963 provenientes
1928 1909 1954 1953 et
1973 1909 2103 1954 resultan-

1352 1969 1399 2022 tes,
1416 1972 1498 2024 motu,
1511 1970 1622 2016 scientia
1636 1974 1662 2016 et
1676 1973 1816 2030 potestatis
1827 1973 1999 2030 plenitudine,
2010 1976 2102 2020 tenore

1351 2035 1539 2092 praesentium,
1554 2041 1678 2083 sanantes
1693 2041 1720 2083 et
1735 2039 1895 2096 supplentes,
1915 2041 1941 2084 et
1960 2039 2102 2096 praedictis

1351 2101 1451 2155 regulis
1478 2101 1592 2159 aliisque
1617 2104 1758 2150 contrariis
1782 2105 1991 2162 quibuscumque
2012 2115 2103 2164 oppor-

1351 2167 1414 2210 tune
1424 2167 1589 2222 derogantes,
1600 2170 1692 2214 tenore
1702 2169 1890 2226 praesentium,
1900 2173 1975 2216 ιιιοιιι
1984 2171 2042 2228 pari
2052 2175 2100 2216 etc.

1351 2232 1528 2288 admittimus,
1543 2237 1569 2278 et
1585 2234 1612 2278 in
1627 2235 1794 2290 cancellaria,
1816 2248 1862 2282 seu
1883 2247 1989 2282 camera
2010 2240 2102 2282 nostra

1350 2298 1493 2354 apostolica
1514 2300 1662 2356 praedicta,
1687 2302 1794 2358 praevia
1815 2302 1967 2348 huiusmodi
1987 2302 2101 2359 epistola

1350 2362 1414 2408 inibi
1435 2363 1588 2420 exbibenda,
1610 2366 1805 2412 admittendum
1824 2368 1879 2412 lore
1904 2371 1930 2412 et
1945 2379 2001 2413 esse
2017 2369 2102 2414 decer-

1350 2429 1446 2486 nimus,
1457 2433 1482 2476 et
1497 2433 1661 2486 scandamus,
1672 2432 1823 2489 dictamque
1834 2433 1950 2479 eiusdem
1961 2434 2030 2480 Petri
2041 2439 2101 2480 car·

1350 2495 1446 2542 diuralis
1467 2497 1608 2554 epistolam
1633 2510 1680 2554 pro
1694 2498 1872 2556 aequivalenti
1892 2500 1978 2546 valido
1992 2504 2019 2546 et
2034 2501 2103 2546 sutil-

1350 2561 1429 2606 cienti
1443 2574 1570 2608 consensu
1586 2565 1679 2610 baberi
1693 2565 1824 2620 volumus,
1839 2577 1866 2610 ec
1880 2566 2055 2624 declaramus,
2070 2579 2102 2614 ac

1350 2631 1487 2684 praeterea
1502 2641 1549 2685 pro
1564 2630 1659 2675 maiori
1674 2631 1791 2677 eiusdem
1811 2633 2028 2688 congregationis
2044 2635 2103 2680 sub

1350 2694 1487 2750 levamine,
1499 2699 1525 2740 et
1541 2696 1668 2752 praedicti
1685 2697 1790 2753 collegii
1805 2709 1851 2742 seu
1865 2699 2003 2744 seminarii
2017 2701 2102 2746 alum·

1351 2771 1445 2806 norum
1455 2764 1653 2809 conservatione
1669 2766 1695 2808 et
1710 2763 1904 2820 commoditate,
1916 2766 2021 2815 vineam
2029 2778 2103 2824 prae-

1350 2827 1456 2882 dictam,
1471 2839 1524 2874 arna
1539 2839 1599 2874 cum
1614 2829 1721 2885 palatio,
1735 2829 1837 2885 tinello,
1851 2831 2016 2888 caeterisque
2031 2842 2102 2877 man·

1350 2893 1476 2948 sionibus,
1498 2897 1524 2940 et
1545 2895 1680 2950 aediliciis,
1696 2895 1722 2939 in
1744 2907 1909 2953 quacumque
1930 2897 2003 2942 illius
2025 2901 2102 2955 parte

1350 2959 1442 3015 positis
1457 2971 1487 3006 ac
1505 2961 1614 3006 earrdom
1638 2961 1741 3007 vineam
1763 2964 1855 3017 totam,
1877 2965 1977 3020 quanta
1998 2963 2045 3009 illa
2060 2969 2100 3010 est

1349 3025 1421 3072 intra
1435 3038 1497 3072 suos
1512 3027 1665 3072 notissimos
1680 3028 1753 3082 dues,
1769 3040 1834 3086 qnos
1849 3027 1947 3074 eisdem
1958 3031 2101 3086 praesenti-

1350 3092 1410 3147 bus,
1433 3104 1485 3138 una
1506 3103 1566 3138 cum
1588 3093 1697 3140 illorum
1718 3095 1807 3140 valore
1829 3094 1855 3139 in
1877 3096 2052 3152 proprietate,
2073 3100 2100 3142 et

1348 3158 1445 3204 anisnis
1465 3159 1602 3216 fructibus,
1617 3163 1644 3205 et
1658 3161 1806 3206 redditibus
1827 3161 1966 3218 universis,
1987 3163 2100 3220 aliisque

1351 3225 1486 3280 membris,
1502 3225 1603 3272 iuribus
1618 3229 1644 3271 et
1659 3227 1827 3282 pertinentiis
1841 3229 2058 3286 quibuscumque,
2069 3241 2100 3276 ac

1349 3291 1431 3336 etiam
1454 3291 1603 3347 praedictae
1625 3295 1730 3338 nostrae
1752 3294 1854 3350 primae
1874 3295 2049 3341 concessionis
2071 3295 2098 3341 in

1348 3357 1483 3413 praedicta
1497 3358 1622 3404 schedula
1637 3359 1721 3404 nostri
1736 3362 1823 3406 motus
1838 3360 1938 3417 proprii
1950 3365 2098 3418 contentae,

1349 3424 1461 3478 terrores,
1475 3435 1506 3468 ac
1521 3423 1543 3468 si
1558 3425 1589 3468 de
1605 3425 1683 3470 verbo
1704 3426 1737 3470 ad
1756 3426 1865 3470 verbnm
1886 3426 1982 3472 inserti
2002 3429 2098 3484 iurent,

1348 3489 1440 3534 baberi
1462 3489 1584 3535 volumus
1605 3501 1653 3546 pro
1674 3492 1812 3548 expressis,
1834 3495 1916 3548 motu,
1939 3493 2056 3550 scientia,
2071 3497 2098 3540 st

1348 3555 1487 3612 potestatis
1507 3556 1669 3612 plenitudine
1691 3557 1831 3614 similibus,
1845 3569 1862 3604 a
1885 3571 1984 3606 caucum
1999 3573 2045 3606 seu
2060 3573 2099 3607 rs·
2174 3565 2274 3613 Liberat
2288 3579 2336 3613 sct-

1349 3620 1486 3678 spousione
1500 3625 1605 3667 centnm
1617 3626 1753 3669 scutorum
1765 3627 1884 3671 monetas
1896 3626 2056 3683 huiusmodi,
2067 3627 2100 3673 ei·
2118 3628 2190 3682 cram
2222 3623 2335 3678 0071970-

1348 3688 1407 3731 dsm
1430 3691 1506 3733 Petro
1528 3687 1659 3734 cardinali
1683 3693 1710 3734 et
1733 3690 1823 3736 abbati
1843 3702 1873 3736 ac
1888 3695 2015 3750 perpetuo
2032 3703 2100 3739 com·
2117 3676 2251 3775 qmlfflm
2265 3685 2282 3719 α
2296 3685 2336 3720 ⁸⁰·

1349 3753 1513 3800 mandatario
1528 3755 1590 3800 dicti
1612 3756 1776 3812 monasterii,
1790 3757 1903 3814 aliisque
1918 3759 1944 3802 in
1960 3758 2030 3806 dicto
2045 3771 2098 3805 mo·
2117 3729 2218 3829 „22⁰⁷”
2252 3737 2335 3774 ‘⁶⁸⁰'

1348 3821 1465 3866 nasterio
1480 3821 1674 3867 successoribus
1690 3822 1774 3878 ruodo,
1788 3835 1840 3880 quo
1856 3827 2099 3882 supra,persolven-

1348 3887 1380 3930 do
1395 3898 1441 3932 seu
1456 3888 1636 3943 persolvenda,
1646 3889 1776 3945 aliisqneo
1791 3890 1907 3946 neribus,
1918 3903 1997 3948 super
2007 3893 2098 3938 eadem

1348 3952 1424 3998 vinea
1438 3957 1464 3998 et
1479 3953 1588 3999 annexis
1603 3955 1729 4000 membris
1744 3955 1904 4011 huiusmodi,
1917 3957 1950 4003 sd
1965 3959 2028 4004 dicti
2046 3971 2100 4004 mo-

1350 4018 1460 4064 nasterii
1475 4019 1590 4064 savorem
1605 4021 1743 4076 concessis,
1753 4025 1779 4066 et
1794 4021 1874 4068 etiam
1884 4033 1900 4068 a
1910 4023 2009 4069 directo
2019 4025 2100 4072 domi-

1349 4084 1400 4140 nio,
1416 4086 1485 4142 quod
1499 4097 1578 4142 suuper
1590 4086 1665 4132 vinea
1676 4085 1800 4145 illiusque
1811 4089 1937 4135 membris
1947 4092 2097 4149 praedictis,

1348 4151 1511 4206 praedictum
1528 4153 1718 4198 monasterium
1733 4153 1766 4198 ad
1781 4165 1905 4210 praesens
1919 4155 2007 4210 babet,
2018 4158 2056 4202 ita
2067 4161 2099 4203 ιιι
2136 4164 2241 4210 Amcoet
2255 4163 2335 4210 direc-

1348 4215 1416 4262 illud
1430 4218 1602 4274 inposterum
1613 4219 1888 4276 orrrninoabdicatnm,
1900 4225 2061 4278 separatum,
2071 4227 2098 4270 et
2116 4217 2171 4262 ‘lim
2187 4216 2333 4280 dimidium

1348 4287 1467 4330 amotum
1489 4285 1524 4329 sit
1539 4296 1554 4330 a
1572 4286 1706 4342 prraedicto
1728 4289 1897 4342 monasterio,
1919 4289 2027 4345 situsque
2049 4280 2133 4367 pro}
2174 4275 2332 4332 m9²¹sss¹m⁰

1349 4352 1466 4407 tempore
1486 4351 1589 4406 abbate,
1611 4363 1657 4396 seu
1672 4355 1798 4410 perpetuo
1819 4355 2053 4410 commendatario,
2067 4367 2098 4402 ac
2116 4324 2334 4423 gffissfflffl

1348 4416 1383 4462 sit
1398 4419 1524 4474 perpetuo
1540 4418 1701 4463 translatum
1719 4419 1746 4462 in
1762 4419 1997 4475 congregationem
2008 4423 2099 4468 lartius·
2116 4427 2149 4474 ab
2164 4428 2269 4486 eiusque
2281 4412 2333 4487 pro'

1350 4482 1429 4538 ιιιοιιι,
1451 4495 1550 4528 necnon
1571 4495 1624 4528 utra
1642 4495 1701 4529 curn
1723 4485 1840 4530 dominio
1855 4487 1917 4531 utili
1931 4487 1964 4532 ad
1979 4487 2097 4534 eiusdem
2116 4483 2229 4540 tmpore
2250 4483 2333 4528 abba·

1348 4548 1564 4604 congregationis
1588 4549 1703 4595 savorem
1727 4551 1920 4596 consolidatum
1944 4559 2096 4610 remaneat,
2117 4536 2334 4598 ‘⁰³⁸ffl.⁶⁰m.m“²·

1348 4625 1447 4659 raecrron
1465 4615 1574 4660 carrdem
1597 4617 1831 4672 congregationem
1846 4629 1862 4662 a
1877 4619 2009 4666 solutions
2024 4631 2098 4666 carro¹
2116 4587 2333 4698 mamm,

1348 4680 1398 4734 nis,
1413 4692 1459 4726 seu
1474 4681 1652 4738 responsionis
1667 4683 1828 4738 huiusmodi,
1842 4685 1927 4730 eidem
1947 4689 2025 4732 Petro
2039 4691 2097 4732 car-
2115 4705 2218 4740 saeram
2225 4696 2333 4753 coum.

1348 4745 1430 4791 dinali
1446 4751 1472 4791 et
1486 4747 1576 4794 abbati
1592 4760 1638 4794 seu
1653 4751 1780 4806 perpetuo
1794 4753 2019 4798 commendatario
2033 4753 2097 4799 dicti
2115 4747 2248 4810 quiquam
2276 4759 2335 4810 ‘1¹‘ss

1348 4814 1503 4858 monasterii
1523 4815 1633 4870 eiusque
1657 4815 1684 4859 iu
1706 4817 1867 4862 monasterio
1887 4819 2021 4874 praedicto
2043 4833 2098 4867 suc·
2115 4802 2233 4848 d⁰m²m⁰
2248 4802 2316 4849 Μ·

1347 4881 1494 4926 cessoribus
1512 4881 1676 4939 inposterum
1698 4881 1823 4938 iacienda,
1838 4883 1951 4940 aliisque
1972 4887 2097 4933 oneribus

1347 4948 1502 5003 praedictis,
1523 4948 1549 4993 ιιι
1571 4948 1693 4994 ourrribus
1714 4951 1740 4993 et
1761 4960 1808 5004 per
1828 4949 1917 4996 omuia
1941 4952 2046 5007 penitus
2070 4958 2097 5000 et

1347 5013 1454 5058 omuino
1472 5015 1606 5070 perpetuis
1625 5013 1723 5059 tuturis
1745 5015 1919 5072 tersrporibus,
1941 5018 2096 5076 eximimus,

1346 5078 1516 5136 absolvimus,
1532 5083 1558 5126 et
1573 5081 1726 5136 liberamus,
1741 5093 1772 5126 ac
1785 5093 1920 5138 cacconem,
1936 5096 1982 5132 seu
1993 5097 2097 5144 respon·

1347 5144 1456 5200 sionem,
1471 5149 1497 5191 et
1511 5146 1641 5192 directum
1656 5147 1802 5192 dominium
1818 5149 1979 5206 huiusmodi,
1991 5153 2098 5211 aliaque

1347 5210 1410 5256 dicti
1432 5213 1587 5257 anonasterii
1609 5213 1669 5258 iura
1683 5212 1707 5258 ei
1722 5225 1753 5258 ex
1774 5219 1949 5270 praenarrata
1971 5219 2097 5266 ecbedula

1347 5278 1493 5334 spectantia
1508 5281 1534 5324 et
1549 5280 1718 5336 pertinentia,
1733 5293 1748 5326 a
1763 5281 1832 5326 dicto
1848 5283 2009 5330 monasterio
2025 5287 2051 5330 et
2067 5285 2097 5330 il·

1346 5343 1399 5389 lins
1414 5345 1497 5400 bonis,
1519 5345 1623 5390 iuribus
1637 5347 1663 5390 et
1679 5347 1848 5404 proprietate,
1871 5349 1952 5394 stiam
1967 5353 2095 5407 perpetuo

1347 5421 1510 5468 separamus,
1532 5421 1711 5469 segregamus,
1733 5415 1760 5457 et
1780 5413 2011 5471 dismembraurus,
2026 5419 2052 5462 et
2068 5418 2096 5462 in

1347 5477 1456 5522 earrdem
1471 5479 1714 5534 congregationem,
1729 5481 1859 5535 qnatenus
1874 5493 1939 5538 opus
1954 5483 1998 5538 sit,
2008 5495 2098 5540 perpe·

1347 5549 1394 5589 tuo
1409 5544 1602 5600 transierimus,
1617 5549 1643 5590 et
1664 5545 1794 5591 directum
1816 5558 1875 5593 cnm
1897 5548 1959 5594 utili
1978 5549 2097 5597 dominio

1347 5612 1379 5656 ad
1394 5611 1511 5658 eiusdem
1527 5612 1743 5670 congregationis
1757 5613 1873 5660 savorem
1892 5617 2096 5674 consolidamus,

1347 5679 1373 5722 et
1388 5677 1496 5734 insuper
1510 5689 1636 5723 canonem
1652 5690 1699 5724 seu
1714 5681 1910 5736 responsionem
1925 5685 2031 5728 centum
2043 5695 2098 5729 scu-

1348 5746 1436 5788 torum
1452 5747 1572 5790 mouetae
1583 5745 1742 5798 huiusmodi,
1754 5745 1879 5803 illiusque
1889 5750 2096 5796 reservationem

1347 5810 1509 5865 praedictam
1524 5821 1584 5854 cnm
1598 5811 1660 5856 aliis
1674 5811 1778 5857 iuribus
1795 5813 2012 5871 quibuscumque,
2028 5815 2097 5860 exin·

1347 5877 1379 5920 de
1401 5877 1434 5922 ad
1455 5876 1610 5924 nronastsrii
1631 5877 1759 5934 praedicti
1780 5881 1806 5924 ct
1828 5878 1902 5924 illius
1922 5880 2026 5926 abbatis
2050 5893 2096 5928 sen

1347 5944 1469 6004 perpetui
1483 5943 1702 5992 commendatarii
1716 5955 1764 6004 pro
1779 5948 1896 6006 tempore
1911 5945 2049 5994 existentis
2063 5947 2098 6002 ta·
