4848 6990
353 558 407 610 Aa.
421 557 452 611 c.
473 559 541 612 1690
596 555 653 622 {tlt
1097 575 1160 620 rua.
1186 575 1275 621 nour.
1300 574 1340 619 ou
1362 573 1391 620 r.
1415 574 1444 619 r.
1469 575 1550 622 raas
1573 577 1593 620 r.
2153 563 2203 618 Aa.
2217 570 2244 622 c.
2263 573 2318 630 tcto

572 705 792 778 perceperunt:
818 705 852 760 ut
873 695 945 760 huic
964 694 1073 758 sceleri
1095 696 1205 758 modus
1220 695 1317 774 impo-
1343 693 1346 765 l
1373 695 1466 758 etiam
1487 695 1599 760 litteris
1620 698 1656 760 ad
1675 697 1741 760 eius
1755 695 1887 760 formam
1903 697 2054 777 expeditis
2068 712 2124 760 seu

571 799 674 868 natur,
694 808 775 854 neve
796 807 834 854 ex
856 790 991 854 fidelium
1014 789 1127 868 pietate
1146 789 1317 852 schismati·
1343 780 1346 881 t
1373 787 1582 868 expediendis,
1605 789 1671 854 sive
1700 789 1833 868 scriptis,
1854 792 1921 854 sive
1952 791 2122 870 impressis,

571 885 614 947 cis
634 892 665 948 et
686 885 843 964 perpetuis
869 883 1021 946 Ecclesiae
1047 883 1203 946 Romanae
1224 881 1317 944 hosti·
1344 884 1346 931 :
1373 882 1410 944 ab
1431 881 1569 945 eiusdem
1597 890 1703 945 tamen
1733 900 1835 946 sacrae
1865 883 2125 962 congregationis

571 977 627 1040 bus
647 977 746 1041 aditus
767 977 802 1038 ad
833 993 928 1040 novas
958 976 1160 1040 cumulandas
1190 976 1318 1038 iniurias
1343 938 1347 1071 ι
1375 975 1526 1054 praelecto
1546 977 1685 1053 signatis,
1714 977 1877 1056 sigilloque
1902 979 1993 1041 solito
2019 977 2126 1042 muni-

571 1071 738 1150 aperiatur,
762 1071 814 1136 SS.
836 1073 870 1134 l).
889 1070 925 1132 N.
944 1070 1144 1134 innocentius
1158 1070 1236 1147 Papa
1251 1069 1316 1144 lll.,
1344 1075 1346 1150 t
1376 1069 1424 1144 tis,
1447 1069 1522 1132 tides
1542 1071 1650 1132 eadem
1671 1072 1865 1148 adhibeatur,
1882 1089 1960 1151 quae
1975 1073 2048 1152 ipsis
2063 1072 2126 1134 ori-

570 1181 700 1228 suorum
721 1166 989 1245 praedecessorum
1015 1165 1220 1228 summorum
1239 1163 1318 1226 Pon·
1345 1172 1347 1226 :
1375 1161 1527 1238 ginalihus
1539 1171 1761 1241 praestaretur:
1779 1181 1842 1227 non
1854 1165 2046 1228 obstantibus
2058 1165 2127 1244 qui-

572 1258 691 1324 tisinum
712 1259 850 1337 vestigiis
870 1259 1069 1334 inhaerendo,
1086 1259 1179 1320 etiam
1194 1260 1232 1320 de
1246 1273 1317 1320 con·
1345 1227 1347 1305 t
1374 1257 1568 1336 bustumque
1588 1263 1649 1320 etc.
1674 1259 1783 1320 Datum
1806 1257 1922 1322 Romae
1942 1257 1992 1320 die
2013 1276 2055 1320 ιν.
2083 1257 2126 1320 ie-

571 1352 639 1414 silio
665 1360 696 1416 et
722 1362 796 1416 voto
820 1369 915 1416 emm.
945 1359 976 1415 et
1002 1369 1088 1415 revv.
1118 1352 1317 1416 dominorum
1345 1316 1348 1385 ι
1375 1350 1489 1413 bruarii
1511 1368 1699 1414 nucuxxvrr.

573 1447 604 1511 s.
627 1448 663 1509 u.
688 1446 723 1508 n.
747 1441 958 1510 cardinalium
981 1447 1017 1510 oc
1034 1447 1107 1510 aare
1122 1445 1317 1523 propaganda
1345 1400 1347 1472 t
1534 1472 1566 1533 p,
1592 1472 1680 1536 cm
1706 1473 1749 1534 D,
1767 1474 1918 1535 mm„
1940 1473 2122 1552 nacturus.

571 1541 828 1622 praepositorum,
855 1540 1000 1604 omuibus
1021 1548 1051 1602 et
1072 1539 1318 1619 quibuscumque
1346 1574 1348 1619 ,

573 1633 604 1698 S.
617 1635 653 1696 ll.
667 1633 702 1696 E.
715 1633 926 1697 cardinalibus
940 1650 957 1693 a
971 1633 1066 1696 latore
1081 1633 1215 1709 legatis,
1231 1630 1317 1694 Nun·
1346 1670 1348 1721 p

574 1727 623 1788 tiis
644 1727 826 1806 apostolicis,
848 1725 1041 1801 Patriarohis,
1062 1725 1317 1803 Archiepisoopis,

572 1820 827 1898 Μθῑῐθβθῐῑῑᾶῐὶῑὸ,
850 1819 1016 1898 Episcopis,
1038 1819 1216 1893 ambitibus,
1239 1823 1319 1880 θθῑθ·
1346 1832 1348 1850 “
1416 1825 1483 1901 §2
1509 1825 1588 1888 Cum
1619 1832 1741 1900 autem,
1773 1824 1854 1888 sicut
1884 1825 2015 1888 dilectus
2043 1824 2127 1888 lilius
2186 1843 2267 1906 arecas
2283 1857 2334 1891 can-

573 1911 1319 1992 risqueomnibusOrdinariis,deutroqueclero
1346 1954 1348 2009 ;
1376 1919 1550 1980 Bernartius
1582 1918 1728 1996 losephus
1755 1935 1771 1978 a
1798 1919 1866 1980 lesu
1897 1919 2003 1994 Maria,
2030 1919 2128 1982 irater
2147 1895 2334 1998 ξξξξῆῗωτῇξζ

571 2006 718 2069 saeculari
741 2013 771 2067 et
792 2005 941 2083 regulari,
967 2005 1202 2068 ecclesiasticam
1229 2005 1318 2067 iuris·
1346 2072 1348 2093 ,
1375 2027 1519 2088 explesse
1540 2011 1693 2090 protessus
1712 2010 1833 2074 Ordinis
1848 2013 2004 2075 ltlinorum
2021 2011 2127 2075 Sancti
2147 2004 2282 2106 ξξτξᾞῃξῗ
2300 2009 2335 2053 ⁰¹¹·
2386 2003 2387 2074 l

573 2101 741 2165 dictionem
762 2110 824 2163 tam
839 2101 1024 2164 ordinariam
1040 2117 1133 2178 quam
1148 2098 1319 2176 delegatam
1347 2102 1349 2163 l
1376 2105 1529 2170 Francisci
1563 2106 1601 2167 de
1637 2104 1838 2170 Obseruantia
1877 2105 2127 2168 Reformatorum

572 2196 605 2258 iu
619 2197 682 2259 suis
700 2195 962 2260 iurisdictionibus
976 2195 1041 2255 sire
1056 2193 1244 2258 dioecesibus
1259 2209 1320 2254 res·
1347 2178 1349 2263 Ἑ
1376 2207 1628 2277 nuncupatorum
1651 2205 1681 2259 et
1703 2196 1866 2259 tribunalis
1894 2197 1924 2261 S.
1950 2199 2127 2277 inquisitio·

573 2291 694 2370 pective
725 2287 958 2364 exercentium,
988 2288 1021 2350 in
1050 2287 1169 2350 virtute
1198 2293 1320 2348 sanctae
1347 2307 1349 2356 t
1376 2291 1424 2353 nis
1438 2292 1640 2370 qualificator,
1654 2307 1712 2354 nec
1726 2307 1790 2354 nou
1807 2293 1977 2355 charissimi
1993 2294 2025 2356 in
2039 2294 2130 2357 Chri-

573 2383 762 2448 Obedientiae
791 2382 928 2459 iniuncti
949 2387 1041 2460 atque
1067 2379 1198 2455 inhibet,
1222 2395 1262 2440 nc
1283 2380 1320 2440 de
1347 2366 1349 2435 Ῑ
1376 2392 1423 2446 sto
1446 2383 1501 2446 salii
1529 2384 1627 2446 nostri
1661 2384 1761 2450 Caroli
1793 2385 2011 2464 Hispaniarum
2042 2386 2127 2463 regis

572 2483 675 2540 cetero
696 2476 944 2555 quibuscumque
965 2474 1086 2538 Graecis
1107 2483 1169 2537 tam
1187 2472 1321 2534 saecula·
1347 2473 1350 2565 ι
1376 2477 1516 2540 catholici
1548 2477 1757 2552 concionator,
1785 2494 1818 2540 ao
1845 2479 2074 2541 commissarius
2097 2485 2128 2542 et

572 2571 658 2632 ribus
685 2586 780 2648 quam
806 2568 1027 2644 ecclesiasticis,
1054 2567 1149 2630 etiam
1170 2565 1322 2643 regulari·
1348 2592 1350 2658 ι
1376 2579 1557 2650 procurator
1578 2571 1731 2649 generalis
1753 2573 1783 2636 in
1803 2573 1939 2635 nomana
1967 2572 2058 2636 Curia
2082 2580 2128 2636 to·

573 2663 640 2740 bus,
669 2679 866 2743 quacumque
893 2661 1056 2740 dignitate,
1086 2660 1227 2740 quamvis
1254 2658 1322 2720 aba·
1348 2659 1350 2741 ζ
1378 2665 1438 2726 tius
1449 2663 1583 2728 familiae
1597 2666 1844 2740 Terraesanctae,
1857 2665 1945 2728 uobis
1960 2680 2060 2744 nuper
2076 2683 2128 2728 ex-

574 2759 648 2834 stiti,
670 2776 725 2821 ⁸011
746 2756 1033 2831 archimandritiali,
1059 2753 1233 2834 elliS⁰⁰l²1¹i2
1257 2767 1321 2813 me·
1348 2758 1350 2813 Ι
1377 2760 1449 2837 poni
1471 2759 1554 2834 lecit,
1577 2759 1712 2821 firmiora
1733 2760 1796 2821 sint
1818 2775 1862 2835 ea,
1881 2759 1994 2838 quibus
2016 2761 2127 2824 iterata

574 2852 757 2931 tropolitiaa,
780 2850 1028 2930 archiepiscopali
1047 2850 1113 2911 sive
1128 2845 1321 2927 patriarchali
1348 2914 1350 2951 Ι
1376 2853 1492 2916 necnon
1514 2851 1703 2932 Apostolione
1725 2852 1810 2915 Sedis
1832 2853 2012 2916 auotoritas:
2037 2854 2127 2918 nonis

574 2945 777 3023 fulgentibus,
801 2945 891 3010 tacite
912 2943 963 3004 rel
991 2959 1145 3022 expresse,
1168 2941 1225 3004 sub
1246 2955 1321 3018 quo·
1348 2984 1350 3011 .
1377 2953 1538 3025 propterea
1560 2945 1659 3008 dictus
1674 2945 1848 3008 Beruardns
1863 2947 2007 3026 Iosephus
2022 2947 2128 3012 humi-

573 3055 707 3118 cumque
741 3045 924 3118 praetextu,
962 3038 1142 3116 permittant
1177 3035 1321 3113 pecunias
1348 3070 1349 3117 t
1377 3041 1448 3102 liter
1472 3038 1636 3118 supplicari
1661 3039 1744 3114 iecit,
1772 3045 1808 3101 ut
1833 3040 1993 3102 decretum
2019 3039 2130 3104 huius·

574 3139 767 3212 quaestuare,
791 3131 841 3194 vel
862 3130 973 3210 quovis
993 3130 1053 3192 alio
1075 3131 1165 3192 modo
1187 3129 1320 3190 eleemo·
1347 3179 1350 3243 1
1377 3131 1459 3194 modi
1480 3131 1662 3208 apostolicae
1679 3131 1923 3194 confirmationis
1938 3139 2061 3194 nostrae
2078 3149 2128 3214 pa-

573 3243 664 3304 synas
686 3245 701 3288 a
723 3226 864 3288 fidelibus
885 3231 1001 3305 petere,
1018 3223 1138 3286 etiamsi
1158 3223 1196 3286 de
1210 3237 1320 3283 eorum
1378 3223 1508 3287 trocinio
1529 3224 1724 3288 communire
1746 3225 1784 3286 de
1801 3223 1993 3302 benignitate
2008 3233 2130 3305 aposto-

575 3321 694 3382 unioue
714 3335 786 3382 oum
808 3319 941 3382 Ecclesia
963 3317 1070 3380 Latini
1089 3332 1143 3394 per
1157 3315 1320 3378 abiuratio·
1347 3282 1350 3399 t
1375 3317 1482 3380 stolich
1503 3318 1713 3394 dignaremur.

574 3429 648 3476 nem
673 3413 846 3476 schismatis
867 3421 897 3476 et
919 3413 991 3474 fidei
1015 3411 1181 3474 catholicae
1207 3409 1322 3488 proies·
1347 3409 1349 3493 t
1415 3413 1434 3486 5
1455 3411 1484 3471 3.
1507 3409 1569 3472 Nos
1591 3413 1698 3487 igitur,
1722 3412 1824 3492 ipsum
1840 3413 2033 3476 bernardum
2049 3415 2129 3478 lose·
2196 3431 2330 3491 canturanae

573 3507 694 3570 sionem
724 3507 755 3569 in
780 3505 922 3568 manib-us
943 3505 1165 3584 Episcoporum
1196 3502 1246 3564 vel
1275 3503 1322 3563 in·
1347 3560 1350 3631 ι
1377 3510 1474 3587 phnm
1494 3507 1678 3586 specialibus
1699 3505 1856 3570 favoribus
1878 3515 1909 3570 et
1931 3507 2035 3585 gratiis
2057 3524 2128 3587 pro·
2149 3483 2220 3530 ‘⁰¹³¹'
2235 3484 2317 3529 ΜΝ

574 3601 761 3680 quisitorum
787 3607 893 3664 contra
924 3598 1109 3661 haereticam
1136 3596 1320 3676 pravitatem
1347 3638 1349 3677 Ι
1376 3601 1462 3679 sequi
1485 3599 1635 3674 volenteS,
1659 3601 1896 3679 etaquibusvis
1913 3601 2129 3675 excommuni-

574 3695 685 3756 litteris
712 3691 971 3757 testimonialibus
997 3691 1171 3764 docuerint,
1194 3689 1244 3751 vel
1266 3705 1321 3768 per
1347 3692 1350 3765 l
1376 3693 1514 3769 cationis,
1530 3693 1740 3772 suspensionis
1758 3702 1789 3755 et
1812 3693 1979 3768 interdicti,
1995 3693 2127 3772 aliisque

573 3789 648 3852 alios
669 3788 830 3867 Episcopos
846 3795 877 3850 et
892 3786 1030 3848 locorum
1045 3784 1221 3849 Ordiuarios
1236 3784 1320 3845 simi·
1347 3780 1350 3838 t
1376 3785 1586 3848 ecclesiasticis
1606 3787 1782 3861 sententiis,
1806 3787 1945 3849 censuris
1960 3795 1990 3850 et
2005 3787 2126 3865 poenis,

575 3881 611 3942 lis
632 3881 872 3962 quaestuationis
903 3878 1061 3941 facultates
1082 3875 1253 3954 inscriptis
1274 3893 1321 3938 ac·
1347 3854 1349 3927 t
1376 3895 1392 3938 a
1413 3879 1481 3940 iure
1504 3879 1554 3940 vel
1575 3879 1611 3940 ab
1626 3879 1763 3954 homine,
1779 3881 1887 3957 quavis
1902 3881 2060 3942 occasione
2075 3879 2129 3942 vel

574 3977 723 4056 ceperint,
740 3975 790 4038 vel
811 3975 847 4037 ad
863 3973 956 4037 fidem
970 3973 1008 4034 de
1023 3987 1104 4033 noro
1119 3969 1261 4033 conversi
1275 3967 1321 4046 (l)
1347 3982 1350 4049 ;
1376 3973 1464 4033 causat
1486 3972 1565 4046 latis,
1580 3973 1607 4033 si
1627 3972 1740 4052 quibus
1755 3973 1985 4052 quomodolibet
1998 3973 2128 4036 innoda-

573 4071 703 4133 aliorum
718 4069 986 4134 schismaticorum
1001 4067 1079 4128 iram
1094 4075 1125 4128 et
1140 4063 1264 4126 insidias
1278 4061 1322 4124 el·
1334 4074 1349 4087 '¹
1378 4073 1426 4128 tus
1448 4065 1563 4140 existit,
1586 4067 1621 4129 ad
1642 4066 1789 4129 edoctum
1810 4066 2021 4144 praesentium
2036 4066 2128 4129 dum-

574 4168 683 4244 lugere
707 4165 809 4228 conati
836 4163 910 4238 siut,
934 4161 984 4224 vel
1005 4161 1041 4222 ad
1069 4159 1214 4222 ellectum
1235 4173 1320 4236 repa·
1347 4114 1349 4185 4
1377 4165 1458 4221 taxat
1485 4161 1749 4238 consequendum,
1779 4159 1892 4222 harum
1917 4160 1998 4222 serie
2028 4160 2128 4224 absol-

574 4261 662 4323 raudi
688 4259 830 4322 ecclesias
857 4257 895 4318 ab
923 4254 1099 4318 infidelibus
1127 4253 1259 4326 dirutas,
1289 4259 1321 4312 et
1347 4260 1349 4311 t
1377 4259 1486 4316 ventes
1507 4259 1537 4316 et
1559 4252 2003 4328 absolutumloreoeusentes,
2020 4253 2127 4316 huius-

574 4369 637 4416 nou
659 4353 850 4415 obstantibus
871 4350 937 4412 aliis
965 4347 1214 4426 quibuscumque
1235 4360 1321 4423 prae·
1347 4366 1349 4451 p
1377 4346 1460 4408 modi
1486 4347 1762 4426 supplicationibus
1789 4347 1942 4422 inclinati,
1965 4347 2128 4410 decretum

575 4447 710 4509 textibus
731 4451 761 4507 et
787 4443 898 4508 causis:
933 4443 996 4504 imo
1027 4439 1129 4519 potius
1160 4453 1268 4500 tamnes
1289 4443 1320 4499 et
1347 4454 1350 4499 t
1376 4443 1616 4522 praeinsertum,
1630 4460 1645 4502 a
1661 4451 1832 4505 memorato
1846 4443 2027 4506 innocentio
2040 4458 2127 4521 prae-

573 4539 711 4618 singulas
740 4539 859 4601 litteras
890 4534 1060 4616 patentales
1087 4550 1102 4594 a
1124 4546 1321 4611 quocumque
1347 4516 1350 4619 l
1376 4535 1536 4598 decessore
1557 4535 1676 4598 editum
1694 4543 1729 4598 ut
1743 4535 1926 4614 praefertur,
1944 4536 2126 4598 auctoritate

576 4633 713 4714 praesule
735 4634 829 4695 etiam
849 4629 972 4710 speciali
994 4629 1065 4692 nott
1080 4628 1175 4704 digno
1191 4633 1251 4688 eta
1268 4625 1321 4686 tri·
1348 4644 1350 4712 ς
1376 4629 1537 4708 apostolica
1559 4635 1669 4692 tenore
1691 4629 1901 4708 praesentium
1922 4630 2128 4710 approbamus

575 4727 738 4790 bucalibus
761 4726 871 4789 Curiae
893 4723 1047 4786 Romanae
1067 4729 1099 4782 et
1120 4719 1258 4782 eiusdem
1276 4733 1322 4779 sa·
1349 4742 1351 4793 r
1378 4731 1408 4785 et
1430 4723 1653 4786 confirmamus
1674 4739 1708 4784 ac
1728 4724 1925 4797 innovamus,
1949 4723 2056 4802 illique
2078 4722 2127 4784 in-

574 4839 643 4884 orae
664 4817 922 4896 Congregationis
947 4817 984 4878 de
1011 4814 1084 4878 Fide
1113 4811 1320 4891 Propagandi,
1349 4804 1351 4817 ’
1379 4816 1528 4880 violabilis
1550 4815 1731 4895 apostolicae
1756 4816 1910 4878 firmitatis
1937 4817 2032 4880 robur
2053 4815 2128 4878 adii-

574 4912 742 4976 dummodo
772 4909 926 4974 contentis
952 4909 984 4970 in
1013 4905 1167 4986 praesenti
1198 4905 1321 4966 decreto
1349 4894 1351 4974 ἓ
1377 4911 1486 4974 rimus.

573 5007 746 5087 specialiter
767 5013 798 5068 et
819 5019 962 5082 expresse
989 5018 1051 5064 nou
1080 4999 1174 5064 luerit
1196 4999 1323 5075 deroga·
1349 5016 1351 5077 ;
1417 5003 1485 5080 st.
1510 5004 1716 5066 decernentes
1738 5005 1858 5068 easdem
1879 5011 2055 5083 praesentes
2076 5003 2126 5066 lit-

576 5111 644 5164 tum
665 5117 737 5164 cum
759 5098 923 5178 posteriori
943 5097 1021 5170 data,
1039 5094 1143 5156 statim
1164 5111 1197 5156 ac
1219 5093 1251 5154 in
1272 5107 1322 5153 eo·
1378 5105 1457 5160 teras
1488 5113 1612 5177 semper
1643 5097 1757 5172 firmas,
1791 5097 1905 5160 validas
1932 5105 1963 5159 et
1991 5097 2126 5160 ethcaces

575 5211 647 5258 rum
668 5191 902 5258 Ordiuariorum
923 5205 1034 5252 manus
1056 5185 1265 5268 pervenerint,
1286 5183 1322 5245 ad
1349 5156 1352 5236 1
1378 5190 1563 5254 existerent
1585 5191 1661 5266 tore,
1688 5205 1822 5269 suosque
1852 5190 2005 5269 plenarios
2027 5197 2058 5252 ot
2080 5191 2126 5252 in.

573 5303 689 5351 sacram
711 5287 749 5349 de
776 5287 849 5348 Fido
876 5280 1072 5361 Propagandi
1104 5278 1323 5356 congregatio-
1349 5280 1351 5333 i
1380 5293 1481 5360 tegros
1512 5283 1639 5346 allectus
1668 5283 1773 5346 sortiri
1794 5291 1825 5345 et
1855 5283 2007 5358 obtinere,
2037 5301 2070 5346 aa
2092 5283 2126 5345 il-

575 5399 647 5443 nout
671 5379 892 5442 transmittant.
911 5377 949 5438 Et
965 5391 1005 5438 ne
1020 5381 1126 5436 contra
1142 5371 1322 5450 praemisso·
1349 5426 1351 5455 ,
1378 5377 1426 5452 lis,
1449 5379 1485 5440 aa
1507 5394 1584 5456 quos
1604 5383 1721 5456 spectat
1740 5386 1770 5440 et
1785 5393 1840 5456 pro
1857 5386 1996 5457 tempore
2010 5383 2128 5456 specta

574 5489 646 5536 rura
668 5473 811 5534 omnium
832 5469 1059 5534 observantiam
1081 5464 1207 5544 allegari
1228 5463 1323 5542 possit
1379 5467 1434 5542 bit,
1458 5468 1636 5546 plenissime
1656 5469 1828 5545 suth-agari,
1845 5475 1875 5530 et
1896 5468 1991 5531 abeis
2007 5485 2128 5546 respec-

576 5567 690 5629 luturis
705 5565 895 5644 temporibus
910 5561 1096 5640 ignorantia,
1110 5561 1218 5624 eadem
1230 5559 1323 5622 Sauo·
1349 5532 1351 5619 t
1379 5558 1442 5620 tive
1457 5559 1677 5622 inviolabiliter
1692 5559 1858 5634 observari,
1874 5559 1979 5638 sicque
1994 5561 2026 5621 iu
2042 5575 2126 5638 prae·

577 5660 645 5720 titas
666 5661 736 5733 Sua,
761 5661 799 5721 de
819 5657 947 5720 consilio
969 5653 1152 5718 eorumdem
1174 5652 1205 5716 S.
1229 5653 1266 5714 lt.
1284 5652 1318 5714 h.
1349 5636 1351 5707 t
1378 5652 1478 5714 missis
1503 5669 1558 5731 per
1579 5669 1792 5732 quoscumque
1817 5653 1931 5716 iudices
1955 5653 2125 5716 ordinarios

576 5752 797 5827 Cardinalium,
820 5749 919 5812 voluit
948 5757 981 5812 ut
1011 5749 1081 5811 huic
1113 5749 1246 5822 albereto,
1270 5753 1322 5808 aut
1349 5806 1351 5816 ,
1379 5752 1409 5806 et
1431 5745 1597 5822 delegatos,
1620 5745 1714 5808 etiam
1735 5763 1895 5808 causarum
1924 5745 2027 5826 palatii
2057 5762 2128 5824 apo-

1416 1582 1496 1644 Looo
1509 1580 1530 1660 †
1543 1581 1646 1660 sigilli.

1664 1688 1701 1752 tl.
1727 1689 1854 1753 cannas
1874 1691 2106 1754 secretarius.»

618 5962 647 6018 (l)
664 5961 730 6007 nuit.
747 5961 824 6008 blatin.
840 5961 905 6019 legit
920 5965 1046 6007 concern.
