4848 6990
958 630 1166 676 leudebertus
1189 631 1244 676 llll.

327 751 390 830 ipse
411 767 472 829 quo
493 750 663 830 praedictae
689 750 805 812 Urbani
831 747 1072 828 praedecessoris

327 844 458 916 litterae,
479 859 557 922 quae
571 861 587 903 a
602 843 783 905 recolendae
799 843 967 906 memoriae
981 842 1072 904 lnno-

327 938 429 1000 centio
450 936 488 1000 li.
513 944 544 998 et
566 936 728 999 Clemente
749 936 843 998 etiam
865 937 903 998 ll.
927 934 1091 998 Romanis,

327 1031 524 1093 Pontificibus
559 1029 840 1108 praedecessoribus
873 1030 987 1108 pariter
1018 1045 1072 1088 no·

325 1125 397 1186 stris
417 1125 617 1186 confirmatae
644 1122 784 1198 luerunt,
806 1124 943 1186 exactius
971 1122 1072 1184 obser-

327 1225 452 1293 ventur,
476 1218 541 1280 illas
563 1233 619 1295 per
639 1232 695 1279 nos
715 1217 831 1294 pariter
850 1216 1024 1278 confirmari
1042 1223 1073 1278 et

327 1311 469 1374 innovari
490 1311 656 1374 desideret:
681 1327 748 1385 nos,
771 1311 954 1372 eorumdem
975 1325 1072 1372 sacro-

326 1421 398 1467 rum
419 1413 698 1466 monumentorum
720 1404 947 1466 conservationi
964 1409 995 1465 et
1009 1419 1073 1464 ma·

326 1499 504 1562 nutentioni
525 1497 687 1561 consulere
712 1498 864 1572 volentes
887 1499 923 1561 de
945 1513 1072 1559 venera·

326 1593 436 1655 bilium
458 1593 590 1654 fratrum
612 1601 790 1654 nostrorum
813 1591 843 1654 S.
861 1592 896 1652 lt.
915 1593 949 1654 E.
970 1592 1072 1654 Cardi-

327 1687 446 1749 nalium
467 1687 600 1762 negotiis
620 1687 833 1762 Propagandaa
847 1684 932 1748 Fidei
948 1701 1072 1764 praepo-

324 1782 455 1844 sitorum
477 1779 618 1852 consilio,
634 1780 802 1856 praedictas
817 1779 933 1841 Urbani
948 1779 1072 1858 praede·

325 1875 454 1936 cessoris
464 1873 582 1935 litteras
597 1872 759 1951 apostolica
770 1873 951 1935 auctoritate
963 1878 1071 1933 tenore

326 1969 536 2049 praesentium
555 1967 776 2030 confirmamus
790 1967 904 2045 pariter
920 1975 950 2026 et
965 1980 1072 2043 appro-

326 2063 448 2136 bamus,
482 2061 610 2140 illasque
640 2061 827 2122 innovamus
858 2068 888 2121 et
915 2058 1071 2128 observari

326 2155 517 2219 mandamus.

106 2253 308 2354 ,ofissfflfflss
366 2253 385 2326 ἓ
405 2251 434 2312 2.
458 2249 610 2312 Volumus
628 2255 732 2311 autem
748 2257 782 2310 ut
797 2247 1000 2322 Patriarchae,
1016 2246 1073 2307 Ar-

88 2360 184 2406 ureanr
201 2363 269 2408 vru.
326 2345 508 2423 cbiepiscopi
537 2351 568 2405 et
590 2343 731 2422 Episcopi
758 2342 904 2420 praedicti
932 2341 964 2402 in
994 2341 1071 2402 rela-

326 2439 411 2501 tione
430 2437 527 2500 statfis
557 2453 687 2499 suarum
717 2435 926 2508 ecelesiamm,
949 2435 1072 2512 quando

325 2533 496 2595 visitabunt
527 2531 637 2593 limina
667 2529 886 2608 Apostolorum
918 2527 1069 2600 iacienda,

325 2626 460 2689 relerant
481 2642 514 2687 se
535 2625 697 2704 praedictis
718 2623 832 2685 Urbani
862 2621 1070 2700 praedeeesso-

325 2720 410 2782 ribus
435 2727 467 2782 et
493 2717 707 2797 praesentibus
737 2717 848 2778 litteris
880 2715 992 2778 nostris
1021 2731 1072 2792 pa-

324 2815 438 2874 ruisse:
462 2811 625 2874 contrariis
646 2827 710 2872 non
733 2809 924 2871 obstantibus
945 2807 1070 2887 quibus-

324 2923 469 2984 cumque.

365 3002 383 3076 ἓ
398 3001 426 3062 3.
444 3000 597 3062 Volumus
609 2999 734 3077 insuper
749 2997 973 3060 utearurndem
985 3012 1072 3074 prae·

324 3095 462 3157 sentium
483 3093 698 3170 transumptis,
720 3092 815 3153 etiam
836 3090 992 3168 impressis
1008 3105 1072 3150 ma-

324 3205 367 3250 nu
390 3187 518 3250 alicuius
545 3184 657 3246 notarii
686 3183 798 3261 publici
826 3182 1018 3260 subscriptis,
1040 3189 1070 3243 et

323 3281 425 3358 sigillo
456 3295 604 3358 personae
631 3279 663 3338 in
691 3275 893 3338 ecclesiastica
920 3276 1071 3351 dignitate

324 3375 508 3436 constitutae
536 3371 683 3444 munitis,
712 3368 819 3430 eadem
844 3385 969 3448 prorsus
996 3369 1070 3431 fides

138 2999 275 3047 Clausulas.

324 3467 441 3545 ubique
461 3467 602 3528 locorum
623 3459 780 3536 habeatur,
795 3478 874 3540 quae
894 3463 967 3540 ipsis
984 3479 1071 3540 prae·

323 3560 463 3622 sentibus
484 3558 659 3632 baberetur,
675 3557 701 3617 si
721 3555 824 3618 lorent
844 3555 998 3618 exhibitae
1019 3556 1070 3618 vel

324 3661 473 3715 ostensae.

364 3748 475 3808 Datum
490 3745 615 3818 Romae,
628 3742 705 3820 apud
722 3743 753 3806 S.
769 3741 894 3804 blaciam
910 3743 1068 3816 Maiorem,

323 3841 381 3903 sub
401 3839 516 3901 annulo
541 3837 713 3910 PiscatoriS,
739 3835 788 3898 die
812 3852 899 3896 xxiv.
924 3835 1069 3897 februarii

324 3949 491 4008 xocxevr,
514 3931 708 4010 pontificatus
729 3931 827 3990 nostri
848 3945 929 3991 anno
950 3947 980 3990 v.

662 4212 726 4274 llll.

325 4403 480 4464 litatooute
514 4399 747 4462 constitutione
778 4398 959 4462 Alemondri
990 4397 1066 4468 vlt,

362 4496 450 4558 circo
473 4500 646 4555 concentus
671 4491 899 4554 cardinalium
913 4498 1070 4568 protecto·

362 4604 436 4650 rum
460 4587 591 4666 Collcpii
616 4585 798 4648 Germanici
821 4592 851 4646 ct
874 4585 1066 4664 Hatnpurici,

361 4683 523 4760 permittit
552 4687 590 4742 ot
618 4679 651 4740 bi
674 4695 737 4740 noo
759 4679 794 4738 io
823 4679 901 4741 colo
931 4680 961 4741 S·
989 4677 1069 4744 Coo·

361 4776 559 4854 precationis
585 4779 746 4852 coeatur,
773 4773 826 4834 sod
847 4773 883 4832 iac
911 4774 978 4849 ipso
1007 4775 1067 4836 eol-

361 4869 441 4948 16916
463 4867 517 4946 (l).

491 5034 743 5104 txxoeexrttts
760 5036 820 5103 ΡΡ.
839 5035 895 5102 xtt.

440 5161 477 5228 ad
499 5165 669 5245 perpetuen
692 5161 735 5226 rei
765 5160 945 5226 memorien.

127 5355 273 5403 exoratum.
361 5341 394 5402 ln
416 5354 563 5418 supremo
577 5338 741 5400 militantis
755 5335 906 5400 Ecclesiae
920 5337 997 5398 solio
1013 5353 1067 5415 per

320 5431 508 5495 inefiabilem
530 5431 654 5493 divinae
676 5431 819 5491 bonitatis
833 5430 1064 5502 abundantiam,

320 5525 408 5589 nullo
430 5526 501 5588 lieet
521 5526 706 5586 meritorum
721 5521 877 5598 suffragio,
893 5523 1063 5596 constituti,

319 5635 354 5682 ea
374 5637 453 5699 quae
473 5637 488 5681 a
510 5619 654 5682 Romanis
675 5617 874 5679 Pontificibus
889 5619 1064 5694 praedeees-

318 5714 439 5776 soribus
459 5714 573 5775 nostris
595 5728 650 5790 pro
678 5711 809 5772 feliciter
829 5709 998 5785 dirigendis
1019 5725 1064 5769 se-

318 5807 457 5870 minariis
478 5813 508 5868 et
529 5805 666 5882 collegiis
686 5803 933 5882 quibuscumque
948 5802 1064 5880 ubique

360 6021 390 6078 (l)
405 6021 442 6064 Ex
456 6019 597 6066 'tabulario
611 6021 634 6063 S.
651 6021 675 6063 C.
691 6017 723 6063 de
737 6020 810 6074 Prop.
826 6016 895 6062 Fide.

1796 616 1851 682 leb
1902 619 2090 674 an.c.1eac

1129 747 1279 826 locorum,
1295 751 1347 814 sed
1369 754 1566 831 potissimum
1581 755 1612 816 in
1627 753 1707 816 almi
1721 754 1803 816 Urbe
1816 770 1871 816 no-

1127 844 1199 916 stra,
1223 860 1315 907 verae
1345 847 1504 923 religionis
1535 865 1613 922 arce,
1638 865 1676 909 ex
1696 863 1755 926 qua
1777 849 1872 909 bono·

1129 952 1200 998 rum
1224 953 1352 1016 operum
1377 940 1516 1018 exempla
1536 941 1568 1002 in
1591 957 1698 1002 omnes
1712 941 1870 1003 christiani

1128 1031 1209 1092 erbis
1231 1038 1332 1108 partes
1353 1033 1473 1096 assidue
1497 1035 1725 1110 driiunduntur,
1749 1035 1872 1098 institu-

1128 1123 1179 1198 tis,
1201 1124 1366 1202 sapienter,
1388 1143 1421 1189 ac
1443 1142 1489 1202 eo,
1513 1128 1567 1205 qui
1587 1129 1760 1190 seeundum
1775 1127 1874 1189 seien-

1130 1216 1203 1278 tiam
1225 1223 1282 1292 est,
1298 1219 1352 1280 Uei
1374 1220 1440 1282 zelo
1455 1221 1593 1282 ordinata
1607 1237 1673 1282 esse
1689 1229 1872 1296 noscuntur,

1130 1317 1163 1371 ut
1185 1310 1273 1372 firma
1295 1329 1418 1391 semper
1438 1321 1530 1392 atque
1552 1313 1665 1374 illibata
1693 1321 1872 1388 serventur,

1128 1405 1285 1481 apostolici
1317 1407 1500 1470 muniminis
1528 1407 1624 1468 nostri
1647 1405 1817 1484 patrocinio
1839 1407 1875 1468 li-

1128 1497 1238 1558 benter
1260 1498 1451 1574 roboramus,
1468 1508 1606 1562 maturae
1621 1499 1874 1562 considerationis

1129 1591 1246 1651 trutina
1277 1593 1446 1670 perpensis,
1478 1592 1642 1654 salubriter
1673 1591 1818 1670 expedire
1840 1591 1873 1652 in

1129 1683 1261 1746 Domino
1282 1687 1478 1748 arbitramur.

1167 1778 1186 1852 ἓ
1209 1777 1235 1838 1.
1260 1779 1342 1840 Alias
1362 1780 1515 1858 siquidem
1536 1798 1550 1840 a
1573 1780 1668 1842 ielicis
1690 1779 1874 1842 recordatio-
1944 1795 1981 1841 xo
1996 1796 2103 1842 averan-

1129 1870 1176 1930 nis
1197 1871 1372 1934 Alexandro
1393 1873 1470 1950 Papa
1491 1872 1555 1935 llll.
1573 1873 1803 1952 praedecessore
1817 1888 1871 1933 no·
1892 1847 2104 1958 gffisdfflffli’ss

1127 1971 1202 2036 stro,
1225 1979 1280 2041 pro
1301 1965 1382 2028 leliei
1404 1967 1546 2044 rectique
1561 1967 1683 2044 collegii
1698 1966 1872 2028 Germanici
1891 1956 2104 2056 fflugffigfffflg

1128 2067 1158 2121 et
1179 2061 1346 2137 Hungarici
1369 2063 1405 2124 de
1427 2062 1510 2123 Urbe
1540 2061 1686 2141 illiusque
1713 2077 1820 2122 rerum
1842 2062 1974 2124 etf0r1.na
1995 2066 2104 2163 congra-

1127 2153 1282 2215 bonorum
1296 2155 1575 2228 administratione,
1591 2161 1777 2216 emanarunt
1791 2153 1871 2214 litte·
1890 2119 2026 2215 {itii‘iffl
2045 2127 2104 2227 ρῗοῗ

1127 2262 1179 2308 rae
1199 2248 1232 2308 in
1254 2249 1350 2310 simili
1371 2249 1468 2310 lormai
1490 2249 1597 2309 Brevis
1619 2247 1735 2310 tenoris
1756 2247 1810 2325 qui
1827 2264 1873 2310 se·
1891 2225 2025 2270 ¹⁰⁰²⁰ffl¹⁰⁸

1127 2341 1246 2418 quitur,
1269 2341 1425 2405 videlicet:

1167 2433 1384 2498 ‹Ateconder
1412 2437 1474 2498 Pl’.
1510 2437 1585 2509 Vll,
1618 2436 1660 2498 od
1686 2443 1872 2514 perpetuom

1128 2527 1175 2587 rei
1197 2529 1391 2591 memoriani.
1418 2529 1454 2592 Ut
1477 2529 1606 2606 Collegii
1633 2528 1807 2590 Germanici
1829 2535 1872 2590 at-

1127 2637 1187 2698 que
1209 2621 1374 2698 ilungariei
1397 2625 1435 2685 de
1456 2623 1549 2698 Urbe,
1573 2629 1629 2686 ete.
1653 2623 1709 2704 (2).

1167 2713 1279 2774 Datum
1300 2715 1425 2790 Romae,
1442 2715 1520 2796 apud
1536 2716 1565 2778 S.
1585 2715 1732 2790 Marcum,
1748 2717 1806 2777 sub
1819 2732 1872 2776 an·

1128 2807 1204 2868 nulo
1235 2807 1407 2884 Piscatoris,
1439 2810 1488 2872 die
1519 2826 1609 2871 xvuv.
1641 2810 1707 2871 dee.
1739 2826 1871 2886 uocxn,

1127 2900 1323 2978 pontificatus
1345 2903 1442 2964 nostri
1465 2919 1546 2964 anno
1568 2919 1645 2964 vr.»

1166 3088 1185 3162 ἓ
1206 3089 1236 3149 2.
1258 3088 1338 3150 Cum
1359 3095 1475 3164 autem,
1499 3090 1578 3154 sicut
1599 3078 1782 3170 decepimus,
1802 3090 1872 3153 licet
1917 3115 1998 3176 causa
2014 3113 2103 3159 eonor-

1126 3183 1292 3258 praemissa
1313 3199 1330 3243 a
1351 3191 1521 3245 memorato
1543 3183 1717 3246 Alexandro
1747 3184 1873 3263 praede·
1890 3167 2103 3268 ξὲῑὲὲξζῗηῇἳιῑῗῖ

1126 3290 1245 3338 cessere
1265 3275 1393 3354 provido
1425 3279 1633 3357 prudentique
1660 3278 1778 3340 luerint
1800 3274 1938 3340 con-¹11³·

1125 3368 1232 3429 stituta
1263 3370 1402 3446 consilio,
1426 3371 1477 3432 illa
1508 3370 1713 3433 nibilominus
1740 3372 1872 3433 minime

1125 3461 1344 3524 observentur:
1368 3464 1442 3526 binc
1461 3473 1508 3526 est
1527 3466 1609 3542 quod
1636 3481 1703 3538 nos,
1724 3465 1873 3543 praedicti

1125 3555 1247 3632 collegii
1269 3557 1466 3620 indemnitati
1487 3573 1696 3637 prosperoque
1711 3559 1794 3620 illins
1811 3565 1872 3620 tam

1125 3649 1278 3727 spirituali
1298 3667 1391 3728 quam
1412 3653 1575 3731 temporali
1597 3653 1753 3729 regimini,
1775 3669 1874 3730 quan-

1126 3748 1194 3804 tum
1216 3745 1303 3805 nobis
1325 3759 1363 3805 ex
1391 3745 1451 3806 alto
1483 3747 1676 3822 conceditur,
1709 3745 1872 3824 providere

1126 3838 1293 3916 cupientes,
1317 3846 1405 3900 motu
1427 3841 1560 3919 proprio,
1578 3857 1611 3902 ae
1625 3857 1663 3901 ex
1678 3842 1759 3902 certa
1773 3841 1873 3901 scien-

1125 3931 1166 3992 tia
1189 3939 1218 3992 et
1240 3933 1361 3993 matura
1382 3933 1603 3994 deliberatione
1624 3934 1749 4008 nostris,
1773 3932 1872 4012 deque

1125 4023 1871 4106 apostolicaepotestatisplenitudine,praeinser-

1125 4124 1170 4179 tas
1190 4116 1356 4178 Alexandri
1377 4119 1618 4196 praedecessoris
1647 4119 1775 4194 litteras,
1798 4136 1871 4182 eum

1125 4211 1269 4272 omnibus
1285 4217 1316 4271 et
1329 4212 1461 4287 singulis
1476 4211 1509 4273 in
1524 4213 1567 4273 eis
1582 4213 1746 4289 contentis,
1764 4221 1872 4275 tenore

1125 4304 1335 4382 praesentium
1356 4311 1505 4382 perpetuo
1527 4307 1730 4384 approbamus
1752 4315 1782 4368 et
1800 4322 1872 4369 eon-

1124 4397 1285 4458 firmamus
1306 4413 1340 4458 ae
1356 4398 1553 4473 innovamus,
1570 4399 1692 4477 illisque
1708 4399 1871 4461 inviolabi-

1123 4490 1162 4550 lis
1193 4497 1224 4551 et
1255 4490 1473 4568 irreiragabilis
1504 4493 1683 4570 apostolieae
1716 4493 1870 4556 firmitatis

1125 4584 1201 4658 vim,
1217 4584 1313 4646 robur
1327 4591 1358 4644 et
1374 4585 1537 4646 efficaciam
1552 4584 1762 4662 adiungimus,
1780 4588 1870 4665 ipsas·

1124 4694 1184 4756 que
1205 4678 1370 4739 Alexandri
1392 4677 1630 4756 praedecessoris
1646 4679 1773 4755 litteras,
1789 4688 1820 4741 et
1836 4681 1868 4742 in

1123 4772 1166 4832 eis
1187 4779 1332 4833 contenta
1358 4771 1548 4846 huiusmodi,
1576 4774 1733 4851 perpetuis
1755 4772 1869 4835 luturis

1124 4867 1314 4944 temporibus
1335 4867 1556 4929 inviolabiliter
1577 4876 1607 4929 et
1624 4869 1801 4931 inconcusse
1817 4870 1869 4931 ob-

1122 4960 1238 5020 servari
1266 4959 1470 5038 praecipimus
1492 4967 1523 5021 et
1545 4963 1737 5022 mandamus.
1762 4963 1805 5024 lta
1825 4969 1869 5022 ta·

1124 5069 1195 5114 men
1218 5059 1253 5114 ut
1273 5054 1306 5114 in
1328 5061 1486 5132 posterum
1508 5055 1671 5115 memorati
1693 5053 1867 5118 cardinales

1123 5147 1195 5210 dicti
1215 5147 1335 5222 collegii
1357 5155 1543 5224 protectores
1565 5164 1619 5226 pro
1641 5149 1773 5225 negotiis
1788 5151 1867 5213 eius-

1122 5240 1193 5302 dem
1215 5239 1335 5316 collcgii
1356 5242 1575 5318 pertractandis
1598 5257 1660 5303 non
1682 5243 1813 5320 amplius
1835 5244 1868 5306 in

1122 5333 1190 5394 aula
1212 5334 1466 5410 congregationis
1487 5336 1777 5398 secundodietorum
1795 5337 1868 5398 Gar·

1122 5426 1284 5502 dinalium,
1307 5428 1391 5488 iuxta
1407 5427 1586 5490 earumdem
1601 5428 1766 5490 Alexandri
1783 5447 1867 5508 prae-

1122 5520 1287 5581 decessoris
1309 5519 1485 5581 litterarum
1506 5521 1740 5600 praescriptum,
1759 5521 1811 5582 sed
1833 5522 1866 5582 in

1121 5614 1186 5691 ipso
1206 5612 1335 5689 collegio
1356 5612 1547 5674 commodius
1567 5630 1601 5674 ae
1626 5613 1798 5692 expeditius
1818 5630 1868 5677 oc-

1120 5707 1318 5768 currentibus
1340 5705 1423 5767 illius
1450 5706 1683 5768 necessitatibus
1704 5707 1866 5770 consulere

1120 5799 1348 5874 valeant,eu1n
1376 5800 1556 5862 interventu
1584 5801 1746 5862 memorati
1767 5817 1864 5863 secre-

1090 6018 1095 6072 t
1161 6016 1190 6072 (l)
1205 6013 1316 6072 Reliqua
1330 6013 1388 6059 vide
1402 6012 1456 6059 Vol.
1471 6015 1499 6068 1.,
1514 6020 1570 6072 pag.
1586 6013 1632 6057 325.
