<?xml version="1.0" encoding="UTF-8"?>
<!DOCTYPE html PUBLIC "-//W3C//DTD XHTML 1.0 Transitional//EN"
    "http://www.w3.org/TR/xhtml1/DTD/xhtml1-transitional.dtd">
<html xmlns="http://www.w3.org/1999/xhtml" xml:lang="en" lang="en">
 <head>
  <title>
</title>
<meta http-equiv="Content-Type" content="text/html;charset=utf-8" />
  <meta name='ocr-system' content='tesseract 3.04.00' />
  <meta name='ocr-capabilities' content='ocr_page ocr_carea ocr_par ocr_line ocrx_word'/>
</head>
<body>
  <div class='ocr_page' id='page_1' title='image "./iurispontificii04martgoog_0505.png"; bbox 0 0 4844 6990; ppageno 0'>
   <div class='ocr_carea' id='block_1_1' title="bbox 55 1725 282 1880">
    <p class='ocr_par' dir='ltr' id='par_1_1' title="bbox 55 1725 282 1880">
     <span class='ocr_line' id='line_1_1' title="bbox 92 1725 281 1782; baseline 0 -10"><span class='ocrx_word' id='word_1_1' title='bbox 92 1725 281 1782; x_wconf 83' lang='lat' dir='ltr'>Supplicatum</span> 
     </span>
     <span class='ocr_line' id='line_1_2' title="bbox 55 1782 282 1880; baseline 0.004 -1"><span class='ocrx_word' id='word_1_2' title='bbox 55 1782 282 1880; x_wconf 57' lang='lat' dir='ltr'>flamiam·</span> 
     </span>
    </p>
   </div>
   <div class='ocr_carea' id='block_1_2' title="bbox 59 2286 280 2386">
    <p class='ocr_par' dir='ltr' id='par_1_2' title="bbox 59 2286 280 2386">
     <span class='ocr_line' id='line_1_3' title="bbox 109 2286 280 2335; baseline 0.023 -4"><span class='ocrx_word' id='word_1_3' title='bbox 109 2286 280 2335; x_wconf 86' lang='lat' dir='ltr'>confirmatio</span> 
     </span>
     <span class='ocr_line' id='line_1_4' title="bbox 59 2339 207 2386; baseline 0 0"><span class='ocrx_word' id='word_1_4' title='bbox 59 2339 207 2386; x_wconf 85' lang='lat' dir='ltr'>Pontificia.</span> 
     </span>
    </p>
   </div>
   <div class='ocr_carea' id='block_1_3' title="bbox 68 3883 283 4088">
    <p class='ocr_par' dir='ltr' id='par_1_3' title="bbox 68 3883 283 4088">
     <span class='ocr_line' id='line_1_5' title="bbox 93 3883 283 3929; baseline 0.011 -2"><span class='ocrx_word' id='word_1_5' title='bbox 93 3883 229 3929; x_wconf 78' lang='lat' dir='ltr'><strong>Decretum</strong></span> <span class='ocrx_word' id='word_1_6' title='bbox 243 3883 283 3929; x_wconf 90' lang='lat' dir='ltr'>fir·</span> 
     </span>
     <span class='ocr_line' id='line_1_6' title="bbox 68 3935 283 3998; baseline 0.014 -19"><span class='ocrx_word' id='word_1_7' title='bbox 68 3935 168 3998; x_wconf 80' lang='lat' dir='ltr'>nitatis</span> <span class='ocrx_word' id='word_1_8' title='bbox 206 3947 283 3992; x_wconf 85' lang='lat' dir='ltr'>prae-</span> 
     </span>
     <span class='ocr_line' id='line_1_7' title="bbox 68 3989 281 4037; baseline 0.019 -4"><span class='ocrx_word' id='word_1_9' title='bbox 68 3991 182 4035; x_wconf 86' lang='lat' dir='ltr'>sentium</span> <span class='ocrx_word' id='word_1_10' title='bbox 212 3989 281 4037; x_wconf 90' lang='lat' dir='ltr'>litte-</span> 
     </span>
     <span class='ocr_line' id='line_1_8' title="bbox 69 4053 162 4088; baseline 0.022 -2"><span class='ocrx_word' id='word_1_11' title='bbox 69 4053 162 4088; x_wconf 87' lang='lat' dir='ltr'>rarum.</span> 
     </span>
    </p>
   </div>
   <div class='ocr_carea' id='block_1_4' title="bbox 75 5095 281 5205">
    <p class='ocr_par' dir='ltr' id='par_1_4' title="bbox 75 5095 281 5205">
     <span class='ocr_line' id='line_1_9' title="bbox 120 5095 281 5142; baseline 0.019 -3"><span class='ocrx_word' id='word_1_12' title='bbox 120 5095 281 5142; x_wconf 76' lang='lat' dir='ltr'>abstentiam</span> 
     </span>
     <span class='ocr_line' id='line_1_10' title="bbox 75 5146 209 5205; baseline 0.015 -15"><span class='ocrx_word' id='word_1_13' title='bbox 75 5146 209 5205; x_wconf 76' lang='lat' dir='ltr'>derogatio.</span> 
     </span>
    </p>
   </div>
   <div class='ocr_carea' id='block_1_5' title="bbox 959 571 1180 618">
    <p class='ocr_par' dir='ltr' id='par_1_5' title="bbox 959 571 1180 618">
     <span class='ocr_line' id='line_1_11' title="bbox 959 571 1180 618; baseline -0.005 -1"><span class='ocrx_word' id='word_1_14' title='bbox 959 573 1101 618; x_wconf 75' lang='lat' dir='ltr'><strong>GLEMENS</strong></span> <span class='ocrx_word' id='word_1_15' title='bbox 1123 571 1180 617; x_wconf 84' lang='lat' dir='ltr'>xit.</span> 
     </span>
    </p>
   </div>
   <div class='ocr_carea' id='block_1_6' title="bbox 296 683 1847 870">
    <p class='ocr_par' dir='ltr' id='par_1_6' title="bbox 296 683 1847 870">
     <span class='ocr_line' id='line_1_12' title="bbox 296 683 1845 773; baseline -0.01 -14"><span class='ocrx_word' id='word_1_16' title='bbox 296 697 423 760; x_wconf 89' lang='lat' dir='ltr'>alterins</span> <span class='ocrx_word' id='word_1_17' title='bbox 445 694 609 773; x_wconf 83' lang='lat' dir='ltr'>religionis</span> <span class='ocrx_word' id='word_1_18' title='bbox 630 699 766 756; x_wconf 88' lang='lat' dir='ltr'>renuant</span> <span class='ocrx_word' id='word_1_19' title='bbox 781 709 831 754; x_wconf 92' lang='lat' dir='ltr'>eos</span> <span class='ocrx_word' id='word_1_20' title='bbox 846 691 979 770; x_wconf 89' lang='lat' dir='ltr'>propriis</span> <span class='ocrx_word' id='word_1_21' title='bbox 994 707 1043 752; x_wconf 89' lang='lat' dir='ltr'>su·</span> <span class='ocrx_word' id='word_1_22' title='bbox 1099 689 1195 751; x_wconf 91' lang='lat' dir='ltr'>dultis</span> <span class='ocrx_word' id='word_1_23' title='bbox 1216 696 1247 752; x_wconf 88' lang='lat' dir='ltr'>et</span> <span class='ocrx_word' id='word_1_24' title='bbox 1268 689 1379 751; x_wconf 85' lang='lat' dir='ltr'>litteris</span> <span class='ocrx_word' id='word_1_25' title='bbox 1400 687 1574 767; x_wconf 89' lang='lat' dir='ltr'>apostolicis</span> <span class='ocrx_word' id='word_1_26' title='bbox 1599 685 1631 748; x_wconf 95' lang='lat' dir='ltr'>in</span> <span class='ocrx_word' id='word_1_27' title='bbox 1653 683 1845 747; x_wconf 86' lang='lat' dir='ltr'>contrarium</span> 
     </span>
     <span class='ocr_line' id='line_1_13' title="bbox 296 781 1847 870; baseline -0.011 -18"><span class='ocrx_word' id='word_1_28' title='bbox 296 790 471 870; x_wconf 84' lang='lat' dir='ltr'>parionibus</span> <span class='ocrx_word' id='word_1_29' title='bbox 493 790 670 862; x_wconf 78' lang='lat' dir='ltr'>restituere,</span> <span class='ocrx_word' id='word_1_30' title='bbox 686 787 737 848; x_wconf 90' lang='lat' dir='ltr'>vel</span> <span class='ocrx_word' id='word_1_31' title='bbox 756 787 812 865; x_wconf 91' lang='lat' dir='ltr'>ipsi</span> <span class='ocrx_word' id='word_1_32' title='bbox 834 785 992 862; x_wconf 82' lang='lat' dir='ltr'>regulares</span> <span class='ocrx_word' id='word_1_33' title='bbox 1007 785 1042 846; x_wconf 92' lang='lat' dir='ltr'>ad</span> <span class='ocrx_word' id='word_1_34' title='bbox 1100 783 1338 863; x_wconf 90' lang='lat' dir='ltr'>praemissorum</span> <span class='ocrx_word' id='word_1_35' title='bbox 1355 781 1585 861; x_wconf 82' lang='lat' dir='ltr'>quomodolibet</span> <span class='ocrx_word' id='word_1_36' title='bbox 1601 781 1761 853; x_wconf 81' lang='lat' dir='ltr'>concessis,</span> <span class='ocrx_word' id='word_1_37' title='bbox 1775 791 1847 840; x_wconf 90' lang='lat' dir='ltr'>con·</span> 
     </span>
    </p>
   </div>
   <div class='ocr_carea' id='block_1_7' title="bbox 297 873 1846 975">
    <p class='ocr_par' dir='ltr' id='par_1_7' title="bbox 297 873 1846 975">
     <span class='ocr_line' id='line_1_14' title="bbox 297 873 1846 975; baseline -0.008 -30"><span class='ocrx_word' id='word_1_38' title='bbox 297 883 434 963; x_wconf 89' lang='lat' dir='ltr'>proprias</span> <span class='ocrx_word' id='word_1_39' title='bbox 456 882 613 958; x_wconf 89' lang='lat' dir='ltr'>religiosas</span> <span class='ocrx_word' id='word_1_40' title='bbox 635 881 740 943; x_wconf 88' lang='lat' dir='ltr'>domos</span> <span class='ocrx_word' id='word_1_41' title='bbox 761 879 864 948; x_wconf 87' lang='lat' dir='ltr'>redire</span> <span class='ocrx_word' id='word_1_42' title='bbox 886 885 1042 953; x_wconf 88' lang='lat' dir='ltr'>recusent,</span> <span class='ocrx_word' id='word_1_43' title='bbox 1070 880 1073 975; x_wconf 66' lang='grc' dir='ltr'>ξ</span> <span class='ocrx_word' id='word_1_44' title='bbox 1101 878 1231 939; x_wconf 87' lang='lat' dir='ltr'>firmatis</span> <span class='ocrx_word' id='word_1_45' title='bbox 1257 885 1288 938; x_wconf 91' lang='lat' dir='ltr'>et</span> <span class='ocrx_word' id='word_1_46' title='bbox 1316 876 1490 952; x_wconf 88' lang='lat' dir='ltr'>innovatis;</span> <span class='ocrx_word' id='word_1_47' title='bbox 1513 875 1625 954; x_wconf 92' lang='lat' dir='ltr'>qnibns</span> <span class='ocrx_word' id='word_1_48' title='bbox 1650 873 1793 936; x_wconf 89' lang='lat' dir='ltr'>omnibus</span> <span class='ocrx_word' id='word_1_49' title='bbox 1815 878 1846 933; x_wconf 90' lang='lat' dir='ltr'>et</span> 
     </span>
    </p>
   </div>
   <div class='ocr_carea' id='block_1_8' title="bbox 296 973 1045 1598">
    <p class='ocr_par' dir='ltr' id='par_1_8' title="bbox 296 973 1045 1598">
     <span class='ocr_line' id='line_1_15' title="bbox 296 973 1045 1052; baseline -0.007 -14"><span class='ocrx_word' id='word_1_50' title='bbox 296 994 378 1039; x_wconf 88' lang='lat' dir='ltr'>sacra</span> <span class='ocrx_word' id='word_1_51' title='bbox 399 977 506 1040; x_wconf 88' lang='lat' dir='ltr'>eadem</span> <span class='ocrx_word' id='word_1_52' title='bbox 528 975 734 1052; x_wconf 78' lang='lat' dir='ltr'>congregatio</span> <span class='ocrx_word' id='word_1_53' title='bbox 762 980 911 1050; x_wconf 88' lang='lat' dir='ltr'>utrosque</span> <span class='ocrx_word' id='word_1_54' title='bbox 932 974 968 1035; x_wconf 90' lang='lat' dir='ltr'>ad</span> <span class='ocrx_word' id='word_1_55' title='bbox 998 973 1045 1033; x_wconf 94' lang='lat' dir='ltr'>in-</span> 
     </span>
     <span class='ocr_line' id='line_1_16' title="bbox 296 1065 1042 1149; baseline -0.009 -17"><span class='ocrx_word' id='word_1_56' title='bbox 296 1077 359 1132; x_wconf 90' lang='lat' dir='ltr'>star</span> <span class='ocrx_word' id='word_1_57' title='bbox 369 1075 576 1149; x_wconf 89' lang='lat' dir='ltr'>apostatarum</span> <span class='ocrx_word' id='word_1_58' title='bbox 588 1067 639 1129; x_wconf 94' lang='lat' dir='ltr'>vel</span> <span class='ocrx_word' id='word_1_59' title='bbox 650 1073 797 1146; x_wconf 87' lang='lat' dir='ltr'>apostatas</span> <span class='ocrx_word' id='word_1_60' title='bbox 812 1065 1042 1144; x_wconf 85' lang='lat' dir='ltr'>recipientium,</span> 
     </span>
     <span class='ocr_line' id='line_1_17' title="bbox 298 1158 1044 1226; baseline -0.011 0"><span class='ocrx_word' id='word_1_61' title='bbox 298 1165 330 1226; x_wconf 94' lang='lat' dir='ltr'>in</span> <span class='ocrx_word' id='word_1_62' title='bbox 357 1163 712 1226; x_wconf 77' lang='lat' dir='ltr'>excommunicationem</span> <span class='ocrx_word' id='word_1_63' title='bbox 745 1159 876 1222; x_wconf 89' lang='lat' dir='ltr'>Summo</span> <span class='ocrx_word' id='word_1_64' title='bbox 903 1158 1044 1220; x_wconf 89' lang='lat' dir='ltr'>Pontifici</span> 
     </span>
     <span class='ocr_line' id='line_1_18' title="bbox 298 1251 1043 1324; baseline -0.009 -5"><span class='ocrx_word' id='word_1_65' title='bbox 298 1265 487 1319; x_wconf 81' lang='lat' dir='ltr'>reservatam</span> <span class='ocrx_word' id='word_1_66' title='bbox 510 1256 650 1318; x_wconf 88' lang='lat' dir='ltr'>incursas</span> <span class='ocrx_word' id='word_1_67' title='bbox 671 1252 847 1315; x_wconf 81' lang='lat' dir='ltr'>declaravit.</span> <span class='ocrx_word' id='word_1_68' title='bbox 864 1282 902 1296; x_wconf 93' lang='lat'><em>-</em></span> <span class='ocrx_word' id='word_1_69' title='bbox 917 1251 1043 1324; x_wconf 85' lang='lat' dir='ltr'>Romae,</span> 
     </span>
     <span class='ocr_line' id='line_1_19' title="bbox 298 1343 1045 1427; baseline -0.011 -15"><span class='ocrx_word' id='word_1_70' title='bbox 298 1368 327 1412; x_wconf 91' lang='lat' dir='ltr'>v.</span> <span class='ocrx_word' id='word_1_71' title='bbox 351 1349 535 1427; x_wconf 83' lang='lat' dir='ltr'>septembris</span> <span class='ocrx_word' id='word_1_72' title='bbox 556 1362 783 1410; x_wconf 86' lang='lat' dir='ltr'>uoccxxxvui.</span> <span class='ocrx_word' id='word_1_73' title='bbox 800 1377 838 1392; x_wconf 91' lang='lat'>-</span> <span class='ocrx_word' id='word_1_74' title='bbox 853 1345 875 1406; x_wconf 91' lang='lat' dir='ltr'>l.</span> <span class='ocrx_word' id='word_1_75' title='bbox 901 1343 1045 1408; x_wconf 83' lang='lat' dir='ltr'>Cardine-</span> 
     </span>
     <span class='ocr_line' id='line_1_20' title="bbox 300 1437 1043 1524; baseline -0.007 -21"><span class='ocrx_word' id='word_1_76' title='bbox 300 1443 335 1504; x_wconf 93' lang='lat' dir='ltr'>lis</span> <span class='ocrx_word' id='word_1_77' title='bbox 357 1443 490 1504; x_wconf 73' lang='lat' dir='ltr'>finnio.</span> <span class='ocrx_word' id='word_1_78' title='bbox 509 1473 547 1488; x_wconf 90' lang='lat'>-</span> <span class='ocrx_word' id='word_1_79' title='bbox 562 1441 595 1505; x_wconf 86' lang='lat' dir='ltr'>G.</span> <span class='ocrx_word' id='word_1_80' title='bbox 613 1439 868 1524; x_wconf 69' lang='lat' dir='ltr'>archiepiscopus</span> <span class='ocrx_word' id='word_1_81' title='bbox 879 1437 1043 1511; x_wconf 87' lang='lat' dir='ltr'>Damiatae,</span> 
     </span>
     <span class='ocr_line' id='line_1_21' title="bbox 298 1525 821 1598; baseline -0.006 -2"><span class='ocrx_word' id='word_1_82' title='bbox 298 1535 491 1598; x_wconf 87' lang='lat' dir='ltr'>secretarius.</span> <span class='ocrx_word' id='word_1_83' title='bbox 817 1525 821 1534; x_wconf 77' lang='grc'><strong>“</strong></span> 
     </span>
    </p>
   </div>
   <div class='ocr_carea' id='block_1_9' title="bbox 298 1711 1048 3018">
    <p class='ocr_par' dir='ltr' id='par_1_9' title="bbox 299 1711 1047 2268">
     <span class='ocr_line' id='line_1_22' title="bbox 339 1711 1047 1804; baseline -0.006 -20"><span class='ocrx_word' id='word_1_84' title='bbox 339 1725 358 1800; x_wconf 68' lang='lat'>5</span> <span class='ocrx_word' id='word_1_85' title='bbox 379 1724 408 1784; x_wconf 81' lang='lat' dir='ltr'>l.</span> <span class='ocrx_word' id='word_1_86' title='bbox 434 1723 512 1786; x_wconf 88' lang='lat' dir='ltr'>Cum</span> <span class='ocrx_word' id='word_1_87' title='bbox 532 1725 648 1797; x_wconf 87' lang='lat' dir='ltr'>autem,</span> <span class='ocrx_word' id='word_1_88' title='bbox 665 1723 744 1785; x_wconf 90' lang='lat' dir='ltr'>sicut</span> <span class='ocrx_word' id='word_1_89' title='bbox 765 1722 894 1784; x_wconf 90' lang='lat' dir='ltr'>dilectus</span> <span class='ocrx_word' id='word_1_90' title='bbox 909 1711 1047 1804; x_wconf 80' lang='lat' dir='ltr'>ignatius</span> 
     </span>
     <span class='ocr_line' id='line_1_23' title="bbox 300 1814 1047 1894; baseline -0.007 -16"><span class='ocrx_word' id='word_1_91' title='bbox 300 1824 480 1894; x_wconf 85' lang='lat' dir='ltr'>procurator</span> <span class='ocrx_word' id='word_1_92' title='bbox 501 1816 589 1878; x_wconf 92' lang='lat' dir='ltr'>nobis</span> <span class='ocrx_word' id='word_1_93' title='bbox 607 1815 738 1878; x_wconf 87' lang='lat' dir='ltr'>subinde</span> <span class='ocrx_word' id='word_1_94' title='bbox 759 1815 873 1894; x_wconf 81' lang='lat' dir='ltr'>exponi</span> <span class='ocrx_word' id='word_1_95' title='bbox 889 1814 970 1888; x_wconf 86' lang='lat' dir='ltr'>fecit,</span> <span class='ocrx_word' id='word_1_96' title='bbox 984 1814 1047 1891; x_wconf 90' lang='lat' dir='ltr'>ipse</span> 
     </span>
     <span class='ocr_line' id='line_1_24' title="bbox 300 1907 1047 1988; baseline -0.009 -15"><span class='ocrx_word' id='word_1_97' title='bbox 300 1912 461 1973; x_wconf 89' lang='lat' dir='ltr'>decretum</span> <span class='ocrx_word' id='word_1_98' title='bbox 484 1909 674 1984; x_wconf 88' lang='lat' dir='ltr'>huiusmodi,</span> <span class='ocrx_word' id='word_1_99' title='bbox 691 1923 751 1988; x_wconf 91' lang='lat' dir='ltr'>qno</span> <span class='ocrx_word' id='word_1_100' title='bbox 766 1909 887 1970; x_wconf 88' lang='lat' dir='ltr'>firmius</span> <span class='ocrx_word' id='word_1_101' title='bbox 902 1907 1047 1969; x_wconf 83' lang='lat' dir='ltr'>subsistat</span> 
     </span>
     <span class='ocr_line' id='line_1_25' title="bbox 299 2001 1046 2080; baseline -0.005 -16"><span class='ocrx_word' id='word_1_102' title='bbox 299 2009 331 2064; x_wconf 91' lang='lat' dir='ltr'>et</span> <span class='ocrx_word' id='word_1_103' title='bbox 345 2009 490 2065; x_wconf 88' lang='lat' dir='ltr'>servetur</span> <span class='ocrx_word' id='word_1_104' title='bbox 511 2003 658 2076; x_wconf 89' lang='lat' dir='ltr'>exactius,</span> <span class='ocrx_word' id='word_1_105' title='bbox 676 2002 858 2080; x_wconf 87' lang='lat' dir='ltr'>apostolicae</span> <span class='ocrx_word' id='word_1_106' title='bbox 882 2001 1046 2063; x_wconf 84' lang='lat' dir='ltr'>confirma-</span> 
     </span>
     <span class='ocr_line' id='line_1_26' title="bbox 300 2093 1046 2173; baseline -0.003 -15"><span class='ocrx_word' id='word_1_107' title='bbox 300 2097 393 2158; x_wconf 91' lang='lat' dir='ltr'>tionis</span> <span class='ocrx_word' id='word_1_108' title='bbox 421 2103 546 2158; x_wconf 90' lang='lat' dir='ltr'>nostrae</span> <span class='ocrx_word' id='word_1_109' title='bbox 570 2095 739 2173; x_wconf 88' lang='lat' dir='ltr'>patrocinio</span> <span class='ocrx_word' id='word_1_110' title='bbox 764 2095 952 2158; x_wconf 87' lang='lat' dir='ltr'>communiri</span> <span class='ocrx_word' id='word_1_111' title='bbox 979 2093 1046 2172; x_wconf 93' lang='lat' dir='ltr'>plu-</span> 
     </span>
     <span class='ocr_line' id='line_1_27' title="bbox 300 2190 558 2268; baseline -0.008 -17"><span class='ocrx_word' id='word_1_112' title='bbox 300 2191 418 2252; x_wconf 90' lang='lat' dir='ltr'>rimum</span> <span class='ocrx_word' id='word_1_113' title='bbox 440 2190 558 2268; x_wconf 88' lang='lat' dir='ltr'>cupiat:</span> 
     </span>
    </p>

    <p class='ocr_par' dir='ltr' id='par_1_10' title="bbox 298 2282 1048 3018">
     <span class='ocr_line' id='line_1_28' title="bbox 339 2282 1046 2362; baseline -0.004 -17"><span class='ocrx_word' id='word_1_114' title='bbox 339 2284 358 2358; x_wconf 69' lang='grc' dir='ltr'><strong>ἓ</strong></span> <span class='ocrx_word' id='word_1_115' title='bbox 378 2284 408 2345; x_wconf 81' lang='lat'>5.</span> <span class='ocrx_word' id='word_1_116' title='bbox 434 2282 506 2358; x_wconf 90' lang='lat' dir='ltr'>Nos,</span> <span class='ocrx_word' id='word_1_117' title='bbox 524 2284 625 2362; x_wconf 88' lang='lat' dir='ltr'>ipsum</span> <span class='ocrx_word' id='word_1_118' title='bbox 641 2283 798 2360; x_wconf 89' lang='lat' dir='ltr'>ignatium</span> <span class='ocrx_word' id='word_1_119' title='bbox 814 2289 1046 2361; x_wconf 88' lang='lat' dir='ltr'>procuratorem</span> 
     </span>
     <span class='ocr_line' id='line_1_29' title="bbox 299 2375 1046 2454; baseline -0.003 -16"><span class='ocrx_word' id='word_1_120' title='bbox 299 2376 480 2454; x_wconf 89' lang='lat' dir='ltr'>specialibus</span> <span class='ocrx_word' id='word_1_121' title='bbox 491 2376 647 2438; x_wconf 91' lang='lat' dir='ltr'>favoribus</span> <span class='ocrx_word' id='word_1_122' title='bbox 664 2384 695 2438; x_wconf 90' lang='lat' dir='ltr'>et</span> <span class='ocrx_word' id='word_1_123' title='bbox 714 2376 820 2452; x_wconf 89' lang='lat' dir='ltr'>gratiis</span> <span class='ocrx_word' id='word_1_124' title='bbox 835 2375 980 2454; x_wconf 85' lang='lat' dir='ltr'>prosequi</span> <span class='ocrx_word' id='word_1_125' title='bbox 994 2391 1046 2436; x_wconf 94' lang='lat' dir='ltr'>vo-</span> 
     </span>
     <span class='ocr_line' id='line_1_30' title="bbox 300 2467 1045 2548; baseline -0.005 -16"><span class='ocrx_word' id='word_1_126' title='bbox 300 2469 415 2545; x_wconf 90' lang='lat' dir='ltr'>lentes,</span> <span class='ocrx_word' id='word_1_127' title='bbox 438 2477 469 2531; x_wconf 90' lang='lat' dir='ltr'>et</span> <span class='ocrx_word' id='word_1_128' title='bbox 490 2469 681 2548; x_wconf 89' lang='lat' dir='ltr'>aquibusvis</span> <span class='ocrx_word' id='word_1_129' title='bbox 703 2467 1045 2542; x_wconf 89' lang='lat' dir='ltr'>excommunicationis,</span> 
     </span>
     <span class='ocr_line' id='line_1_31' title="bbox 298 2561 1048 2641; baseline -0.005 -17"><span class='ocrx_word' id='word_1_130' title='bbox 298 2563 508 2641; x_wconf 88' lang='lat' dir='ltr'>suspensionis</span> <span class='ocrx_word' id='word_1_131' title='bbox 528 2571 560 2624; x_wconf 93' lang='lat' dir='ltr'>et</span> <span class='ocrx_word' id='word_1_132' title='bbox 579 2563 749 2637; x_wconf 86' lang='lat' dir='ltr'>interdicti,</span> <span class='ocrx_word' id='word_1_133' title='bbox 766 2562 894 2639; x_wconf 89' lang='lat' dir='ltr'>aliisque</span> <span class='ocrx_word' id='word_1_134' title='bbox 909 2561 1048 2624; x_wconf 87' lang='lat' dir='ltr'>ecclesia-</span> 
     </span>
     <span class='ocr_line' id='line_1_32' title="bbox 298 2653 1047 2735; baseline -0.003 -17"><span class='ocrx_word' id='word_1_135' title='bbox 298 2653 1047 2735; x_wconf 88' lang='lat' dir='ltr'>sticissententiis,censurisetpoenis,aiurevel</span> 
     </span>
     <span class='ocr_line' id='line_1_33' title="bbox 299 2742 1045 2830; baseline 0 -20"><span class='ocrx_word' id='word_1_136' title='bbox 299 2751 337 2811; x_wconf 90' lang='lat' dir='ltr'>ab</span> <span class='ocrx_word' id='word_1_137' title='bbox 350 2751 489 2825; x_wconf 89' lang='lat' dir='ltr'>homine,</span> <span class='ocrx_word' id='word_1_138' title='bbox 505 2751 613 2830; x_wconf 90' lang='lat' dir='ltr'>quavis</span> <span class='ocrx_word' id='word_1_139' title='bbox 627 2752 785 2813; x_wconf 89' lang='lat' dir='ltr'>occasione</span> <span class='ocrx_word' id='word_1_140' title='bbox 798 2742 848 2812; x_wconf 84' lang='lat' dir='ltr'>v&#39;el</span> <span class='ocrx_word' id='word_1_141' title='bbox 863 2750 949 2812; x_wconf 82' lang='lat' dir='ltr'>caasa</span> <span class='ocrx_word' id='word_1_142' title='bbox 965 2749 1045 2824; x_wconf 89' lang='lat' dir='ltr'>latis,</span> 
     </span>
     <span class='ocr_line' id='line_1_34' title="bbox 299 2842 1046 2922; baseline -0.001 -17"><span class='ocrx_word' id='word_1_143' title='bbox 299 2843 324 2905; x_wconf 92' lang='lat' dir='ltr'>si</span> <span class='ocrx_word' id='word_1_144' title='bbox 338 2844 450 2922; x_wconf 91' lang='lat' dir='ltr'>quibus</span> <span class='ocrx_word' id='word_1_145' title='bbox 460 2845 691 2922; x_wconf 86' lang='lat' dir='ltr'>quomodolibet</span> <span class='ocrx_word' id='word_1_146' title='bbox 702 2845 869 2908; x_wconf 90' lang='lat' dir='ltr'>innodatus</span> <span class='ocrx_word' id='word_1_147' title='bbox 883 2843 998 2917; x_wconf 84' lang='lat' dir='ltr'>existit,</span> <span class='ocrx_word' id='word_1_148' title='bbox 1010 2842 1046 2904; x_wconf 92' lang='lat' dir='ltr'>ad</span> 
     </span>
     <span class='ocr_line' id='line_1_35' title="bbox 300 2939 1047 3018; baseline 0.001 -18"><span class='ocrx_word' id='word_1_149' title='bbox 300 2939 444 3001; x_wconf 90' lang='lat' dir='ltr'>effectum</span> <span class='ocrx_word' id='word_1_150' title='bbox 458 2939 670 3016; x_wconf 90' lang='lat' dir='ltr'>praesentium</span> <span class='ocrx_word' id='word_1_151' title='bbox 682 2941 841 3002; x_wconf 89' lang='lat' dir='ltr'>dumtaxat</span> <span class='ocrx_word' id='word_1_152' title='bbox 855 2955 1047 3018; x_wconf 89' lang='lat' dir='ltr'>consequen-</span> 
     </span>
    </p>
   </div>
   <div class='ocr_carea' id='block_1_10' title="bbox 299 3032 1075 3125">
    <p class='ocr_par' dir='ltr' id='par_1_11' title="bbox 299 3032 1075 3125">
     <span class='ocr_line' id='line_1_36' title="bbox 299 3032 1075 3125; baseline -0.001 -30"><span class='ocrx_word' id='word_1_153' title='bbox 299 3033 386 3104; x_wconf 89' lang='lat' dir='ltr'>dum,</span> <span class='ocrx_word' id='word_1_154' title='bbox 398 3032 511 3096; x_wconf 89' lang='lat' dir='ltr'>harum</span> <span class='ocrx_word' id='word_1_155' title='bbox 525 3033 606 3096; x_wconf 90' lang='lat' dir='ltr'>serie</span> <span class='ocrx_word' id='word_1_156' title='bbox 620 3034 814 3097; x_wconf 88' lang='lat' dir='ltr'>absolventes</span> <span class='ocrx_word' id='word_1_157' title='bbox 826 3041 855 3096; x_wconf 92' lang='lat' dir='ltr'>et</span> <span class='ocrx_word' id='word_1_158' title='bbox 870 3034 1043 3096; x_wconf 85' lang='lat' dir='ltr'>absolutam</span> <span class='ocrx_word' id='word_1_159' title='bbox 1072 3066 1075 3125; x_wconf 66' lang='lat'>1</span> 
     </span>
    </p>
   </div>
   <div class='ocr_carea' id='block_1_11' title="bbox 299 3123 1048 4139">
    <p class='ocr_par' dir='ltr' id='par_1_12' title="bbox 299 3123 1048 3858">
     <span class='ocr_line' id='line_1_37' title="bbox 300 3123 1046 3206; baseline -0.001 -18"><span class='ocrx_word' id='word_1_160' title='bbox 300 3123 365 3188; x_wconf 90' lang='lat' dir='ltr'>fore</span> <span class='ocrx_word' id='word_1_161' title='bbox 386 3134 559 3202; x_wconf 89' lang='lat' dir='ltr'>censentes,</span> <span class='ocrx_word' id='word_1_162' title='bbox 575 3126 850 3206; x_wconf 88' lang='lat' dir='ltr'>supplicationibus</span> <span class='ocrx_word' id='word_1_163' title='bbox 864 3127 932 3190; x_wconf 89' lang='lat' dir='ltr'>eius</span> <span class='ocrx_word' id='word_1_164' title='bbox 946 3127 1046 3188; x_wconf 89' lang='lat' dir='ltr'>nomi-</span> 
     </span>
     <span class='ocr_line' id='line_1_38' title="bbox 300 3219 1047 3300; baseline 0 -20"><span class='ocrx_word' id='word_1_165' title='bbox 300 3234 341 3280; x_wconf 93' lang='lat' dir='ltr'>ne</span> <span class='ocrx_word' id='word_1_166' title='bbox 361 3219 449 3280; x_wconf 92' lang='lat' dir='ltr'>nobis</span> <span class='ocrx_word' id='word_1_167' title='bbox 462 3235 556 3298; x_wconf 89' lang='lat' dir='ltr'>super</span> <span class='ocrx_word' id='word_1_168' title='bbox 577 3223 633 3283; x_wconf 89' lang='lat' dir='ltr'>noc</span> <span class='ocrx_word' id='word_1_169' title='bbox 653 3221 816 3284; x_wconf 90' lang='lat' dir='ltr'>humiliter</span> <span class='ocrx_word' id='word_1_170' title='bbox 837 3220 986 3300; x_wconf 88' lang='lat' dir='ltr'>porrectis</span> <span class='ocrx_word' id='word_1_171' title='bbox 1001 3219 1047 3280; x_wconf 93' lang='lat' dir='ltr'>in·</span> 
     </span>
     <span class='ocr_line' id='line_1_39' title="bbox 299 3311 1048 3392; baseline 0.001 -19"><span class='ocrx_word' id='word_1_172' title='bbox 299 3311 416 3388; x_wconf 89' lang='lat' dir='ltr'>clinati,</span> <span class='ocrx_word' id='word_1_173' title='bbox 432 3314 592 3376; x_wconf 89' lang='lat' dir='ltr'>decretum</span> <span class='ocrx_word' id='word_1_174' title='bbox 611 3315 849 3392; x_wconf 89' lang='lat' dir='ltr'>praeinsertum,</span> <span class='ocrx_word' id='word_1_175' title='bbox 866 3311 1048 3376; x_wconf 89' lang='lat' dir='ltr'>auctoritate</span> 
     </span>
     <span class='ocr_line' id='line_1_40' title="bbox 299 3406 1047 3486; baseline 0 -18"><span class='ocrx_word' id='word_1_176' title='bbox 299 3406 473 3486; x_wconf 79' lang='lat' dir='ltr'>apostolica,</span> <span class='ocrx_word' id='word_1_177' title='bbox 496 3413 605 3468; x_wconf 91' lang='lat' dir='ltr'>tenore</span> <span class='ocrx_word' id='word_1_178' title='bbox 630 3409 857 3486; x_wconf 88' lang='lat' dir='ltr'>praesentium,</span> <span class='ocrx_word' id='word_1_179' title='bbox 883 3409 1047 3470; x_wconf 89' lang='lat' dir='ltr'>confirma-</span> 
     </span>
     <span class='ocr_line' id='line_1_41' title="bbox 300 3501 1047 3580; baseline 0.001 -19"><span class='ocrx_word' id='word_1_180' title='bbox 300 3516 371 3562; x_wconf 94' lang='lat' dir='ltr'>mus</span> <span class='ocrx_word' id='word_1_181' title='bbox 386 3507 417 3562; x_wconf 92' lang='lat' dir='ltr'>et</span> <span class='ocrx_word' id='word_1_182' title='bbox 428 3501 642 3579; x_wconf 88' lang='lat' dir='ltr'>approbamus,</span> <span class='ocrx_word' id='word_1_183' title='bbox 655 3501 762 3580; x_wconf 89' lang='lat' dir='ltr'>illique</span> <span class='ocrx_word' id='word_1_184' title='bbox 776 3501 962 3564; x_wconf 91' lang='lat' dir='ltr'>inviolabilis</span> <span class='ocrx_word' id='word_1_185' title='bbox 976 3518 1047 3580; x_wconf 89' lang='lat' dir='ltr'>apo-</span> 
     </span>
     <span class='ocr_line' id='line_1_42' title="bbox 301 3593 1047 3672; baseline 0.003 -18"><span class='ocrx_word' id='word_1_186' title='bbox 301 3593 425 3656; x_wconf 88' lang='lat' dir='ltr'>stolicae</span> <span class='ocrx_word' id='word_1_187' title='bbox 440 3593 593 3656; x_wconf 90' lang='lat' dir='ltr'>firmitatis</span> <span class='ocrx_word' id='word_1_188' title='bbox 609 3595 705 3656; x_wconf 90' lang='lat' dir='ltr'>robur</span> <span class='ocrx_word' id='word_1_189' title='bbox 718 3596 891 3672; x_wconf 80' lang='lat' dir='ltr'>adficimus3</span> <span class='ocrx_word' id='word_1_190' title='bbox 906 3596 989 3658; x_wconf 79' lang='lat' dir='ltr'>salvi</span> <span class='ocrx_word' id='word_1_191' title='bbox 1005 3605 1047 3658; x_wconf 87' lang='lat' dir='ltr'>ta-</span> 
     </span>
     <span class='ocr_line' id='line_1_43' title="bbox 300 3687 1045 3766; baseline 0.003 -18"><span class='ocrx_word' id='word_1_192' title='bbox 300 3703 373 3748; x_wconf 89' lang='lat' dir='ltr'>men</span> <span class='ocrx_word' id='word_1_193' title='bbox 391 3701 516 3764; x_wconf 87' lang='lat' dir='ltr'>semper</span> <span class='ocrx_word' id='word_1_194' title='bbox 530 3687 561 3748; x_wconf 93' lang='lat' dir='ltr'>in</span> <span class='ocrx_word' id='word_1_195' title='bbox 584 3688 758 3766; x_wconf 88' lang='lat' dir='ltr'>praemissis</span> <span class='ocrx_word' id='word_1_196' title='bbox 779 3689 960 3752; x_wconf 86' lang='lat' dir='ltr'>auctoritate</span> <span class='ocrx_word' id='word_1_197' title='bbox 982 3704 1045 3750; x_wconf 91' lang='lat' dir='ltr'>me-</span> 
     </span>
     <span class='ocr_line' id='line_1_44' title="bbox 301 3779 959 3858; baseline 0 -16"><span class='ocrx_word' id='word_1_198' title='bbox 301 3788 438 3842; x_wconf 88' lang='lat' dir='ltr'>moratae</span> <span class='ocrx_word' id='word_1_199' title='bbox 460 3779 717 3858; x_wconf 88' lang='lat' dir='ltr'>Gongregationis</span> <span class='ocrx_word' id='word_1_200' title='bbox 739 3781 959 3844; x_wconf 76' lang='lat' dir='ltr'>confinalium.</span> 
     </span>
    </p>

    <p class='ocr_par' dir='ltr' id='par_1_13' title="bbox 300 3874 1047 4139">
     <span class='ocr_line' id='line_1_45' title="bbox 340 3874 1046 3953; baseline 0.004 -17"><span class='ocrx_word' id='word_1_201' title='bbox 340 3875 359 3950; x_wconf 70' lang='grc' dir='ltr'><strong>ἓ</strong></span> <span class='ocrx_word' id='word_1_202' title='bbox 379 3874 408 3936; x_wconf 83' lang='grc'>6.</span> <span class='ocrx_word' id='word_1_203' title='bbox 432 3875 651 3949; x_wconf 83' lang='lat' dir='ltr'>liecernentes,</span> <span class='ocrx_word' id='word_1_204' title='bbox 669 3876 790 3937; x_wconf 87' lang='lat' dir='ltr'>easdem</span> <span class='ocrx_word' id='word_1_205' title='bbox 806 3883 983 3953; x_wconf 88' lang='lat' dir='ltr'>praesentes</span> <span class='ocrx_word' id='word_1_206' title='bbox 998 3875 1046 3939; x_wconf 91' lang='lat' dir='ltr'>lit·</span> 
     </span>
     <span class='ocr_line' id='line_1_46' title="bbox 301 3967 1047 4042; baseline 0 -12"><span class='ocrx_word' id='word_1_207' title='bbox 301 3975 381 4030; x_wconf 90' lang='lat' dir='ltr'>teras</span> <span class='ocrx_word' id='word_1_208' title='bbox 402 3969 525 4042; x_wconf 89' lang='lat' dir='ltr'>firmas,</span> <span class='ocrx_word' id='word_1_209' title='bbox 555 3967 670 4029; x_wconf 89' lang='lat' dir='ltr'>validas</span> <span class='ocrx_word' id='word_1_210' title='bbox 694 3976 725 4029; x_wconf 91' lang='lat' dir='ltr'>et</span> <span class='ocrx_word' id='word_1_211' title='bbox 754 3968 889 4030; x_wconf 83' lang='lat' dir='ltr'>efficaces</span> <span class='ocrx_word' id='word_1_212' title='bbox 915 3969 1047 4030; x_wconf 89' lang='lat' dir='ltr'>existere</span> 
     </span>
     <span class='ocr_line' id='line_1_47' title="bbox 300 4061 1047 4139; baseline 0.001 -17"><span class='ocrx_word' id='word_1_213' title='bbox 300 4069 331 4122; x_wconf 91' lang='lat' dir='ltr'>et</span> <span class='ocrx_word' id='word_1_214' title='bbox 352 4061 429 4134; x_wconf 91' lang='lat' dir='ltr'>fore,</span> <span class='ocrx_word' id='word_1_215' title='bbox 445 4077 578 4138; x_wconf 90' lang='lat' dir='ltr'>suosque</span> <span class='ocrx_word' id='word_1_216' title='bbox 589 4061 742 4139; x_wconf 90' lang='lat' dir='ltr'>plenarios</span> <span class='ocrx_word' id='word_1_217' title='bbox 757 4067 788 4122; x_wconf 91' lang='lat' dir='ltr'>et</span> <span class='ocrx_word' id='word_1_218' title='bbox 804 4062 943 4138; x_wconf 88' lang='lat' dir='ltr'>integros</span> <span class='ocrx_word' id='word_1_219' title='bbox 959 4061 1047 4124; x_wconf 86' lang='lat' dir='ltr'>eftec-</span> 
     </span>
    </p>
   </div>
   <div class='ocr_carea' id='block_1_12' title="bbox 1100 967 1851 2730">
    <p class='ocr_par' dir='ltr' id='par_1_14' title="bbox 1100 967 1847 1611">
     <span class='ocr_line' id='line_1_48' title="bbox 1100 967 1846 1048; baseline -0.008 -16"><span class='ocrx_word' id='word_1_220' title='bbox 1100 971 1244 1048; x_wconf 91' lang='lat' dir='ltr'>singulis,</span> <span class='ocrx_word' id='word_1_221' title='bbox 1268 970 1394 1032; x_wconf 88' lang='lat' dir='ltr'>illorum</span> <span class='ocrx_word' id='word_1_222' title='bbox 1417 979 1538 1032; x_wconf 91' lang='lat' dir='ltr'>tenores</span> <span class='ocrx_word' id='word_1_223' title='bbox 1559 967 1770 1046; x_wconf 90' lang='lat' dir='ltr'>praesentibus</span> <span class='ocrx_word' id='word_1_224' title='bbox 1789 981 1846 1044; x_wconf 91' lang='lat' dir='ltr'>pro</span> 
     </span>
     <span class='ocr_line' id='line_1_49' title="bbox 1100 1059 1846 1142; baseline -0.008 -18"><span class='ocrx_word' id='word_1_225' title='bbox 1100 1063 1192 1142; x_wconf 91' lang='lat' dir='ltr'>plene</span> <span class='ocrx_word' id='word_1_226' title='bbox 1208 1069 1237 1124; x_wconf 90' lang='lat' dir='ltr'>et</span> <span class='ocrx_word' id='word_1_227' title='bbox 1251 1062 1443 1126; x_wconf 88' lang='lat' dir='ltr'>sufficienter</span> <span class='ocrx_word' id='word_1_228' title='bbox 1465 1061 1616 1140; x_wconf 90' lang='lat' dir='ltr'>expressis</span> <span class='ocrx_word' id='word_1_229' title='bbox 1637 1077 1670 1122; x_wconf 88' lang='lat' dir='ltr'>ac</span> <span class='ocrx_word' id='word_1_230' title='bbox 1693 1061 1729 1122; x_wconf 91' lang='lat' dir='ltr'>de</span> <span class='ocrx_word' id='word_1_231' title='bbox 1751 1059 1846 1119; x_wconf 90' lang='lat' dir='ltr'>verbo</span> 
     </span>
     <span class='ocr_line' id='line_1_50' title="bbox 1100 1152 1845 1228; baseline -0.009 -10"><span class='ocrx_word' id='word_1_232' title='bbox 1100 1158 1136 1219; x_wconf 91' lang='lat' dir='ltr'>ad</span> <span class='ocrx_word' id='word_1_233' title='bbox 1158 1157 1292 1220; x_wconf 91' lang='lat' dir='ltr'>verbum</span> <span class='ocrx_word' id='word_1_234' title='bbox 1312 1157 1436 1218; x_wconf 91' lang='lat' dir='ltr'>insertis</span> <span class='ocrx_word' id='word_1_235' title='bbox 1457 1155 1617 1228; x_wconf 87' lang='lat' dir='ltr'>babentes,</span> <span class='ocrx_word' id='word_1_236' title='bbox 1636 1152 1698 1214; x_wconf 91' lang='lat' dir='ltr'>illis</span> <span class='ocrx_word' id='word_1_237' title='bbox 1719 1152 1791 1213; x_wconf 78' lang='lat' dir='ltr'>aliis</span> <span class='ocrx_word' id='word_1_238' title='bbox 1812 1152 1845 1211; x_wconf 91' lang='lat' dir='ltr'>in</span> 
     </span>
     <span class='ocr_line' id='line_1_51' title="bbox 1100 1245 1846 1328; baseline -0.009 -17"><span class='ocrx_word' id='word_1_239' title='bbox 1100 1266 1156 1312; x_wconf 90' lang='lat' dir='ltr'>suo</span> <span class='ocrx_word' id='word_1_240' title='bbox 1173 1249 1284 1312; x_wconf 90' lang='lat' dir='ltr'>robore</span> <span class='ocrx_word' id='word_1_241' title='bbox 1304 1249 1526 1328; x_wconf 88' lang='lat' dir='ltr'>permansuris,</span> <span class='ocrx_word' id='word_1_242' title='bbox 1549 1247 1583 1308; x_wconf 91' lang='lat' dir='ltr'>ad</span> <span class='ocrx_word' id='word_1_243' title='bbox 1607 1245 1846 1326; x_wconf 88' lang='lat' dir='ltr'>praemissorum</span> 
     </span>
     <span class='ocr_line' id='line_1_52' title="bbox 1101 1337 1846 1419; baseline -0.012 -13"><span class='ocrx_word' id='word_1_244' title='bbox 1101 1344 1257 1419; x_wconf 89' lang='lat' dir='ltr'>effectum,</span> <span class='ocrx_word' id='word_1_245' title='bbox 1273 1345 1328 1406; x_wconf 88' lang='lat' dir='ltr'>bac</span> <span class='ocrx_word' id='word_1_246' title='bbox 1349 1343 1416 1405; x_wconf 87' lang='lat' dir='ltr'>vice</span> <span class='ocrx_word' id='word_1_247' title='bbox 1436 1343 1608 1416; x_wconf 89' lang='lat' dir='ltr'>dumtaxat,</span> <span class='ocrx_word' id='word_1_248' title='bbox 1629 1337 1801 1418; x_wconf 88' lang='lat' dir='ltr'>specialiter</span> <span class='ocrx_word' id='word_1_249' title='bbox 1815 1341 1846 1398; x_wconf 92' lang='lat' dir='ltr'>et</span> 
     </span>
     <span class='ocr_line' id='line_1_53' title="bbox 1102 1431 1847 1516; baseline -0.011 -16"><span class='ocrx_word' id='word_1_250' title='bbox 1102 1454 1245 1516; x_wconf 90' lang='lat' dir='ltr'>expresse</span> <span class='ocrx_word' id='word_1_251' title='bbox 1269 1440 1468 1514; x_wconf 86' lang='lat' dir='ltr'>derogamus;</span> <span class='ocrx_word' id='word_1_252' title='bbox 1492 1435 1664 1513; x_wconf 88' lang='lat' dir='ltr'>ceterisque</span> <span class='ocrx_word' id='word_1_253' title='bbox 1685 1431 1847 1494; x_wconf 90' lang='lat' dir='ltr'>contrariis</span> 
     </span>
     <span class='ocr_line' id='line_1_54' title="bbox 1102 1533 1362 1611; baseline -0.008 -17"><span class='ocrx_word' id='word_1_254' title='bbox 1102 1533 1362 1611; x_wconf 88' lang='lat' dir='ltr'>quibuscumque.</span> 
     </span>
    </p>

    <p class='ocr_par' dir='ltr' id='par_1_15' title="bbox 1102 1623 1851 2436">
     <span class='ocr_line' id='line_1_55' title="bbox 1142 1623 1846 1702; baseline -0.009 -14"><span class='ocrx_word' id='word_1_255' title='bbox 1142 1628 1161 1702; x_wconf 66' lang='grc' dir='ltr'><strong>ἓ</strong></span> <span class='ocrx_word' id='word_1_256' title='bbox 1181 1625 1210 1687; x_wconf 89' lang='grc'>8.</span> <span class='ocrx_word' id='word_1_257' title='bbox 1235 1625 1388 1690; x_wconf 84' lang='lat' dir='ltr'>Volumus</span> <span class='ocrx_word' id='word_1_258' title='bbox 1403 1633 1506 1688; x_wconf 89' lang='lat' dir='ltr'>autem</span> <span class='ocrx_word' id='word_1_259' title='bbox 1518 1631 1554 1685; x_wconf 90' lang='lat' dir='ltr'>ut</span> <span class='ocrx_word' id='word_1_260' title='bbox 1565 1623 1747 1686; x_wconf 87' lang='lat' dir='ltr'>earumdem</span> <span class='ocrx_word' id='word_1_261' title='bbox 1761 1635 1846 1698; x_wconf 88' lang='lat' dir='ltr'>prae-</span> 
     </span>
     <span class='ocr_line' id='line_1_56' title="bbox 1102 1716 1847 1794; baseline -0.012 -12"><span class='ocrx_word' id='word_1_262' title='bbox 1102 1719 1240 1782; x_wconf 90' lang='lat' dir='ltr'>sentium</span> <span class='ocrx_word' id='word_1_263' title='bbox 1267 1719 1444 1781; x_wconf 91' lang='lat' dir='ltr'>litterarum</span> <span class='ocrx_word' id='word_1_264' title='bbox 1469 1716 1686 1794; x_wconf 91' lang='lat' dir='ltr'>transumptis,</span> <span class='ocrx_word' id='word_1_265' title='bbox 1715 1731 1769 1776; x_wconf 90' lang='lat' dir='ltr'>seu</span> <span class='ocrx_word' id='word_1_266' title='bbox 1795 1729 1847 1774; x_wconf 92' lang='lat' dir='ltr'>ex-</span> 
     </span>
     <span class='ocr_line' id='line_1_57' title="bbox 1103 1807 1848 1892; baseline -0.012 -16"><span class='ocrx_word' id='word_1_267' title='bbox 1103 1814 1231 1892; x_wconf 89' lang='lat' dir='ltr'>emplis,</span> <span class='ocrx_word' id='word_1_268' title='bbox 1265 1814 1356 1875; x_wconf 90' lang='lat' dir='ltr'>etiam</span> <span class='ocrx_word' id='word_1_269' title='bbox 1386 1813 1559 1890; x_wconf 83' lang='lat' dir='ltr'>impressis,</span> <span class='ocrx_word' id='word_1_270' title='bbox 1591 1826 1687 1872; x_wconf 90' lang='lat' dir='ltr'>manu</span> <span class='ocrx_word' id='word_1_271' title='bbox 1719 1807 1848 1870; x_wconf 89' lang='lat' dir='ltr'>alicuius</span> 
     </span>
     <span class='ocr_line' id='line_1_58' title="bbox 1104 1902 1849 1984; baseline -0.008 -16"><span class='ocrx_word' id='word_1_272' title='bbox 1104 1907 1213 1970; x_wconf 90' lang='lat' dir='ltr'>notarii</span> <span class='ocrx_word' id='word_1_273' title='bbox 1237 1905 1350 1984; x_wconf 89' lang='lat' dir='ltr'>publici</span> <span class='ocrx_word' id='word_1_274' title='bbox 1372 1905 1563 1982; x_wconf 89' lang='lat' dir='ltr'>subscriptis,</span> <span class='ocrx_word' id='word_1_275' title='bbox 1576 1911 1607 1965; x_wconf 91' lang='lat' dir='ltr'>et</span> <span class='ocrx_word' id='word_1_276' title='bbox 1627 1902 1730 1979; x_wconf 89' lang='lat' dir='ltr'>sigillo</span> <span class='ocrx_word' id='word_1_277' title='bbox 1745 1916 1849 1979; x_wconf 88' lang='lat' dir='ltr'>perso-</span> 
     </span>
     <span class='ocr_line' id='line_1_59' title="bbox 1104 1996 1850 2074; baseline -0.008 -12"><span class='ocrx_word' id='word_1_278' title='bbox 1104 2015 1161 2062; x_wconf 89' lang='lat' dir='ltr'>nae</span> <span class='ocrx_word' id='word_1_279' title='bbox 1191 2000 1224 2062; x_wconf 92' lang='lat' dir='ltr'>in</span> <span class='ocrx_word' id='word_1_280' title='bbox 1254 1999 1453 2061; x_wconf 75' lang='lat' dir='ltr'>ecclesiastica</span> <span class='ocrx_word' id='word_1_281' title='bbox 1484 1998 1633 2074; x_wconf 83' lang='lat' dir='ltr'>dignitate</span> <span class='ocrx_word' id='word_1_282' title='bbox 1664 1996 1850 2058; x_wconf 89' lang='lat' dir='ltr'>constitutae</span> 
     </span>
     <span class='ocr_line' id='line_1_60' title="bbox 1103 2089 1849 2170; baseline -0.007 -17"><span class='ocrx_word' id='word_1_283' title='bbox 1103 2093 1244 2167; x_wconf 87' lang='lat' dir='ltr'>munitis,</span> <span class='ocrx_word' id='word_1_284' title='bbox 1274 2091 1378 2154; x_wconf 90' lang='lat' dir='ltr'>eadem</span> <span class='ocrx_word' id='word_1_285' title='bbox 1406 2107 1531 2170; x_wconf 89' lang='lat' dir='ltr'>prorsus</span> <span class='ocrx_word' id='word_1_286' title='bbox 1553 2090 1626 2151; x_wconf 86' lang='lat' dir='ltr'>fides</span> <span class='ocrx_word' id='word_1_287' title='bbox 1649 2089 1765 2165; x_wconf 91' lang='lat' dir='ltr'>ubique</span> <span class='ocrx_word' id='word_1_288' title='bbox 1787 2095 1849 2148; x_wconf 91' lang='lat' dir='ltr'>tam</span> 
     </span>
     <span class='ocr_line' id='line_1_61' title="bbox 1104 2181 1850 2262; baseline -0.007 -16"><span class='ocrx_word' id='word_1_289' title='bbox 1104 2185 1136 2246; x_wconf 90' lang='lat' dir='ltr'>in</span> <span class='ocrx_word' id='word_1_290' title='bbox 1150 2185 1262 2247; x_wconf 90' lang='lat' dir='ltr'>iudicio</span> <span class='ocrx_word' id='word_1_291' title='bbox 1277 2200 1370 2262; x_wconf 90' lang='lat' dir='ltr'>quaxn</span> <span class='ocrx_word' id='word_1_292' title='bbox 1382 2191 1467 2246; x_wconf 88' lang='lat' dir='ltr'>extra</span> <span class='ocrx_word' id='word_1_293' title='bbox 1479 2183 1670 2256; x_wconf 90' lang='lat' dir='ltr'>adhibeatur,</span> <span class='ocrx_word' id='word_1_294' title='bbox 1684 2197 1763 2260; x_wconf 89' lang='lat' dir='ltr'>quae</span> <span class='ocrx_word' id='word_1_295' title='bbox 1778 2181 1850 2258; x_wconf 90' lang='lat' dir='ltr'>ipsis</span> 
     </span>
     <span class='ocr_line' id='line_1_62' title="bbox 1103 2273 1851 2358; baseline -0.009 -17"><span class='ocrx_word' id='word_1_296' title='bbox 1103 2279 1314 2358; x_wconf 90' lang='lat' dir='ltr'>praesentibus</span> <span class='ocrx_word' id='word_1_297' title='bbox 1335 2278 1547 2350; x_wconf 83' lang='lat' dir='ltr'>adhiberetur,</span> <span class='ocrx_word' id='word_1_298' title='bbox 1559 2277 1585 2338; x_wconf 91' lang='lat' dir='ltr'>si</span> <span class='ocrx_word' id='word_1_299' title='bbox 1605 2277 1709 2338; x_wconf 82' lang='lat' dir='ltr'>forent</span> <span class='ocrx_word' id='word_1_300' title='bbox 1731 2273 1851 2336; x_wconf 88' lang='lat' dir='ltr'>exhibi-</span> 
     </span>
     <span class='ocr_line' id='line_1_63' title="bbox 1104 2373 1476 2436; baseline 0.011 -4"><span class='ocrx_word' id='word_1_301' title='bbox 1104 2381 1152 2434; x_wconf 88' lang='lat' dir='ltr'>tae</span> <span class='ocrx_word' id='word_1_302' title='bbox 1172 2373 1223 2433; x_wconf 94' lang='lat' dir='ltr'>vel</span> <span class='ocrx_word' id='word_1_303' title='bbox 1244 2379 1398 2434; x_wconf 88' lang='lat' dir='ltr'>ostensae.</span> <span class='ocrx_word' id='word_1_304' title='bbox 1472 2430 1476 2436; x_wconf 90' lang='lat'><em>.</em></span> 
     </span>
    </p>

    <p class='ocr_par' dir='ltr' id='par_1_16' title="bbox 1102 2463 1850 2730">
     <span class='ocr_line' id='line_1_64' title="bbox 1143 2463 1848 2545; baseline -0.009 -15"><span class='ocrx_word' id='word_1_305' title='bbox 1143 2467 1253 2530; x_wconf 85' lang='lat' dir='ltr'>Datum</span> <span class='ocrx_word' id='word_1_306' title='bbox 1271 2467 1397 2540; x_wconf 85' lang='lat' dir='ltr'>Romae,</span> <span class='ocrx_word' id='word_1_307' title='bbox 1412 2463 1490 2545; x_wconf 86' lang='lat' dir='ltr'>apud</span> <span class='ocrx_word' id='word_1_308' title='bbox 1507 2464 1537 2527; x_wconf 89' lang='lat' dir='ltr'>S.</span> <span class='ocrx_word' id='word_1_309' title='bbox 1549 2463 1676 2526; x_wconf 88' lang='lat' dir='ltr'>llariam</span> <span class='ocrx_word' id='word_1_310' title='bbox 1691 2463 1848 2537; x_wconf 85' lang='lat' dir='ltr'>Maiorem,</span> 
     </span>
     <span class='ocr_line' id='line_1_65' title="bbox 1102 2555 1850 2632; baseline -0.005 -12"><span class='ocrx_word' id='word_1_311' title='bbox 1102 2559 1160 2621; x_wconf 92' lang='lat' dir='ltr'>sub</span> <span class='ocrx_word' id='word_1_312' title='bbox 1180 2559 1297 2622; x_wconf 89' lang='lat' dir='ltr'>annulo</span> <span class='ocrx_word' id='word_1_313' title='bbox 1330 2559 1500 2632; x_wconf 88' lang='lat' dir='ltr'>Piscatoris,</span> <span class='ocrx_word' id='word_1_314' title='bbox 1531 2557 1580 2620; x_wconf 91' lang='lat' dir='ltr'>die</span> <span class='ocrx_word' id='word_1_315' title='bbox 1602 2571 1656 2618; x_wconf 86' lang='lat' dir='ltr'>xx.</span> <span class='ocrx_word' id='word_1_316' title='bbox 1680 2555 1850 2620; x_wconf 89' lang='lat' dir='ltr'>decembris</span> 
     </span>
     <span class='ocr_line' id='line_1_66' title="bbox 1103 2651 1846 2730; baseline -0.008 -15"><span class='ocrx_word' id='word_1_317' title='bbox 1103 2669 1341 2728; x_wconf 69' lang='lat' dir='ltr'>noccxxxvnx,</span> <span class='ocrx_word' id='word_1_318' title='bbox 1364 2651 1560 2730; x_wconf 85' lang='lat' dir='ltr'>pontificatus</span> <span class='ocrx_word' id='word_1_319' title='bbox 1583 2651 1683 2713; x_wconf 89' lang='lat' dir='ltr'>nostri</span> <span class='ocrx_word' id='word_1_320' title='bbox 1703 2665 1785 2712; x_wconf 89' lang='lat' dir='ltr'>anno</span> <span class='ocrx_word' id='word_1_321' title='bbox 1801 2665 1846 2710; x_wconf 84' lang='lat' dir='ltr'>tx.</span> 
     </span>
    </p>
   </div>
   <div class='ocr_carea' id='block_1_13' title="bbox 1358 2853 1596 2863">
    <p class='ocr_par' dir='ltr' id='par_1_17' title="bbox 1358 2853 1596 2863">
     <span class='ocr_line' id='line_1_67' title="bbox 1358 2853 1596 2863; baseline -0.008 0"><span class='ocrx_word' id='word_1_322' title='bbox 1358 2853 1596 2863; x_wconf 46' lang='grc' dir='ltr'>*ψ</span> 
     </span>
    </p>
   </div>
   <div class='ocr_carea' id='block_1_14' title="bbox 1433 3031 1527 3096">
    <p class='ocr_par' dir='ltr' id='par_1_18' title="bbox 1433 3031 1527 3096">
     <span class='ocr_line' id='line_1_68' title="bbox 1433 3031 1527 3096; baseline -0.021 0"><span class='ocrx_word' id='word_1_323' title='bbox 1433 3031 1527 3096; x_wconf 86' lang='lat' dir='ltr'><strong>XLV.</strong></span> 
     </span>
    </p>
   </div>
   <div class='ocr_carea' id='block_1_15' title="bbox 1105 3217 1851 3674">
    <p class='ocr_par' dir='ltr' id='par_1_19' title="bbox 1105 3217 1851 3488">
     <span class='ocr_line' id='line_1_69' title="bbox 1105 3217 1849 3302; baseline 0 -20"><span class='ocrx_word' id='word_1_324' title='bbox 1105 3219 1280 3302; x_wconf 73' lang='lat' dir='ltr'>Confirmat</span> <span class='ocrx_word' id='word_1_325' title='bbox 1312 3221 1559 3286; x_wconf 82' lang='lat' dir='ltr'>factitationem</span> <span class='ocrx_word' id='word_1_326' title='bbox 1592 3221 1783 3284; x_wconf 76' lang='lat' dir='ltr'>missionum</span> <span class='ocrx_word' id='word_1_327' title='bbox 1809 3217 1849 3282; x_wconf 88' lang='lat' dir='ltr'>ab</span> 
     </span>
     <span class='ocr_line' id='line_1_70' title="bbox 1144 3312 1851 3393; baseline 0 -17"><span class='ocrx_word' id='word_1_328' title='bbox 1144 3314 1387 3393; x_wconf 77' lang='lat' dir='ltr'>Arcaiapiscopo</span> <span class='ocrx_word' id='word_1_329' title='bbox 1401 3312 1643 3393; x_wconf 73' lang='lat' dir='ltr'>salisburgensi</span> <span class='ocrx_word' id='word_1_330' title='bbox 1659 3315 1694 3374; x_wconf 85' lang='lat' dir='ltr'>in</span> <span class='ocrx_word' id='word_1_331' title='bbox 1715 3313 1851 3376; x_wconf 81' lang='lat' dir='ltr'>Ciuitate</span> 
     </span>
     <span class='ocr_line' id='line_1_71' title="bbox 1145 3407 1850 3488; baseline -0.006 -16"><span class='ocrx_word' id='word_1_332' title='bbox 1145 3407 1364 3488; x_wconf 81' lang='lat' dir='ltr'>Solisbarqea.</span> <span class='ocrx_word' id='word_1_333' title='bbox 1395 3410 1529 3488; x_wconf 80' lang='lat' dir='ltr'>foetam,</span> <span class='ocrx_word' id='word_1_334' title='bbox 1562 3424 1600 3468; x_wconf 88' lang='lat' dir='ltr'>oc</span> <span class='ocrx_word' id='word_1_335' title='bbox 1627 3407 1765 3485; x_wconf 82' lang='lat' dir='ltr'>ftepttlos</span> <span class='ocrx_word' id='word_1_336' title='bbox 1792 3421 1850 3484; x_wconf 86' lang='lat' dir='ltr'>pro</span> 
     </span>
    </p>

    <p class='ocr_par' dir='ltr' id='par_1_20' title="bbox 1109 3498 1849 3674">
     <span class='ocr_line' id='line_1_72' title="bbox 1109 3498 1849 3579; baseline -0.009 -14"><span class='ocrx_word' id='word_1_337' title='bbox 1109 3543 1113 3550; x_wconf 88' lang='lat'><em>-</em></span> <span class='ocrx_word' id='word_1_338' title='bbox 1144 3501 1404 3565; x_wconf 76' lang='lat' dir='ltr'>Missioaovia&#39;sa</span> <span class='ocrx_word' id='word_1_339' title='bbox 1430 3498 1683 3579; x_wconf 77' lang='lat' dir='ltr'>Goatprcpatt&#39;oae</span> <span class='ocrx_word' id='word_1_340' title='bbox 1712 3498 1748 3559; x_wconf 85' lang='lat' dir='ltr'>dc</span> <span class='ocrx_word' id='word_1_341' title='bbox 1775 3498 1849 3558; x_wconf 86' lang='lat' dir='ltr'>Pra-</span> 
     </span>
     <span class='ocr_line' id='line_1_73' title="bbox 1141 3591 1687 3674; baseline -0.009 -18"><span class='ocrx_word' id='word_1_342' title='bbox 1141 3593 1291 3674; x_wconf 80' lang='lat' dir='ltr'>paqcadu</span> <span class='ocrx_word' id='word_1_343' title='bbox 1316 3591 1391 3654; x_wconf 76' lang='lat' dir='ltr'>diae</span> <span class='ocrx_word' id='word_1_344' title='bbox 1413 3591 1608 3670; x_wconf 83' lang='lat' dir='ltr'>approbatas</span> <span class='ocrx_word' id='word_1_345' title='bbox 1632 3592 1645 3672; x_wconf 93' lang='lat'>(</span> <span class='ocrx_word' id='word_1_346' title='bbox 1665 3593 1687 3672; x_wconf 91' lang='lat'>).</span> 
     </span>
    </p>
   </div>
   <div class='ocr_carea' id='block_1_16' title="bbox 1230 3761 1729 3970">
    <p class='ocr_par' dir='ltr' id='par_1_21' title="bbox 1230 3761 1729 3970">
     <span class='ocr_line' id='line_1_74' title="bbox 1304 3761 1643 3831; baseline -0.018 0"><span class='ocrx_word' id='word_1_347' title='bbox 1304 3761 1490 3831; x_wconf 68' lang='lat' dir='ltr'>caedens</span> <span class='ocrx_word' id='word_1_348' title='bbox 1507 3763 1567 3829; x_wconf 91' lang='grc' dir='ltr'>ΡΡ.</span> <span class='ocrx_word' id='word_1_349' title='bbox 1586 3761 1643 3828; x_wconf 88' lang='lat' dir='ltr'>lili.</span> 
     </span>
     <span class='ocr_line' id='line_1_75' title="bbox 1230 3885 1729 3970; baseline -0.006 -17"><span class='ocrx_word' id='word_1_350' title='bbox 1230 3886 1266 3953; x_wconf 86' lang='lat' dir='ltr'>ad</span> <span class='ocrx_word' id='word_1_351' title='bbox 1286 3891 1458 3970; x_wconf 83' lang='lat' dir='ltr'>perpetuant</span> <span class='ocrx_word' id='word_1_352' title='bbox 1483 3885 1526 3953; x_wconf 88' lang='lat' dir='ltr'>rei</span> <span class='ocrx_word' id='word_1_353' title='bbox 1547 3885 1729 3952; x_wconf 89' lang='lat' dir='ltr'>memoriam.</span> 
     </span>
    </p>
   </div>
   <div class='ocr_carea' id='block_1_17' title="bbox 1144 4062 1851 4140">
    <p class='ocr_par' dir='ltr' id='par_1_22' title="bbox 1144 4062 1851 4140">
     <span class='ocr_line' id='line_1_76' title="bbox 1144 4062 1851 4140; baseline -0.003 -16"><span class='ocrx_word' id='word_1_354' title='bbox 1144 4063 1303 4125; x_wconf 91' lang='lat' dir='ltr'>Pastorum</span> <span class='ocrx_word' id='word_1_355' title='bbox 1325 4062 1471 4140; x_wconf 88' lang='lat' dir='ltr'>Princeps</span> <span class='ocrx_word' id='word_1_356' title='bbox 1487 4063 1570 4126; x_wconf 90' lang='lat' dir='ltr'>lesus</span> <span class='ocrx_word' id='word_1_357' title='bbox 1587 4063 1738 4138; x_wconf 83' lang='lat' dir='ltr'>Christus,</span> <span class='ocrx_word' id='word_1_358' title='bbox 1762 4062 1851 4124; x_wconf 93' lang='lat' dir='ltr'>cuius</span> 
     </span>
    </p>
   </div>
   <div class='ocr_carea' id='block_1_18' title="bbox 302 4153 1851 4234">
    <p class='ocr_par' dir='ltr' id='par_1_23' title="bbox 302 4153 1851 4234">
     <span class='ocr_line' id='line_1_77' title="bbox 302 4153 1851 4234; baseline -0.002 -19"><span class='ocrx_word' id='word_1_359' title='bbox 302 4161 351 4216; x_wconf 89' lang='lat' dir='ltr'>tus</span> <span class='ocrx_word' id='word_1_360' title='bbox 368 4153 481 4215; x_wconf 69' lang='lat' dir='ltr'>‘sortiri</span> <span class='ocrx_word' id='word_1_361' title='bbox 509 4161 541 4214; x_wconf 91' lang='lat' dir='ltr'>et</span> <span class='ocrx_word' id='word_1_362' title='bbox 567 4154 720 4227; x_wconf 88' lang='lat' dir='ltr'>obtinere,</span> <span class='ocrx_word' id='word_1_363' title='bbox 744 4170 778 4214; x_wconf 93' lang='lat' dir='ltr'>ac</span> <span class='ocrx_word' id='word_1_364' title='bbox 805 4153 882 4228; x_wconf 92' lang='lat' dir='ltr'>illis,</span> <span class='ocrx_word' id='word_1_365' title='bbox 913 4153 947 4214; x_wconf 89' lang='lat' dir='ltr'>ad</span> <span class='ocrx_word' id='word_1_366' title='bbox 971 4170 1048 4232; x_wconf 93' lang='lat' dir='ltr'>quos</span> <span class='ocrx_word' id='word_1_367' title='bbox 1074 4177 1077 4234; x_wconf 67' lang='grc' dir='ltr'><strong>ς</strong></span> <span class='ocrx_word' id='word_1_368' title='bbox 1103 4171 1246 4234; x_wconf 89' lang='lat' dir='ltr'>suprema</span> <span class='ocrx_word' id='word_1_369' title='bbox 1269 4155 1301 4216; x_wconf 94' lang='lat' dir='ltr'>in</span> <span class='ocrx_word' id='word_1_370' title='bbox 1329 4155 1502 4218; x_wconf 82' lang='lat' dir='ltr'>Catholicae</span> <span class='ocrx_word' id='word_1_371' title='bbox 1529 4155 1680 4219; x_wconf 81' lang='lat' dir='ltr'>Ecclesiae</span> <span class='ocrx_word' id='word_1_372' title='bbox 1707 4171 1851 4233; x_wconf 85' lang='lat' dir='ltr'>procura-</span> 
     </span>
    </p>
   </div>
   <div class='ocr_carea' id='block_1_19' title="bbox 298 4244 1077 4325">
    <p class='ocr_par' dir='ltr' id='par_1_24' title="bbox 298 4244 1077 4325">
     <span class='ocr_line' id='line_1_78' title="bbox 298 4244 1077 4325; baseline -0.003 -17"><span class='ocrx_word' id='word_1_373' title='bbox 298 4254 415 4324; x_wconf 90' lang='lat' dir='ltr'>spectat</span> <span class='ocrx_word' id='word_1_374' title='bbox 437 4253 467 4307; x_wconf 90' lang='lat' dir='ltr'>et</span> <span class='ocrx_word' id='word_1_375' title='bbox 493 4246 642 4325; x_wconf 87' lang='lat' dir='ltr'>spectabit</span> <span class='ocrx_word' id='word_1_376' title='bbox 668 4245 700 4307; x_wconf 91' lang='lat' dir='ltr'>in</span> <span class='ocrx_word' id='word_1_377' title='bbox 723 4244 879 4319; x_wconf 87' lang='lat' dir='ltr'>futurum,</span> <span class='ocrx_word' id='word_1_378' title='bbox 908 4245 1047 4322; x_wconf 86' lang='lat' dir='ltr'>plenissi-</span> <span class='ocrx_word' id='word_1_379' title='bbox 1075 4260 1077 4269; x_wconf 91' lang='lat'>·</span> 
     </span>
    </p>
   </div>
   <div class='ocr_carea' id='block_1_20' title="bbox 299 4338 1049 5813">
    <p class='ocr_par' dir='ltr' id='par_1_25' title="bbox 299 4338 1049 5064">
     <span class='ocr_line' id='line_1_79' title="bbox 299 4338 1049 4418; baseline 0 -18"><span class='ocrx_word' id='word_1_380' title='bbox 299 4339 378 4401; x_wconf 90' lang='lat' dir='ltr'>sime</span> <span class='ocrx_word' id='word_1_381' title='bbox 399 4338 571 4416; x_wconf 90' lang='lat' dir='ltr'>suffragari,</span> <span class='ocrx_word' id='word_1_382' title='bbox 595 4347 625 4402; x_wconf 90' lang='lat' dir='ltr'>et</span> <span class='ocrx_word' id='word_1_383' title='bbox 640 4339 677 4400; x_wconf 91' lang='lat' dir='ltr'>ab</span> <span class='ocrx_word' id='word_1_384' title='bbox 692 4340 734 4400; x_wconf 92' lang='lat' dir='ltr'>eis</span> <span class='ocrx_word' id='word_1_385' title='bbox 757 4339 927 4418; x_wconf 89' lang='lat' dir='ltr'>respective</span> <span class='ocrx_word' id='word_1_386' title='bbox 949 4339 1049 4400; x_wconf 93' lang='lat' dir='ltr'>invio-</span> 
     </span>
     <span class='ocr_line' id='line_1_80' title="bbox 300 4431 1048 4511; baseline 0 -17"><span class='ocrx_word' id='word_1_387' title='bbox 300 4431 434 4494; x_wconf 89' lang='lat' dir='ltr'>labiliter</span> <span class='ocrx_word' id='word_1_388' title='bbox 448 4432 620 4509; x_wconf 89' lang='lat' dir='ltr'>observari;</span> <span class='ocrx_word' id='word_1_389' title='bbox 637 4433 743 4510; x_wconf 90' lang='lat' dir='ltr'>sicque</span> <span class='ocrx_word' id='word_1_390' title='bbox 758 4432 789 4492; x_wconf 96' lang='lat' dir='ltr'>in</span> <span class='ocrx_word' id='word_1_391' title='bbox 803 4431 978 4510; x_wconf 89' lang='lat' dir='ltr'>praemissis</span> <span class='ocrx_word' id='word_1_392' title='bbox 994 4448 1048 4511; x_wconf 90' lang='lat' dir='ltr'>per</span> 
     </span>
     <span class='ocr_line' id='line_1_81' title="bbox 299 4525 1049 4603; baseline -0.004 -16"><span class='ocrx_word' id='word_1_393' title='bbox 299 4539 513 4603; x_wconf 87' lang='lat' dir='ltr'>quoscumque</span> <span class='ocrx_word' id='word_1_394' title='bbox 534 4525 649 4586; x_wconf 91' lang='lat' dir='ltr'>iudices</span> <span class='ocrx_word' id='word_1_395' title='bbox 669 4525 840 4586; x_wconf 88' lang='lat' dir='ltr'>ordinarios</span> <span class='ocrx_word' id='word_1_396' title='bbox 862 4525 911 4586; x_wconf 93' lang='lat' dir='ltr'>vel</span> <span class='ocrx_word' id='word_1_397' title='bbox 927 4525 1049 4600; x_wconf 90' lang='lat' dir='ltr'>delega-</span> 
     </span>
     <span class='ocr_line' id='line_1_82' title="bbox 300 4617 1049 4695; baseline -0.003 -16"><span class='ocrx_word' id='word_1_398' title='bbox 300 4625 358 4692; x_wconf 90' lang='lat' dir='ltr'>tos,</span> <span class='ocrx_word' id='word_1_399' title='bbox 382 4617 475 4678; x_wconf 88' lang='lat' dir='ltr'>etiam</span> <span class='ocrx_word' id='word_1_400' title='bbox 497 4633 657 4679; x_wconf 89' lang='lat' dir='ltr'>causarum</span> <span class='ocrx_word' id='word_1_401' title='bbox 686 4617 789 4695; x_wconf 89' lang='lat' dir='ltr'>palatii</span> <span class='ocrx_word' id='word_1_402' title='bbox 811 4617 967 4695; x_wconf 89' lang='lat' dir='ltr'>apostolici</span> <span class='ocrx_word' id='word_1_403' title='bbox 996 4632 1049 4677; x_wconf 89' lang='lat' dir='ltr'>au-</span> 
     </span>
     <span class='ocr_line' id='line_1_83' title="bbox 300 4707 1047 4782; baseline -0.001 -14"><span class='ocrx_word' id='word_1_404' title='bbox 300 4707 427 4782; x_wconf 90' lang='lat' dir='ltr'>ditores,</span> <span class='ocrx_word' id='word_1_405' title='bbox 451 4708 579 4770; x_wconf 91' lang='lat' dir='ltr'>iudicari</span> <span class='ocrx_word' id='word_1_406' title='bbox 595 4716 625 4769; x_wconf 91' lang='lat' dir='ltr'>et</span> <span class='ocrx_word' id='word_1_407' title='bbox 643 4709 767 4770; x_wconf 84' lang='lat' dir='ltr'>definiri</span> <span class='ocrx_word' id='word_1_408' title='bbox 790 4709 914 4781; x_wconf 90' lang='lat' dir='ltr'>debere,</span> <span class='ocrx_word' id='word_1_409' title='bbox 931 4725 964 4770; x_wconf 89' lang='lat' dir='ltr'>ac</span> <span class='ocrx_word' id='word_1_410' title='bbox 980 4707 1047 4768; x_wconf 90' lang='lat' dir='ltr'>irri-</span> 
     </span>
     <span class='ocr_line' id='line_1_84' title="bbox 301 4801 1045 4879; baseline 0 -17"><span class='ocrx_word' id='word_1_411' title='bbox 301 4809 370 4862; x_wconf 90' lang='lat' dir='ltr'>tum</span> <span class='ocrx_word' id='word_1_412' title='bbox 385 4809 416 4863; x_wconf 87' lang='lat' dir='ltr'>et</span> <span class='ocrx_word' id='word_1_413' title='bbox 431 4801 535 4876; x_wconf 90' lang='lat' dir='ltr'>inane,</span> <span class='ocrx_word' id='word_1_414' title='bbox 546 4801 573 4862; x_wconf 92' lang='lat' dir='ltr'>si</span> <span class='ocrx_word' id='word_1_415' title='bbox 584 4817 671 4863; x_wconf 78' lang='lat' dir='ltr'>seem</span> <span class='ocrx_word' id='word_1_416' title='bbox 685 4817 779 4879; x_wconf 90' lang='lat' dir='ltr'>super</span> <span class='ocrx_word' id='word_1_417' title='bbox 790 4801 838 4862; x_wconf 90' lang='lat' dir='ltr'>bis</span> <span class='ocrx_word' id='word_1_418' title='bbox 849 4816 865 4860; x_wconf 88' lang='lat' dir='ltr'>a</span> <span class='ocrx_word' id='word_1_419' title='bbox 878 4815 1045 4878; x_wconf 88' lang='lat' dir='ltr'>quoquam,</span> 
     </span>
     <span class='ocr_line' id='line_1_85' title="bbox 300 4894 1046 4972; baseline -0.001 -16"><span class='ocrx_word' id='word_1_420' title='bbox 300 4895 409 4972; x_wconf 91' lang='lat' dir='ltr'>quavis</span> <span class='ocrx_word' id='word_1_421' title='bbox 424 4895 617 4969; x_wconf 86' lang='lat' dir='ltr'>auctoritate,</span> <span class='ocrx_word' id='word_1_422' title='bbox 640 4895 775 4957; x_wconf 87' lang='lat' dir='ltr'>scienter</span> <span class='ocrx_word' id='word_1_423' title='bbox 790 4894 840 4956; x_wconf 93' lang='lat' dir='ltr'>vel</span> <span class='ocrx_word' id='word_1_424' title='bbox 852 4895 1046 4971; x_wconf 85' lang='lat' dir='ltr'>ignoranter,</span> 
     </span>
     <span class='ocr_line' id='line_1_86' title="bbox 301 4987 645 5064; baseline -0.006 -15"><span class='ocrx_word' id='word_1_425' title='bbox 301 4987 467 5064; x_wconf 89' lang='lat' dir='ltr'>contigerit</span> <span class='ocrx_word' id='word_1_426' title='bbox 488 4987 645 5049; x_wconf 89' lang='lat' dir='ltr'>attentari.</span> 
     </span>
    </p>

    <p class='ocr_par' dir='ltr' id='par_1_26' title="bbox 300 5079 1049 5813">
     <span class='ocr_line' id='line_1_87' title="bbox 340 5079 1049 5155; baseline 0.004 -14"><span class='ocrx_word' id='word_1_427' title='bbox 340 5081 360 5155; x_wconf 69' lang='lat'>5</span> <span class='ocrx_word' id='word_1_428' title='bbox 381 5079 409 5141; x_wconf 85' lang='lat'>7.</span> <span class='ocrx_word' id='word_1_429' title='bbox 434 5079 503 5142; x_wconf 93' lang='lat' dir='ltr'>Non</span> <span class='ocrx_word' id='word_1_430' title='bbox 525 5081 715 5144; x_wconf 88' lang='lat' dir='ltr'>obstantibus</span> <span class='ocrx_word' id='word_1_431' title='bbox 730 5081 1003 5144; x_wconf 87' lang='lat' dir='ltr'>constitutionibus</span> <span class='ocrx_word' id='word_1_432' title='bbox 1018 5089 1049 5144; x_wconf 89' lang='lat' dir='ltr'>et</span> 
     </span>
     <span class='ocr_line' id='line_1_88' title="bbox 301 5173 1049 5252; baseline 0.003 -17"><span class='ocrx_word' id='word_1_433' title='bbox 301 5173 547 5236; x_wconf 89' lang='lat' dir='ltr'>ordinationibus</span> <span class='ocrx_word' id='word_1_434' title='bbox 579 5173 762 5252; x_wconf 90' lang='lat' dir='ltr'>apostolicis,</span> <span class='ocrx_word' id='word_1_435' title='bbox 791 5191 945 5251; x_wconf 88' lang='lat' dir='ltr'>necnon,</span> <span class='ocrx_word' id='word_1_436' title='bbox 976 5191 1049 5252; x_wconf 91' lang='lat' dir='ltr'>qua·</span> 
     </span>
     <span class='ocr_line' id='line_1_89' title="bbox 302 5269 1047 5346; baseline 0 -18"><span class='ocrx_word' id='word_1_437' title='bbox 302 5274 394 5328; x_wconf 90' lang='lat' dir='ltr'>tenus</span> <span class='ocrx_word' id='word_1_438' title='bbox 405 5281 482 5344; x_wconf 90' lang='lat' dir='ltr'>opus</span> <span class='ocrx_word' id='word_1_439' title='bbox 492 5269 544 5342; x_wconf 90' lang='lat' dir='ltr'>sit,</span> <span class='ocrx_word' id='word_1_440' title='bbox 558 5269 696 5329; x_wconf 89' lang='lat' dir='ltr'>eiusdem</span> <span class='ocrx_word' id='word_1_441' title='bbox 712 5269 902 5346; x_wconf 89' lang='lat' dir='ltr'>provinciae,</span> <span class='ocrx_word' id='word_1_442' title='bbox 918 5285 951 5330; x_wconf 90' lang='lat' dir='ltr'>ac</span> <span class='ocrx_word' id='word_1_443' title='bbox 962 5283 1047 5346; x_wconf 87' lang='lat' dir='ltr'>prae·</span> 
     </span>
     <span class='ocr_line' id='line_1_90' title="bbox 300 5360 1047 5440; baseline 0.003 -18"><span class='ocrx_word' id='word_1_444' title='bbox 300 5361 373 5422; x_wconf 92' lang='lat' dir='ltr'>dicti</span> <span class='ocrx_word' id='word_1_445' title='bbox 391 5360 587 5438; x_wconf 89' lang='lat' dir='ltr'>aliorumque</span> <span class='ocrx_word' id='word_1_446' title='bbox 598 5377 870 5440; x_wconf 90' lang='lat' dir='ltr'>quorumcumque</span> <span class='ocrx_word' id='word_1_447' title='bbox 884 5364 1047 5438; x_wconf 83' lang='lat' dir='ltr'>Ordinem,</span> 
     </span>
     <span class='ocr_line' id='line_1_91' title="bbox 300 5455 1048 5532; baseline 0 -16"><span class='ocrx_word' id='word_1_448' title='bbox 300 5455 580 5530; x_wconf 89' lang='lat' dir='ltr'>congregationum</span> <span class='ocrx_word' id='word_1_449' title='bbox 595 5455 646 5516; x_wconf 88' lang='lat' dir='ltr'>vel</span> <span class='ocrx_word' id='word_1_450' title='bbox 661 5456 891 5532; x_wconf 91' lang='lat' dir='ltr'>institutorum,</span> <span class='ocrx_word' id='word_1_451' title='bbox 908 5467 939 5518; x_wconf 89' lang='lat' dir='ltr'>et</span> <span class='ocrx_word' id='word_1_452' title='bbox 954 5457 1048 5518; x_wconf 88' lang='lat' dir='ltr'>etiam</span> 
     </span>
     <span class='ocr_line' id='line_1_92' title="bbox 301 5547 1049 5628; baseline 0.004 -21"><span class='ocrx_word' id='word_1_453' title='bbox 301 5547 488 5622; x_wconf 89' lang='lat' dir='ltr'>iuramento,</span> <span class='ocrx_word' id='word_1_454' title='bbox 521 5548 756 5610; x_wconf 86' lang='lat' dir='ltr'>confirmatione</span> <span class='ocrx_word' id='word_1_455' title='bbox 787 5550 968 5628; x_wconf 78' lang='lat' dir='ltr'>apostolica,</span> <span class='ocrx_word' id='word_1_456' title='bbox 998 5549 1049 5610; x_wconf 94' lang='lat' dir='ltr'>vel</span> 
     </span>
     <span class='ocr_line' id='line_1_93' title="bbox 301 5641 1048 5718; baseline 0.003 -16"><span class='ocrx_word' id='word_1_457' title='bbox 301 5641 409 5718; x_wconf 90' lang='lat' dir='ltr'>quavis</span> <span class='ocrx_word' id='word_1_458' title='bbox 430 5641 579 5702; x_wconf 86' lang='lat' dir='ltr'>firmitate</span> <span class='ocrx_word' id='word_1_459' title='bbox 600 5641 656 5702; x_wconf 77' lang='lat' dir='ltr'>alii</span> <span class='ocrx_word' id='word_1_460' title='bbox 677 5642 844 5717; x_wconf 88' lang='lat' dir='ltr'>roboratis,</span> <span class='ocrx_word' id='word_1_461' title='bbox 873 5643 996 5705; x_wconf 87' lang='lat' dir='ltr'>statutis</span> <span class='ocrx_word' id='word_1_462' title='bbox 1017 5650 1048 5704; x_wconf 92' lang='lat' dir='ltr'>et</span> 
     </span>
     <span class='ocr_line' id='line_1_94' title="bbox 301 5733 1048 5813; baseline 0.001 -18"><span class='ocrx_word' id='word_1_463' title='bbox 301 5733 594 5809; x_wconf 89' lang='lat' dir='ltr'>consuetudinibus,</span> <span class='ocrx_word' id='word_1_464' title='bbox 623 5733 797 5811; x_wconf 90' lang='lat' dir='ltr'>privilegiis</span> <span class='ocrx_word' id='word_1_465' title='bbox 829 5750 971 5813; x_wconf 90' lang='lat' dir='ltr'>quoque,</span> <span class='ocrx_word' id='word_1_466' title='bbox 1001 5734 1048 5796; x_wconf 88' lang='lat' dir='ltr'>in·</span> 
     </span>
    </p>
   </div>
   <div class='ocr_carea' id='block_1_21' title="bbox 343 5947 1006 6132">
    <p class='ocr_par' dir='ltr' id='par_1_27' title="bbox 343 5947 1006 6132">
     <span class='ocr_line' id='line_1_95' title="bbox 343 5947 882 6007; baseline 0 -14"><span class='ocrx_word' id='word_1_467' title='bbox 343 5950 372 6007; x_wconf 84' lang='lat' dir='ltr'>(i)</span> <span class='ocrx_word' id='word_1_468' title='bbox 388 5951 425 5994; x_wconf 76' lang='lat' dir='ltr'>Ex</span> <span class='ocrx_word' id='word_1_469' title='bbox 440 5947 581 5994; x_wconf 78' lang='lat' dir='ltr'>&#39;rabulatio</span> <span class='ocrx_word' id='word_1_470' title='bbox 596 5951 619 5993; x_wconf 82' lang='lat' dir='ltr'>S.</span> <span class='ocrx_word' id='word_1_471' title='bbox 636 5951 660 5994; x_wconf 92' lang='lat' dir='ltr'>c.</span> <span class='ocrx_word' id='word_1_472' title='bbox 676 5949 708 5993; x_wconf 88' lang='lat' dir='ltr'>de</span> <span class='ocrx_word' id='word_1_473' title='bbox 722 5951 796 6006; x_wconf 85' lang='lat' dir='ltr'>Prop.</span> <span class='ocrx_word' id='word_1_474' title='bbox 812 5948 882 5994; x_wconf 81' lang='lat' dir='ltr'>Fide.</span> 
     </span>
     <span class='ocr_line' id='line_1_96' title="bbox 408 6069 1006 6132; baseline 0 -16"><span class='ocrx_word' id='word_1_475' title='bbox 408 6071 461 6119; x_wconf 81' lang='lat' dir='ltr'>lar.</span> <span class='ocrx_word' id='word_1_476' title='bbox 478 6071 548 6118; x_wconf 81' lang='lat' dir='ltr'>Pani.</span> <span class='ocrx_word' id='word_1_477' title='bbox 563 6071 594 6117; x_wconf 77' lang='lat' dir='ltr'>de</span> <span class='ocrx_word' id='word_1_478' title='bbox 610 6072 683 6132; x_wconf 83' lang='lat' dir='ltr'>Prop.</span> <span class='ocrx_word' id='word_1_479' title='bbox 698 6070 760 6118; x_wconf 79' lang='lat' dir='ltr'>Fide</span> <span class='ocrx_word' id='word_1_480' title='bbox 774 6071 856 6118; x_wconf 83' lang='lat' dir='ltr'>Partis</span> <span class='ocrx_word' id='word_1_481' title='bbox 871 6072 890 6119; x_wconf 94' lang='lat'>1.</span> <span class='ocrx_word' id='word_1_482' title='bbox 905 6069 959 6118; x_wconf 81' lang='lat' dir='ltr'>vol.</span> <span class='ocrx_word' id='word_1_483' title='bbox 974 6073 1006 6117; x_wconf 89' lang='lat' dir='ltr'>ii.</span> 
     </span>
    </p>
   </div>
   <div class='ocr_carea' id='block_1_22' title="bbox 1104 4247 1852 5238">
    <p class='ocr_par' dir='ltr' id='par_1_28' title="bbox 1104 4247 1852 5238">
     <span class='ocr_line' id='line_1_97' title="bbox 1105 4247 1851 4327; baseline 0.001 -18"><span class='ocrx_word' id='word_1_484' title='bbox 1105 4248 1189 4309; x_wconf 91' lang='lat' dir='ltr'>tione</span> <span class='ocrx_word' id='word_1_485' title='bbox 1210 4249 1292 4309; x_wconf 90' lang='lat' dir='ltr'>vices</span> <span class='ocrx_word' id='word_1_486' title='bbox 1308 4263 1362 4327; x_wconf 91' lang='lat' dir='ltr'>per</span> <span class='ocrx_word' id='word_1_487' title='bbox 1378 4247 1532 4310; x_wconf 79' lang='lat' dir='ltr'>ineffabile</span> <span class='ocrx_word' id='word_1_488' title='bbox 1548 4249 1671 4311; x_wconf 89' lang='lat' dir='ltr'>divinae</span> <span class='ocrx_word' id='word_1_489' title='bbox 1686 4247 1851 4326; x_wconf 90' lang='lat' dir='ltr'>providen-</span> 
     </span>
     <span class='ocr_line' id='line_1_98' title="bbox 1105 4337 1852 4402; baseline -0.001 -1"><span class='ocrx_word' id='word_1_490' title='bbox 1105 4340 1165 4402; x_wconf 87' lang='lat' dir='ltr'>tiae</span> <span class='ocrx_word' id='word_1_491' title='bbox 1186 4339 1350 4402; x_wconf 91' lang='lat' dir='ltr'>consilium</span> <span class='ocrx_word' id='word_1_492' title='bbox 1374 4337 1546 4402; x_wconf 79' lang='lat' dir='ltr'>infirmitati</span> <span class='ocrx_word' id='word_1_493' title='bbox 1577 4339 1704 4402; x_wconf 88' lang='lat' dir='ltr'>Nostrae</span> <span class='ocrx_word' id='word_1_494' title='bbox 1726 4339 1852 4401; x_wconf 89' lang='lat' dir='ltr'>deman·</span> 
     </span>
     <span class='ocr_line' id='line_1_99' title="bbox 1104 4432 1852 4510; baseline -0.001 -16"><span class='ocrx_word' id='word_1_495' title='bbox 1104 4433 1187 4494; x_wconf 91' lang='lat' dir='ltr'>datas</span> <span class='ocrx_word' id='word_1_496' title='bbox 1208 4432 1299 4510; x_wconf 90' lang='lat' dir='ltr'>plane</span> <span class='ocrx_word' id='word_1_497' title='bbox 1327 4433 1530 4494; x_wconf 89' lang='lat' dir='ltr'>immerentes</span> <span class='ocrx_word' id='word_1_498' title='bbox 1561 4449 1617 4494; x_wconf 91' lang='lat' dir='ltr'>nas</span> <span class='ocrx_word' id='word_1_499' title='bbox 1644 4433 1795 4510; x_wconf 88' lang='lat' dir='ltr'>gerimus,</span> <span class='ocrx_word' id='word_1_500' title='bbox 1819 4447 1852 4494; x_wconf 91' lang='lat' dir='ltr'>ea</span> 
     </span>
     <span class='ocr_line' id='line_1_100' title="bbox 1106 4525 1852 4588; baseline 0.003 -3"><span class='ocrx_word' id='word_1_501' title='bbox 1106 4525 1304 4586; x_wconf 88' lang='lat' dir='ltr'>Pontificium</span> <span class='ocrx_word' id='word_1_502' title='bbox 1335 4526 1476 4586; x_wconf 88' lang='lat' dir='ltr'>animum</span> <span class='ocrx_word' id='word_1_503' title='bbox 1507 4535 1651 4588; x_wconf 91' lang='lat' dir='ltr'>nostrum</span> <span class='ocrx_word' id='word_1_504' title='bbox 1682 4526 1715 4587; x_wconf 91' lang='lat' dir='ltr'>in</span> <span class='ocrx_word' id='word_1_505' title='bbox 1743 4526 1852 4587; x_wconf 89' lang='lat' dir='ltr'>ovibus</span> 
     </span>
     <span class='ocr_line' id='line_1_101' title="bbox 1104 4617 1852 4698; baseline 0.003 -20"><span class='ocrx_word' id='word_1_506' title='bbox 1104 4634 1160 4679; x_wconf 91' lang='lat' dir='ltr'>suo</span> <span class='ocrx_word' id='word_1_507' title='bbox 1189 4619 1344 4694; x_wconf 90' lang='lat' dir='ltr'>sanguine</span> <span class='ocrx_word' id='word_1_508' title='bbox 1372 4617 1540 4697; x_wconf 84' lang='lat' dir='ltr'>redemptis</span> <span class='ocrx_word' id='word_1_509' title='bbox 1566 4627 1597 4681; x_wconf 88' lang='lat' dir='ltr'>et</span> <span class='ocrx_word' id='word_1_510' title='bbox 1618 4635 1673 4698; x_wconf 90' lang='lat' dir='ltr'>per</span> <span class='ocrx_word' id='word_1_511' title='bbox 1700 4618 1783 4680; x_wconf 93' lang='lat' dir='ltr'>viam</span> <span class='ocrx_word' id='word_1_512' title='bbox 1804 4633 1852 4680; x_wconf 89' lang='lat' dir='ltr'>ae·</span> 
     </span>
     <span class='ocr_line' id='line_1_102' title="bbox 1107 4710 1852 4789; baseline -0.001 -16"><span class='ocrx_word' id='word_1_513' title='bbox 1107 4719 1212 4773; x_wconf 91' lang='lat' dir='ltr'>ternae</span> <span class='ocrx_word' id='word_1_514' title='bbox 1234 4710 1417 4789; x_wconf 89' lang='lat' dir='ltr'>perditionis</span> <span class='ocrx_word' id='word_1_515' title='bbox 1438 4712 1642 4789; x_wconf 90' lang='lat' dir='ltr'>pergentibus</span> <span class='ocrx_word' id='word_1_516' title='bbox 1657 4711 1692 4774; x_wconf 90' lang='lat' dir='ltr'>ad</span> <span class='ocrx_word' id='word_1_517' title='bbox 1708 4711 1852 4773; x_wconf 85' lang='lat' dir='ltr'>orthodo-</span> 
     </span>
     <span class='ocr_line' id='line_1_103' title="bbox 1104 4803 1852 4868; baseline -0.001 -3"><span class='ocrx_word' id='word_1_518' title='bbox 1104 4819 1182 4866; x_wconf 92' lang='lat' dir='ltr'>xum</span> <span class='ocrx_word' id='word_1_519' title='bbox 1203 4803 1285 4866; x_wconf 93' lang='lat' dir='ltr'>ovile</span> <span class='ocrx_word' id='word_1_520' title='bbox 1313 4806 1497 4866; x_wconf 87' lang='lat' dir='ltr'>reducendis</span> <span class='ocrx_word' id='word_1_521' title='bbox 1518 4805 1685 4868; x_wconf 91' lang='lat' dir='ltr'>sollicitum</span> <span class='ocrx_word' id='word_1_522' title='bbox 1712 4805 1852 4866; x_wconf 90' lang='lat' dir='ltr'>coelestis</span> 
     </span>
     <span class='ocr_line' id='line_1_104' title="bbox 1104 4895 1852 4976; baseline -0.003 -18"><span class='ocrx_word' id='word_1_523' title='bbox 1104 4896 1324 4958; x_wconf 89' lang='lat' dir='ltr'>consolationis</span> <span class='ocrx_word' id='word_1_524' title='bbox 1339 4897 1423 4976; x_wconf 90' lang='lat' dir='ltr'>copia</span> <span class='ocrx_word' id='word_1_525' title='bbox 1440 4904 1470 4958; x_wconf 89' lang='lat' dir='ltr'>et</span> <span class='ocrx_word' id='word_1_526' title='bbox 1485 4895 1618 4960; x_wconf 87' lang='lat' dir='ltr'>laetitiae</span> <span class='ocrx_word' id='word_1_527' title='bbox 1635 4897 1852 4973; x_wconf 90' lang='lat' dir='ltr'>magnitudine</span> 
     </span>
     <span class='ocr_line' id='line_1_105' title="bbox 1104 4988 1852 5066; baseline -0.004 -15"><span class='ocrx_word' id='word_1_528' title='bbox 1104 4989 1265 5051; x_wconf 89' lang='lat' dir='ltr'>cumulare</span> <span class='ocrx_word' id='word_1_529' title='bbox 1287 4990 1431 5065; x_wconf 90' lang='lat' dir='ltr'>dignatus</span> <span class='ocrx_word' id='word_1_530' title='bbox 1459 4997 1516 5065; x_wconf 79' lang='lat' dir='ltr'>est,</span> <span class='ocrx_word' id='word_1_531' title='bbox 1541 4996 1574 5052; x_wconf 89' lang='lat' dir='ltr'>ut</span> <span class='ocrx_word' id='word_1_532' title='bbox 1596 4988 1706 5066; x_wconf 89' lang='lat' dir='ltr'>gaudio</span> <span class='ocrx_word' id='word_1_533' title='bbox 1727 5003 1852 5066; x_wconf 88' lang='lat' dir='ltr'>snpera-</span> 
     </span>
     <span class='ocr_line' id='line_1_106' title="bbox 1106 5081 1851 5158; baseline 0 -16"><span class='ocrx_word' id='word_1_534' title='bbox 1106 5081 1280 5144; x_wconf 90' lang='lat' dir='ltr'>bundantes</span> <span class='ocrx_word' id='word_1_535' title='bbox 1311 5081 1501 5158; x_wconf 86' lang='lat' dir='ltr'>incredibili,</span> <span class='ocrx_word' id='word_1_536' title='bbox 1535 5083 1702 5145; x_wconf 90' lang='lat' dir='ltr'>iubilemus</span> <span class='ocrx_word' id='word_1_537' title='bbox 1733 5082 1796 5143; x_wconf 89' lang='lat' dir='ltr'>Deo</span> <span class='ocrx_word' id='word_1_538' title='bbox 1818 5081 1851 5142; x_wconf 95' lang='lat' dir='ltr'>in</span> 
     </span>
     <span class='ocr_line' id='line_1_107' title="bbox 1106 5174 1412 5238; baseline 0 -4"><span class='ocrx_word' id='word_1_539' title='bbox 1106 5190 1180 5238; x_wconf 93' lang='lat' dir='ltr'>voce</span> <span class='ocrx_word' id='word_1_540' title='bbox 1202 5174 1412 5236; x_wconf 89' lang='lat' dir='ltr'>exultationis.</span> 
     </span>
    </p>
   </div>
   <div class='ocr_carea' id='block_1_23' title="bbox 1767 540 2065 606">
    <p class='ocr_par' dir='ltr' id='par_1_29' title="bbox 1767 540 2065 606">
     <span class='ocr_line' id='line_1_108' title="bbox 1767 540 2065 606; baseline -0.003 -12"><span class='ocrx_word' id='word_1_541' title='bbox 1767 544 1826 606; x_wconf 80' lang='lat' dir='ltr'>lbi</span> <span class='ocrx_word' id='word_1_542' title='bbox 1875 540 2065 594; x_wconf 81' lang='lat' dir='ltr'>sn.c.1ase</span> 
     </span>
    </p>
   </div>
   <div class='ocr_carea' id='block_1_24' title="bbox 1902 1633 2079 1689">
    <p class='ocr_par' dir='ltr' id='par_1_30' title="bbox 1902 1633 2079 1689">
     <span class='ocr_line' id='line_1_109' title="bbox 1902 1633 2079 1689; baseline -0.006 -11"><span class='ocrx_word' id='word_1_543' title='bbox 1902 1633 2079 1689; x_wconf 80' lang='lat' dir='ltr'>rransnmptis</span> 
     </span>
    </p>
   </div>
   <div class='ocr_carea' id='block_1_25' title="bbox 1865 1685 2035 1732">
    <p class='ocr_par' dir='ltr' id='par_1_31' title="bbox 1865 1685 2035 1732">
     <span class='ocr_line' id='line_1_110' title="bbox 1865 1685 2035 1732; baseline -0.006 0"><span class='ocrx_word' id='word_1_544' title='bbox 1865 1686 1952 1732; x_wconf 89' lang='lat' dir='ltr'>danda</span> <span class='ocrx_word' id='word_1_545' title='bbox 1967 1685 2035 1732; x_wconf 85' lang='lat' dir='ltr'>fldes.</span> 
     </span>
    </p>
   </div>
   <div class='ocr_carea' id='block_1_26' title="bbox 1896 4070 2064 4117">
    <p class='ocr_par' dir='ltr' id='par_1_32' title="bbox 1896 4070 2064 4117">
     <span class='ocr_line' id='line_1_111' title="bbox 1896 4070 2064 4117; baseline -0.012 -1"><span class='ocrx_word' id='word_1_546' title='bbox 1896 4070 2064 4117; x_wconf 86' lang='lat' dir='ltr'>Prooemium.</span> 
     </span>
    </p>
   </div>
   <div class='ocr_carea' id='block_1_27' title="bbox 1145 5269 2084 5348">
    <p class='ocr_par' dir='ltr' id='par_1_33' title="bbox 1145 5269 2084 5348">
     <span class='ocr_line' id='line_1_112' title="bbox 1145 5269 2084 5348; baseline -0.005 -18"><span class='ocrx_word' id='word_1_547' title='bbox 1145 5269 1213 5344; x_wconf 77' lang='lat' dir='ltr'>§l</span> <span class='ocrx_word' id='word_1_548' title='bbox 1238 5269 1330 5331; x_wconf 84' lang='lat' dir='ltr'>Enim</span> <span class='ocrx_word' id='word_1_549' title='bbox 1360 5286 1436 5331; x_wconf 90' lang='lat' dir='ltr'>vera</span> <span class='ocrx_word' id='word_1_550' title='bbox 1465 5286 1573 5332; x_wconf 90' lang='lat' dir='ltr'>vener.</span> <span class='ocrx_word' id='word_1_551' title='bbox 1603 5271 1653 5333; x_wconf 85' lang='lat' dir='ltr'>Fr.</span> <span class='ocrx_word' id='word_1_552' title='bbox 1677 5269 1851 5348; x_wconf 88' lang='lat' dir='ltr'>Leopoldus</span> <span class='ocrx_word' id='word_1_553' title='bbox 1877 5279 2084 5328; x_wconf 76' lang='lat' dir='ltr'>arensansaur-</span> 
     </span>
    </p>
   </div>
   <div class='ocr_carea' id='block_1_28' title="bbox 1104 5363 1850 5445">
    <p class='ocr_par' dir='ltr' id='par_1_34' title="bbox 1104 5363 1850 5445">
     <span class='ocr_line' id='line_1_113' title="bbox 1104 5363 1850 5445; baseline -0.001 -20"><span class='ocrx_word' id='word_1_554' title='bbox 1104 5363 1359 5442; x_wconf 83' lang='lat' dir='ltr'>Archiepiscopus</span> <span class='ocrx_word' id='word_1_555' title='bbox 1387 5365 1628 5441; x_wconf 82' lang='lat' dir='ltr'>salisburgensis</span> <span class='ocrx_word' id='word_1_556' title='bbox 1660 5381 1715 5445; x_wconf 89' lang='lat' dir='ltr'>pro</span> <span class='ocrx_word' id='word_1_557' title='bbox 1736 5363 1850 5426; x_wconf 89' lang='lat' dir='ltr'>eximia</span> 
     </span>
    </p>
   </div>
   <div class='ocr_carea' id='block_1_29' title="bbox 1869 5335 2083 5435">
    <p class='ocr_par' dir='ltr' id='par_1_35' title="bbox 1869 5335 2083 5435">
     <span class='ocr_line' id='line_1_114' title="bbox 1869 5335 2083 5392; baseline -0.005 -11"><span class='ocrx_word' id='word_1_558' title='bbox 1869 5337 1954 5392; x_wconf 87' lang='lat' dir='ltr'>gensis</span> <span class='ocrx_word' id='word_1_559' title='bbox 1969 5346 1999 5380; x_wconf 89' lang='lat' dir='ltr'>ex</span> <span class='ocrx_word' id='word_1_560' title='bbox 2012 5335 2083 5380; x_wconf 85' lang='lat' dir='ltr'>Dioc-</span> 
     </span>
     <span class='ocr_line' id='line_1_115' title="bbox 1870 5389 2082 5435; baseline -0.009 -1"><span class='ocrx_word' id='word_1_561' title='bbox 1870 5389 1920 5435; x_wconf 86' lang='lat' dir='ltr'>cesi</span> <span class='ocrx_word' id='word_1_562' title='bbox 1940 5389 2082 5435; x_wconf 85' lang='lat' dir='ltr'>haereticos</span> 
     </span>
    </p>
   </div>
   <div class='ocr_carea' id='block_1_30' title="bbox 1104 5443 1995 5534">
    <p class='ocr_par' dir='ltr' id='par_1_36' title="bbox 1104 5443 1995 5534">
     <span class='ocr_line' id='line_1_116' title="bbox 1104 5443 1995 5534; baseline -0.006 -17"><span class='ocrx_word' id='word_1_563' title='bbox 1104 5457 1218 5534; x_wconf 90' lang='lat' dir='ltr'>pietate</span> <span class='ocrx_word' id='word_1_564' title='bbox 1232 5473 1297 5530; x_wconf 89' lang='lat' dir='ltr'>sua,</span> <span class='ocrx_word' id='word_1_565' title='bbox 1314 5457 1464 5533; x_wconf 89' lang='lat' dir='ltr'>singulari</span> <span class='ocrx_word' id='word_1_566' title='bbox 1481 5459 1673 5522; x_wconf 88' lang='lat' dir='ltr'>Ortbodoxae</span> <span class='ocrx_word' id='word_1_567' title='bbox 1691 5457 1851 5534; x_wconf 86' lang='lat' dir='ltr'>religionis</span> <span class='ocrx_word' id='word_1_568' title='bbox 1870 5443 1995 5489; x_wconf 51' lang='lat' dir='ltr'><strong>‘nmium-</strong></span> 
     </span>
    </p>
   </div>
   <div class='ocr_carea' id='block_1_31' title="bbox 1104 5548 1852 5812">
    <p class='ocr_par' dir='ltr' id='par_1_37' title="bbox 1104 5548 1852 5812">
     <span class='ocr_line' id='line_1_117' title="bbox 1105 5548 1852 5626; baseline 0.001 -17"><span class='ocrx_word' id='word_1_569' title='bbox 1105 5548 1183 5624; x_wconf 91' lang='lat' dir='ltr'>zelo,</span> <span class='ocrx_word' id='word_1_570' title='bbox 1207 5549 1350 5611; x_wconf 91' lang='lat' dir='ltr'>iniuncto</span> <span class='ocrx_word' id='word_1_571' title='bbox 1367 5549 1526 5626; x_wconf 88' lang='lat' dir='ltr'>pastoralis</span> <span class='ocrx_word' id='word_1_572' title='bbox 1540 5549 1704 5612; x_wconf 91' lang='lat' dir='ltr'>llinisterii</span> <span class='ocrx_word' id='word_1_573' title='bbox 1719 5566 1852 5612; x_wconf 88' lang='lat' dir='ltr'>munere</span> 
     </span>
     <span class='ocr_line' id='line_1_118' title="bbox 1104 5641 1852 5719; baseline 0 -15"><span class='ocrx_word' id='word_1_574' title='bbox 1104 5642 1292 5717; x_wconf 90' lang='lat' dir='ltr'>custodiens,</span> <span class='ocrx_word' id='word_1_575' title='bbox 1310 5641 1432 5719; x_wconf 89' lang='lat' dir='ltr'>vigilias</span> <span class='ocrx_word' id='word_1_576' title='bbox 1453 5657 1547 5719; x_wconf 89' lang='lat' dir='ltr'>super</span> <span class='ocrx_word' id='word_1_577' title='bbox 1571 5659 1665 5719; x_wconf 90' lang='lat' dir='ltr'>grege</span> <span class='ocrx_word' id='word_1_578' title='bbox 1690 5644 1748 5705; x_wconf 90' lang='lat' dir='ltr'>sibi</span> <span class='ocrx_word' id='word_1_579' title='bbox 1770 5659 1852 5705; x_wconf 91' lang='lat' dir='ltr'>com-</span> 
     </span>
     <span class='ocr_line' id='line_1_119' title="bbox 1105 5735 1851 5812; baseline -0.003 -14"><span class='ocrx_word' id='word_1_580' title='bbox 1105 5736 1199 5798; x_wconf 92' lang='lat' dir='ltr'>misso</span> <span class='ocrx_word' id='word_1_581' title='bbox 1219 5751 1342 5798; x_wconf 89' lang='lat' dir='ltr'>summa</span> <span class='ocrx_word' id='word_1_582' title='bbox 1362 5749 1434 5798; x_wconf 92' lang='lat' dir='ltr'>cum</span> <span class='ocrx_word' id='word_1_583' title='bbox 1459 5735 1596 5796; x_wconf 88' lang='lat' dir='ltr'>nominis</span> <span class='ocrx_word' id='word_1_584' title='bbox 1617 5736 1665 5798; x_wconf 91' lang='lat' dir='ltr'>sui</span> <span class='ocrx_word' id='word_1_585' title='bbox 1686 5735 1786 5812; x_wconf 88' lang='lat' dir='ltr'>laude,</span> <span class='ocrx_word' id='word_1_586' title='bbox 1810 5735 1851 5797; x_wconf 90' lang='lat' dir='ltr'>la-</span> 
     </span>
    </p>
   </div>
   <div class='ocr_carea' id='block_1_32' title="bbox 0 0 2434 6980">
    <p class='ocr_par' dir='ltr' id='par_1_38' title="bbox 0 0 2434 6980">
     <span class='ocr_line' id='line_1_120' title="bbox 0 0 2434 6980; baseline 0 0"><span class='ocrx_word' id='word_1_587' title='bbox 0 0 2434 6980; x_wconf 95' lang='lat' dir='ltr'> </span> 
     </span>
    </p>
   </div>
  </div>
 </body>
</html>
