4880 6982
130 571 184 622 An.
200 573 229 622 0.
251 571 319 622 1715

348 710 571 788 probationem,
593 727 626 772 ac
647 710 756 788 quovis
777 709 952 771 ministerio
966 707 1090 788 penitus

346 805 475 878 secluso,
499 805 614 866 eisdem
634 802 852 880 superstitiosis
865 803 981 865 actibus
995 817 1091 880 quan-

347 899 448 976 doque
481 897 627 975 praestari
662 898 820 972 contingat
851 913 866 956 a
897 895 1089 966 christianis,

347 1006 418 1052 cum
449 990 539 1052 aliter
560 990 627 1050 odia
649 998 681 1052 et
702 989 879 1051 inimicitiae
906 989 996 1051 vitari
1028 1005 1090 1050 non

347 1089 490 1160 possunt3
520 1082 594 1145 iacti
627 1091 730 1144 tamen
759 1083 854 1161 prius,
884 1081 910 1142 si
931 1082 1091 1144 commode

347 1176 415 1238 fieri
438 1176 560 1254 poterit,
577 1175 645 1236 tidei
661 1177 891 1253 protestatione,
908 1191 941 1236 ac
955 1182 1090 1238 cessante

347 1269 484 1347 periculo
504 1269 724 1331 subversionis.

387 1363 517 1424 Demum
541 1361 784 1440 permittentium
807 1379 869 1424 non
892 1379 958 1424 esso
973 1362 1093 1424 0101011-

347 1455 487 1516 tidelibus
520 1454 642 1516 tabellas
674 1455 891 1517 defunctorum
915 1457 1091 1534 progenito-

347 1565 417 1608 rum
433 1549 465 1610 in
480 1549 544 1609 suis
559 1548 686 1625 privatis
701 1550 842 1610 domibus
857 1550 992 1610 retinere
1007 1549 1090 1612 iuxta

347 1642 471 1703 iliarum
494 1642 628 1717 partium
651 1657 781 1717 morem,
806 1643 863 1704 boo
884 1650 941 1717 est,
958 1659 1030 1704 cum
1045 1643 1090 1704 in·

346 1735 512 1813 scriptione
544 1735 649 1806 sinici,
673 1751 732 1812 qua
765 1735 901 1797 1100000
931 1739 1090 1798 sensuales

346 1828 484 1904 spiritus
507 1827 555 1888 vel
577 1830 705 1890 001000
733 1829 770 1890 N.
794 1831 1004 1910 significetur3
1028 1834 1090 1894 imo

347 1940 403 1986 neo
425 1939 495 1985 cum
516 1923 572 1984 0111
594 1923 1089 2002 000001000ου11000000100-
1117 1991 1119 2006 ,

347 2033 407 2094 que
427 2018 509 2079 idem
530 2034 563 2080 ac
584 2017 692 2096 priori,
716 2017 785 2078 licet
806 2019 903 2095 magis
925 2022 1089 2094 contracti,
1117 2011 1120 2097 fl

347 2110 548 2188 inscriptione
574 2109 726 2186 designari
755 2111 907 2172 videatur.
930 2102 995 2188 Quo
1017 2129 1091 2174 vero
1118 2117 1119 2177 i

348 2205 383 2265 ad
405 2203 529 2265 tabellas
551 2202 614 2264 solo
636 2203 774 2266 defuncti
790 2205 918 2266 nominc
933 2206 1091 2285 inscriptas
1117 2269 1119 2275 ,

349 2297 471 2358 tolerari
492 2313 579 2374 posse
600 2297 723 2358 illarum
747 2314 848 2372 usum,
868 2298 1036 2361 dummodo
1058 2301 1088 2362 in

347 2389 390 2452 eis
412 2389 609 2452 conficiendis
629 2391 815 2452 omittantur
833 2393 935 2454 omnia
951 2409 1028 2470 quae
1042 2411 1090 2456 00-

346 2482 561 2562 perstitionem
582 2483 733 2557 redolent,
750 2491 780 2544 et
802 2485 921 2547 secluso
938 2486 1090 2562 scandalo,
1117 2468 1120 2539 1

346 2577 403 2638 boc
418 2585 475 2650 est,
491 2576 670 2650 dummodo,
685 2578 738 2654 qui
755 2578 911 2640 christiani
927 2594 989 2641 000
1005 2589 1090 2655 0001,

346 2671 487 2733 arbitrari
510 2686 571 2732 non
594 2671 711 2747 possint
733 2671 857 2733 tabelias
881 2673 1056 2736 huiusmodi
1076 2691 1091 2734 a
1118 2735 1120 2738 .

347 2765 520 2826 eluistianis
551 2764 680 2825 retineri
702 2764 736 2824 01
758 2773 874 2839 mente,
897 2782 955 2842 qua
979 2767 1035 2846 ipsi
1057 2769 1092 2828 ii·
1119 2757 1120 2769 ¹

347 2857 389 2918 las
410 2858 560 2943 retinent,
576 2873 698 2918 necnon
720 2857 835 2919 adiecti
854 2859 980 2936 insuper
995 2860 1092 2922 decla-

346 2951 465 3012 ratione
486 2952 522 3012 ad
544 2951 623 3012 10100
644 2951 779 3028 ipsarum
803 2951 983 3013 tabellarum
1002 2969 1091 3030 appo·
1119 2944 1120 2954 ’

348 3044 460 3118 nenda,
484 3060 554 3122 qua,
578 3052 609 3104 et
629 3060 706 3120 quae
728 3046 767 3106 sit
795 3045 1033 3108 christianorum
1055 3047 1092 3107 de

347 3136 499 3198 tleiunctis
521 3137 606 3211 1100,
630 3145 659 3198 01
681 3137 777 3214 qualis
799 3137 937 3200 filiorum
952 3157 984 3200 ac
999 3156 1091 3218 0000-
1118 3153 1120 3161 ’

348 3237 415 3290 tum
437 3229 469 3290 in
491 3229 749 3308 primogenitores
771 3231 866 3309 pietas
888 3247 953 3292 esse
971 3233 1089 3308 debeat,

346 3323 544 3385 enuncietor.

386 3415 444 3476 Per
475 3417 636 3493 praemissa
669 3417 874 3479 nibilominus
902 3433 965 3479 non
993 3420 1091 3480 vetari
1118 3437 1120 3503 t

346 3511 514 3587 quominus
545 3525 619 3586 erga
650 3510 810 3572 defunctos
842 3513 946 3590 peragi
974 3515 1091 3590 possint

347 3603 414 3678 alia,
436 3605 460 3664 si
483 3621 560 3682 quae
587 3605 661 3679 sint,
684 3604 720 3664 ab
742 3604 778 3664 iis
810 3606 954 3680 gentibus
988 3607 1089 3684 peragi
1119 3659 1120 3666 ,

346 3704 502 3771 00000010,
525 3714 603 3774 quae
624 3713 698 3758 vere
713 3699 922 3774 superstitiosa
939 3715 1001 3760 000
1017 3700 1089 3774 0101,

347 3807 403 3852 000
433 3791 661 3868 superstitionis
692 3791 827 3868 speciem
862 3792 1090 3869 praeseferanl3

346 3883 398 3944 sed
420 3884 500 3945 intra
528 3884 643 3944 limites
673 3884 814 3946 civilium
842 3893 873 3945 01
895 3885 1092 3961 politicorum

347 3977 465 4039 rituum
486 3978 714 4039 contineantur.
739 3977 834 4038 Porro
851 3994 1003 4055 quaenam
1019 3979 1092 4041 baec
1118 3980 1120 4056 j

346 4071 420 4144 sint,
443 4079 473 4132 et
494 4071 606 4148 quibus
637 4069 780 4130 adhibitis
811 4071 938 4132 cautelis
969 4071 1090 4132 101οι001

1017 586 1158 632 CLEMENS
1182 587 1223 634 XI.

1813 568 1872 629 307
1923 568 1976 622 An.
1990 569 2019 621 O.
2042 570 2109 620 1715

1148 712 1215 766 tum
1236 720 1291 766 seu
1312 705 1483 780 decretum,
1506 707 1598 782 quod,
1616 704 1674 765 11110
1689 720 1830 782 expresse
1846 704 1892 768 in-

1147 797 1310 874 haerendo,
1334 815 1349 857 a
1373 799 1438 877 piae
1454 798 1673 862 recordationis
1689 798 1797 860 Caroio
1813 799 1893 860 'lbo-

1147 907 1207 966 ma,
1230 893 1304 953 dum
1328 893 1416 966 vixit,
1439 893 1577 953 eiusdem
1595 891 1724 953 Sanctae
1738 893 1893 954 Romanae

1148 985 1298 1048 Ecclesiae
1313 985 1465 1048 Cardinali
1484 985 1520 1048 de
1536 986 1685 1046 Tournon
1702 991 1891 1065 nuncupato,

1148 1087 1221 1140 tunc
1251 1079 1420 1156 patriarcba
1448 1079 1653 1154 Antiocheno,
1683 1081 1893 1142 commissario

1146 1179 1175 1233 et
1198 1173 1355 1235 visitatore
1376 1173 1540 1251 apostolico
1559 1172 1696 1249 generali
1711 1173 1743 1234 iu
1759 1173 1893 1251 praelato

1147 1267 1277 1345 imperio
1306 1267 1462 1342 Sinarum,
1485 1266 1534 1327 die
1561 1281 1633 1328 xxv.
1658 1267 1719 1328 ian.
1744 1284 1889 1332 noocvrv.

1145 1360 1265 1422 editum
1296 1359 1366 1435 iuit,
1400 1359 1437 1421 ab
1467 1360 1612 1422 omnibus
1639 1369 1670 1423 et
1690 1360 1833 1438 singuiis,
1856 1366 1893 1426 ad

1146 1469 1222 1531 quos
1243 1452 1408 1530 spectabat,
1433 1454 1612 1514 inconcusse
1628 1462 1659 1514 et
1674 1455 1893 1517 inviolabiliter

1145 1546 1202 1606 sub
1223 1546 1361 1606 censuris
1383 1554 1414 1607 et
1435 1546 1542 1623 poenis
1564 1545 1596 1607 in
1614 1548 1757 1609 mandato
1771 1565 1826 1610 000
1842 1550 1893 1610 de-

1145 1646 1229 1699 creto
1251 1639 1428 1701 huiusmodi
1450 1641 1599 1716 expressis
1620 1640 1808 1704 observanda
1828 1659 1893 1705 0000

1146 1732 1339 1794 decrevimus
1360 1737 1390 1794 et
1412 1732 1646 1808 declaravimus,
1680 1735 1789 1812 quovis
1820 1751 1891 1797 con-

1147 1825 1321 1888 traiaciendi
1354 1827 1491 1904 quaesito
1522 1828 1623 1889 colore
1653 1844 1708 1889 seu
1731 1835 1892 1906 praetextu

1146 1920 1268 1998 penitus
1299 1920 1429 1994 sublato,
1460 1937 1493 1982 00
1524 1921 1719 1999 potissimum
1749 1938 1812 1984 non
1840 1923 1893 1984 ob

1146 2019 1247 2074 stante
1268 2029 1462 2091 quacumque
1483 2013 1686 2092 appellatione
1702 2032 1717 2075 a
1733 2015 1892 2093 quibusvis

1147 2107 1283 2184 personis
1304 2107 1341 2166 ad
1362 2123 1418 2168 nos
1439 2116 1469 2168 et
1491 2107 1603 2170 Sedem
1626 2109 1830 2185 apostolicam
1848 2110 1893 2170 in-

1148 2201 1301 2278 terposita,
1325 2217 1416 2278 quarn
1440 2209 1598 2278 propterea
1613 2217 1737 2280 prorsus
1752 2203 1891 2264 reiicien-

1146 2293 1215 2355 dam
1237 2311 1302 2356 esse
1322 2295 1466 2357 similiter
1492 2296 1697 2369 decrevimus,
1720 2312 1753 2358 00
1775 2313 1808 2357 00
1830 2296 1892 2374 ipsa

1147 2387 1330 2462 reiecimus,
1368 2396 1460 2466 prout
1492 2389 1523 2448 in
1555 2387 1677 2448 decreto
1709 2387 1763 2449 bac
1791 2388 1828 2450 de
1859 2406 1893 2452 re

1146 2483 1227 2544 edito
1249 2481 1346 2543 100100
1368 2486 1557 2544 continetur.

1186 2575 1254 2649 §b
1279 2574 1357 2636 Haec
1378 2575 1481 2635 omnia
1503 2574 1593 2652 plene
1616 2581 1646 2636 et
1668 2575 1786 2636 abunde
1808 2576 1893 2638 sutu—
1992 2586 2076 2660 eapse,
2092 2596 2123 2629 ex

1146 2685 1215 2730 0000
1230 2667 1417 2740 debuissent,
1435 2675 1529 2742 0100,
1546 2685 1624 2746 quae
1640 2669 1784 2731 inimicus
1797 2671 1891 2732 bomo
1911 2647 2123 2736 11111111Ὓι11ἶ

1146 2761 1457 2840 superseminaverat,
1479 2762 1595 2823 zizania
1618 2779 1655 2823 ex
1677 2779 1750 2840 agro
1772 2763 1824 2824 1110
1846 2782 1893 2826 ra·
1912 2745 2123 2844 {ssssqffi‘¹,}{⁵,¹{,⁰,¹,¹,

1147 2853 1256 2914 dicitas
1278 2853 1499 2927 evellerentur,
1523 2853 1689 2932 fidelesque
1711 2872 1818 2918 omnes
1837 2874 1893 2919 no·
1912 2852 2123 2950 gffiiffiqfflimsgss}

1146 2945 1269 3006 suiset
1296 2947 1387 3008 buius
1420 2947 1547 3009 Sanctae
1576 2947 1661 3010 Sedis
1687 2949 1837 3010 mandatis
1858 2951 1892 3012 ca
1912 2960 2056 3022 pretatione
2072 2961 2125 3022 vlu·

1147 3056 1206 3117 qua
1227 3049 1366 3118 parerat
1394 3041 1569 3103 bumilitate
1591 3049 1621 3102 et
1647 3041 1819 3104 obedientia
1841 3043 1894 3104 ob-
1911 3014 1984 3112 11118
1996 3025 2011 3071 ¹³
2015 3017 2123 3060 “mm

1146 3141 1364 3211 sequerentur,
1388 3135 1570 3212 praesertim
1595 3151 1666 3197 cum
1688 3135 1721 3196 in
1742 3135 1824 3198 calce
1845 3153 1892 3197 re-

1145 3243 1327 3305 sponsorum
1340 3226 1569 3305 praedictorum
1584 3245 1600 3288 a
1615 3227 1702 3290 nobis
1717 3228 1796 3290 sicut
1807 3244 1894 3307 prae-

1118 3364 1120 3377 .
1147 3321 1283 3383 mittitur
1313 3322 1568 3382 confirmatorum
1596 3328 1627 3382 et
1654 3322 1892 3400 approbatorum

1147 3431 1268 3477 oausam
1290 3415 1349 3474 iam
1372 3413 1490 3474 smitam
1513 3429 1579 3474 esse
1598 3415 1712 3494 apertis
1733 3423 1764 3476 et
1778 3415 1893 3492 perspi-

1147 3509 1212 3570 cuis
1234 3507 1337 3570 verbis
1366 3509 1606 3586 pronunciatum
1634 3508 1737 3570 100011.
1762 3509 1891 3583 Verum,

1146 3619 1228 3676 000,
1252 3603 1341 3664 010011
1363 3619 1401 3664 ex
1422 3605 1536 3665 eisdem
1569 3603 1716 3681 partibus,
1740 3619 1802 3666 non
1825 3603 1894 3665 sine

1148 3697 1257 3757 intimo
1278 3696 1373 3758 animi
1396 3697 1492 3758 nostri
1513 3697 1629 3770 dolore,
1652 3697 1688 3759 ad
1711 3699 1809 3758 nostri
1825 3713 1893 3776 per·

1147 3791 1234 3852 venit
1266 3789 1450 3868 apostolatus
1482 3791 1640 3865 auditum,
1674 3796 1736 3850 tam
1761 3791 1893 3856 enixea

1148 3885 1235 3948 nobis
1258 3885 1439 3963 praescripta
1468 3900 1687 3962 responsorum
1716 3884 1894 3946 iuviusmodi

1146 3981 1288 4043 executio
1309 3980 1389 4042 maie
1410 3997 1425 4040 a
1448 3979 1614 4058 plerisque,
1630 3979 1695 4040 sive
1713 3996 1790 4040 vano
1807 3981 1893 4042 10100-

1146 4093 1207 4154 que
1228 4076 1357 4138 obtentu
1372 4075 1452 4152 quod
1468 4074 1519 4135 ilia
1534 4091 1549 4132 a
1565 4073 1652 4134 nobis
1667 4090 1813 4152 suspensa
1828 4075 1893 4137 100-

347 4163 480 4236 vaieant,
504 4171 570 4224 10ιο
592 4179 648 4239 000
670 4171 807 4240 tempore
829 4163 989 4225 existentis
1011 4181 1092 4226 oom-
1119 4170 1121 4228 t
1148 4172 1210 4232 rint
1235 4170 1282 4230 vel
1309 4170 1411 4230 minus
1438 4168 1576 4245 legitime
1601 4168 1805 4245 promulgata,
1828 4171 1893 4230 sive

348 4257 478 4320 missarii
500 4264 531 4319 et
552 4257 720 4318 visitatoris
746 4257 897 4331 generalis
923 4258 1090 4335 0000101101,
1119 4336 1120 4344 ¹
1146 4265 1372 4339 conditionum,
1396 4271 1430 4324 01
1451 4278 1611 4341 perperam
1627 4263 1785 4338 asseritur,
1803 4265 1834 4324 in
1850 4265 1894 4324 eis

347 4371 401 4416 seu
423 4354 489 4416 0100
510 4353 591 4415 vices
613 4352 785 4414 exercentis
805 4352 838 4412 10
860 4352 990 4430 imperio
1005 4351 1092 4414 Sina·
1119 4349 1120 4391 1
1148 4359 1322 4432 insitarum,
1346 4365 1468 4418 etanta
1491 4355 1708 4418 executionem
1730 4358 1825 4436 ipsam
1841 4374 1893 4418 ve-

347 4447 1094 4527 11111,1011Εο100000ουῐο011100010000000-
1119 4508 1121 4557 t
1148 4453 1375 4522 riticandarum,
1410 4451 1636 4528 factorumque,
1657 4468 1751 4529 super
1782 4453 1894 4530 quibus

347 4543 525 4605 stolicorum
548 4541 672 4603 iliarum
701 4541 834 4618 partium
865 4539 975 4603 iudicio
998 4540 1093 4602 00110-
1148 4547 1210 4624 1000
1233 4554 1427 4619 emanarunt,
1452 4561 1514 4606 non
1543 4545 1780 4606 iustificatorum
1803 4547 1894 4608 ratio-

347 4638 503 4716 quendum
536 4653 616 4709 esse3
650 4635 702 4714 qui
736 4643 838 4696 tamen
866 4635 984 4696 interea
1007 4636 1092 4695 omni
1119 4687 1121 4699 .
1148 4657 1198 4714 00,
1219 4639 1284 4700 0100
1306 4639 1491 4700 ulteriorum
1515 4657 1529 4698 0
1552 4638 1640 4700 nobis
1656 4639 1690 4700 ea
1705 4639 1736 4699 10
1753 4655 1786 4701 00
1801 4641 1895 4701 eden-

347 4747 408 4809 quo
439 4737 588 4808 poterunt
618 4730 720 4791 studio
741 4745 774 4790 ac
795 4729 954 4805 diligentia
984 4745 1093 4790 curare
1147 4736 1256 4796 darum
1275 4733 1515 4796 declarationum
1531 4732 1644 4806 colore,
1657 4733 1722 4794 sive
1738 4734 1891 4808 gravium,

347 4823 513 4898 debebunt,
536 4833 570 4886 ut
591 4824 647 4904 (1),
667 4823 810 4900 gentium
823 4823 1026 4884 caeremoniis
1040 4840 1093 4902 pe·
1119 4856 1120 4905 q
1147 4845 1223 4906 quae
1246 4835 1308 4889 tam
1330 4827 1529 4888 missiouariis
1560 4842 1654 4904 quam
1677 4826 1815 4888 missioni
1837 4827 1894 4904 ipsi

348 4917 431 4980 nitus
458 4918 596 4992 sublatis,
620 4918 664 4978 1111
689 4917 805 4978 sensim
827 4934 843 4977 a
865 4916 1039 4978 christianis
1061 4925 1091 4978 et
1119 4918 1120 4933 ¹
1147 4938 1184 4982 ex
1200 4921 1378 4982 1010001011
1394 4921 1579 4982 executione
1594 4921 1742 4982 obvenire
1758 4928 1891 4998 possent,

346 5027 402 5089 pro
431 5011 606 5074 christianis
637 5011 693 5072 bac
714 5011 747 5072 in
768 5027 802 5072 re
824 5027 883 5071 usu
904 5009 1093 5087 recipiantur
1119 5052 1120 5095 p
1147 5013 1354 5092 periculorum
1368 5013 1545 5086 formidine,
1558 5015 1624 5074 sive
1639 5015 1766 5076 demum
1779 5013 1893 5075 decreti

347 5105 436 5178 ritus,
459 5121 536 5184 quos
556 5105 702 5166 catholica
725 5103 856 5166 Ecclesia
871 5119 927 5182 pro
942 5102 1092 5165 defunctis
1147 5107 1277 5180 dudum,
1302 5123 1414 5184 nempe
1436 5106 1484 5166 die
1508 5123 1601 5167 xxnr.
1624 5107 1727 5168 martii
1750 5123 1892 5181 nocivo,

346 5198 396 5276 pie
417 5199 620 5278 praescripsit.
1119 5200 1120 5254 ἶ
1146 5216 1239 5278 00000
1260 5201 1409 5262 eiusmodi
1432 5199 1542 5262 ritibus
1563 5217 1617 5262 seu
1639 5201 1841 5263 caeremoniis
1854 5203 1894 5262 si-

1148 5294 1223 5354 01010
1241 5310 1256 5352 0
1271 5293 1403 5370 praelati
1420 5295 1667 5370 congregatione
1684 5295 1892 5358 Cardinalium

120 5396 329 5454 0010100000-
386 5385 455 5461 §3-
479 5387 548 5449 Post
569 5387 642 5447 baec
664 5401 738 5448 vero
760 5386 882 5448 labente
903 5385 967 5447 lere
984 5401 1092 5446 sexen-
1118 5384 1120 5439 l
1148 5387 1233 5460 editi,
1250 5405 1282 5448 ac
1304 5403 1318 5445 a
1341 5385 1520 5448 recolendae
1535 5388 1703 5449 memoriae
1719 5388 1893 5450 Alexandro

109 5451 329 5550 ffifffiabffiffiss
348 5479 412 5553 010,
435 5495 550 5558 nempe
576 5481 625 5542 die
646 5495 719 5540 xxv.
749 5479 932 5557 septembris
954 5494 1090 5552 socon,
1147 5480 1201 5540 PP.
1220 5479 1284 5540 vu.
1302 5479 1395 5540 etiam
1416 5482 1645 5557 praedecessore
1665 5489 1771 5543 nostro
1785 5497 1893 5560 appro-

110 5559 329 5656 ffssffffinfffflffi
347 5573 457 5634 auditis
479 5573 593 5636 iterum
616 5573 769 5635 dictorum
794 5571 1017 5647 Cabdinaiium,
1039 5573 1090 5650 qui
1119 5584 1120 5617 t
1147 5573 1219 5646 bati,
1243 5580 1415 5650 praetextu,
1438 5589 1500 5634 non
1521 5574 1587 5634 sine
1611 5574 1697 5649 gravi
1718 5575 1893 5652 pontificiae

109 5667 194 5711 ruere.
347 5683 413 5728 rem
436 5676 558 5729 mature
572 5685 605 5730 ac
620 5668 855 5744 diligentissime
870 5669 1090 5741 discusserunt,
1148 5674 1270 5728 nostrae
1291 5667 1479 5728 auctoritatis
1501 5667 1623 5743 iniuria,
1644 5667 1893 5730 christifidelium

346 5759 510 5837 suffragiis,
531 5763 638 5824 eadem
660 5777 814 5840 responsa,
831 5776 955 5823 necnon
970 5760 1094 5822 manda·
1119 5756 1120 5827 i
1146 5759 1351 5833 scandaloso
1373 5760 1479 5821 salutis
1502 5760 1676 5822 animarum
1692 5760 1891 5837 detrimento,

389 5977 418 6030 tl)
434 5975 566 6020 nauticum
582 5981 610 6019 art
626 5975 664 6018 ed.
682 5975 778 6020 taurin.
794 5975 902 6030 addunt,
918 5975 961 6019 sed
977 5979 1016 6019 001
1033 5975 1057 6018 10
1075 5973 1207 6031 originali.
