4878 6982
4 351 8 408 1

335 565 523 620 un.c.1ro1
575 567 634 632 333

777 1170 1032 1236 consumtum
1053 1172 1075 1234 1.

557 1359 659 1424 Sonat
679 1360 715 1422 ia
731 1358 851 1430 radice,
865 1358 968 1434 quood
983 1364 1158 1434 utrumque
1179 1359 1300 1438 forum,

594 1453 807 1516 matrimonio
823 1452 858 1512 in
873 1451 978 1514 indiis
1002 1458 1171 1513 contractu
1192 1451 1223 1512 oi
1240 1450 1302 1512 dis·

593 1547 820 1624 pensntionurn
850 1562 870 1606 3
906 1541 1098 1622 presbyteris
1130 1543 1302 1606 Societatis

596 1636 797 1704 1333331313
829 1636 1016 1701 ordinariis
1049 1635 1204 1699 hactenns
1232 1651 1303 1696 con·

597 1747 775 1803 cessarunt,
802 1730 838 1791 in
868 1725 983 1807 quibus
1012 1727 1217 1789 concedendis
1239 1727 1302 1804 ipsi

595 1825 789 1890 encesserint
806 1830 928 1898 tempus
949 1821 997 1882 oct
1024 1821 1176 1883 1333331333
1199 1821 1304 1900 [33331-

598 1925 704 1982 13133
726 1917 814 1996 queis
829 1913 986 1976 instructi
1008 1915 1143 1993 [uerunt
1164 1911 1220 1991 (l).

743 2081 930 2151 caeneus
953 2080 1055 2148 ΡΑΡΑ
1079 2081 1125 2147 111.

698 2207 733 2274 ad
755 2207 885 2273 laturam
909 2205 951 2270 rei
975 2204 1158 2270 memoriam.

598 2387 633 2448 13
665 2382 845 2461 apostolicae
879 2380 1039 2457 dignitatis
1071 2379 1200 2455 fastigiis
1233 2393 1304 2440 cnm

557 2477 715 2558 potestatis
737 2473 950 2553 plenitudine,
973 2471 1094 2534 meritis
1116 2471 1187 2533 licet
1209 2471 1306 2548 impa-

556 2573 642 2635 ribus
663 2587 680 2630 a
700 2568 832 2630 Domino
853 2565 1033 2638 constituti,
1055 2563 1305 2627 christifidelium

557 2664 651 2727 31133
672 2662 705 2722 13
726 2659 940 2724 remotissimis
961 2659 998 2720 ab
1018 2659 1073 2720 hac
1088 2657 1119 2720 S.
1138 2655 1217 2720 Sede
1238 2672 1305 2734 333-

558 2757 638 2819 tibus
649 2753 851 2818 existentium
866 2761 951 2815 actus
962 2751 1076 2814 mentis
1097 2756 1220 2813 nostrae
1241 2750 1303 2812 acie

556 2850 783 2921 collustrantes,
806 2847 841 2910 ad
863 2863 909 2920 ea,
932 2862 987 2924 per
1005 2861 1083 2922 quae
1104 2844 1305 2906 conscientia·

1078 585 1143 631 tuh.
1167 585 1258 632 bour.
1283 584 1323 630 ub
1344 587 1373 630 Ρ.
1396 585 1425 632 F.
1451 589 1532 634 PARS
1554 587 1575 632 l.

1162 875 1401 958 CLEMENS
1430 879 1493 960 ΧΙ.

1357 1171 1407 1234 331
1430 1189 1581 1250 3333333
1597 1174 1647 1236 331
1663 1176 1820 1252 33333133
1841 1175 1994 1240 habehant
2008 1177 2103 1253 vulgo

1357 1263 1529 1326 Pnchoctes
1551 1267 1666 1328 vocatis
1687 1267 1751 1328 ausi
1767 1267 1884 1330 luerint
1899 1269 2102 1345 dispensasse:

1358 1372 1495 1435 cumque
1517 1373 1626 1420 revera
1651 1360 1864 1434 Quarteroncs
1886 1367 1917 1422 31
1932 1359 2104 1424 Puchncles

1358 1448 1536 1512 huiusmodi
1559 1452 1788 1530 neophytorum
1804 1453 1953 1516 indorum
1974 1453 2106 1532 appella·

1359 1544 1444 1606 tione
1475 1545 1607 1606 minime
1632 1547 1852 1622 comprehendi
1874 1562 1970 1607 venn.
1992 1546 2104 1608 iratres

1359 1637 1455 1698 nostri
1471 1637 1501 1700 S.
1517 1637 1551 1698 R.
1570 1637 1604 1698 b.
1623 1637 1798 1701 cardinales
1813 1637 1845 1700 iu
1863 1638 1924 1701 tota
1939 1637 2105 1717 Republica

1360 1729 1531 1792 Christiana
1554 1728 1713 1806 generales
1735 1729 1938 1808 inquisitores
1960 1731 2106 1794 adversus

1360 1824 1544 1886 haereticam
1572 1823 1757 1901 pravitatem
1781 1825 1964 1886 auctoritate
1988 1833 2105 1903 aposto·

1360 1917 1416 1978 1133
1443 1915 1583 1994 deputati
1612 1917 1781 1980 novissime
1812 1918 2040 1994 responderint,
2073 1935 2106 1982 ac

1359 2010 1489 2087 proinde
1510 2011 1740 2074 considerantes
1761 2012 1961 2074 matrimonia
1975 2027 2031 2090 per
2044 2029 2106 2075 eas-

1360 2102 1431 2163 dem
1462 2117 1607 2180 personas
1643 2111 1805 2180 praetextu
1840 2104 2104 2183 dispensationum

1362 2194 1536 2257 huiusmodi
1551 2204 1706 2258 contracta
1720 2196 1804 2259 nulla
1819 2205 1850 2259 et
1865 2197 1997 2259 invalida
2013 2197 2107 2262 luisse

1360 2296 1391 2350 et
1412 2304 1493 2350 esse:

1400 2380 1418 2453 5
1439 2380 1468 2442 2.
1493 2378 1710 2444 Nosomnium
1725 2383 2108 2462 etsingulorumqoima-

1362 2472 1509 2534 trimonia
1532 2474 1708 2536 huiusmodi
1729 2481 1948 2538 contraxerant
1968 2477 2061 2540 statui
2077 2487 2107 2540 et

1361 2566 1621 2628 conscientiarum
1643 2567 1741 2645 quieti
1756 2569 1788 2630 in
1804 2569 1978 2646 praemissis
1999 2584 2108 2648 oppor-

1362 2665 1438 2720 tune
1453 2658 1617 2721 consulere
1631 2659 1783 2736 volentes,
1796 2661 1936 2740 ipsosque
1952 2669 1983 2723 et
1997 2677 2106 2724 33333

1360 2751 1536 2828 singulares
1558 2766 1700 2830 personas
1717 2770 1732 2813 a
1747 2753 1908 2831 quibusvis
1929 2770 2107 2816 excommu-

1362 2844 1535 2918 nicationis,
1550 2845 1761 2923 suspensionis
1783 2853 1815 2908 et
1837 2846 2005 2922 interdicti,
2029 2847 2109 2910 aliis·

557 2959 630 3004 rum
651 2941 749 3020 quieti
771 2939 955 3018 opportunis
973 2938 1145 3000 rationibus
1166 2935 1305 2999 consula·
1361 2952 1423 3013 que
1436 2937 1645 3000 ecclesiasticis
1659 2939 1834 3014 sententiis,
1851 2947 1882 3000 et
1897 2955 1992 3016 poena
2008 2955 2024 3000 a
2040 2939 2107 3002 iure

557 3041 621 3108 tnr,
645 3033 800 3112 perpetuis
820 3031 930 3094 studiis
952 3030 1143 3093 intendimus
1159 3038 1190 3092 et
1204 3035 1305 3108 pasto·
1361 3027 1410 3089 vel
1433 3029 1470 3089 ab
1490 3028 1628 3104 homine,
1645 3031 1753 3108 quavis
1774 3031 1933 3094 occasione
1954 3031 2004 3093 331
2019 3033 2106 3094 33333

557 3125 629 3188 33113
650 3125 743 3187 officii
773 3125 870 3188 333131
900 3131 1000 3202 partes
1028 3125 1155 3201 paterna
1180 3121 1305 3184 caritate
1362 3119 2109 3200 131133133113333333313111331133333133331-

558 3219 690 3298 desnper
704 3217 943 3296 interponimus,
959 3215 1039 3278 sicut
1054 3215 1089 3276 ad
1105 3215 1304 3292 Omnipoten-
1360 3221 1459 3289 stunt,
1482 3213 1518 3276 ad
1540 3214 1685 3277 ellectum
1712 3217 1924 3294 praesentium
1948 3217 2107 3280 dumtaxat

559 3315 597 3376 tis
618 3312 672 3376 bei
695 3309 826 3388 gloriam
848 3316 879 3371 et
900 3309 1075 3370 animarum
1100 3308 1233 3370 salutem
1253 3323 1305 3369 eu·
1361 3307 1625 3385 consequendum,
1643 3309 1754 3368 harum
1775 3309 1855 3370 serie
1869 3310 2062 3372 absolventes
2077 3318 2108 3372 31

558 3407 665 3487 pedire
685 3408 718 3466 in
740 3403 873 3465 1133133
893 3401 1093 3464 arbitramur.
1361 3402 1513 3464 absolutas
1533 3400 1600 3462 1333
1621 3410 1794 3477 censentes,
1818 3411 1907 3466 motu
1924 3403 2060 3480 propria,
2077 3409 2108 3464 31

599 3500 618 3574 5
641 3499 667 3561 1.
692 3497 774 3560 Sane
791 3511 862 3559 cum
883 3495 919 3556 ad
938 3496 1124 3574 apostolatus
1139 3497 1235 3558 nostri
1250 3513 1306 3558 no-
1361 3512 1400 3558 eu
1415 3499 1497 3558 33311
1510 3495 1638 3558 scientia
1653 3513 1686 3560 ao
1701 3495 1739 3559 de
1753 3497 1934 3575 apostolieae
1949 3498 2107 3575 potestatis

559 3594 659 3656 titiam
681 3589 871 3670 pervenerit,
899 3589 1067 3651 nonnullos
1089 3607 1126 3652 33
1148 3590 1306 3668 presbyte-
1361 3589 1558 3669 plenitudine
1585 3591 1691 3651 omnia
1712 3598 1743 3652 31
1763 3589 1885 3666 singula
1909 3591 2107 3652 matrimonia

559 3687 602 3748 ris
625 3683 782 3748 Societatis
803 3683 872 3744 lesu
893 3683 925 3743 in
944 3682 1039 3744 ludiis
1059 3691 1124 3744 tam
1143 3682 1305 3746 Orientali·
1361 3679 1522 3764 praetextu
1538 3683 1803 3761 dispensationum
1818 3683 2043 3760 praedictarum
2057 3700 2107 3746 su-

559 3781 617 3843 bus
637 3793 730 3858 quam
757 3774 1000 3840 occidentalibus
1027 3777 1304 3851 commorantibus,
1361 3794 1416 3856 333
1430 3777 1592 3855 praedictis
1605 3775 1836 3854 impedimentis
1847 3791 1904 3854 per
1916 3777 2012 3838 dictos
2028 3791 2110 3853 pres·

560 3881 591 3936 et
606 3871 708 3934 133333
730 3867 1041 3932 3333311331113333
1063 3869 1198 3948 3331133
1220 3868 1307 3932 Ordi-
1361 3871 1484 3948 13313333
1505 3886 1561 3931 333
1582 3869 1674 3932 31133
1697 3867 1872 3932 Ordinarios
1894 3871 2031 3946 partium
2051 3869 2107 3932 hu-

560 3965 675 4038 333133,
698 3962 811 4041 quibus
838 3960 911 4024 alias
932 3977 948 4021 3
971 3960 1049 4024 Sede
1074 3961 1244 4040 1333131133
1264 3961 1306 4022 la·
1361 3961 1494 4023 iusmodi
1516 3961 1694 4022 memoratis
1723 3961 1861 4038 personis
1883 3969 2045 4040 praetextu
2066 3961 2109 4023 13-

560 4057 657 4120 cultas
678 4053 873 4133 dispensandi
898 4069 971 4116 curn
996 4055 1160 4133 neophytis
1184 4070 1306 4117 earum·
1361 4054 1482 4116 33113113
1493 4052 1671 4116 huiusmodi
1682 4053 1943 4132 quandocumque
1954 4071 2109 4117 concessa·

559 4151 631 4212 dem
652 4147 788 4226 partium
803 4147 836 4208 13
851 4161 1048 4224 quocumque
1068 4163 1123 4208 seu
1146 4147 1307 4225 quibusvis
1362 4159 1445 4221 rum,
1458 4145 1530 4207 alias
1545 4153 1650 4208 tamen
1665 4147 1725 4207 rite
1738 4153 1770 4207 31
1782 4147 1922 4224 legitime
1938 4155 2106 4223 contracta,

560 4241 671 4304 aiore
701 4240 807 4302 divino
838 4255 902 4302 333
931 4240 1092 4318 prohibitis
1123 4241 1307 4318 consangui-
1362 4239 1729 4318 apostolicaauctoritate,
1754 4246 1863 4300 tenore
1884 4239 2106 4316 praesentium,

560 4333 666 4396 nitatis
694 4332 744 4395 331
773 4330 930 4394 affinitatis
958 4333 1101 4409 gradibus
1132 4333 1307 4397 coniunctis
1362 4330 1615 4394 revalidamosac
1638 4332 1768 4394 omnino
1789 4331 2036 4395 revalidataesse
2055 4347 2109 4394 vo-

559 4441 615 4488 seu
628 4441 660 4486 33
671 4423 888 4498 attinentibus,
900 4423 935 4486 ad
949 4423 1093 4494 ellectum
1104 4427 1307 4489 contrahendi
1363 4425 1479 4499 lumus,
1495 4423 1612 4502 illaque
1633 4423 1666 4486 in
1688 4429 1858 4501 posterum,
1876 4424 2108 4488 revalidatiouis

560 4519 644 4582 inter
673 4533 705 4580 se
734 4517 932 4580 matrimonia
964 4534 1018 4580 seu
1045 4518 1077 4579 in
1104 4518 1180 4593 iam,
1213 4519 1307 4582 31133
1363 4525 1488 4580 3331333
1508 4516 1686 4580 huiusmodi
1707 4516 1825 4593 vigore,
1849 4517 1926 4592 vim,
1942 4517 2050 4590 robur,
2067 4514 2109 4578 ei-

559 4611 705 4685 scienter,
729 4609 893 4672 contractis
917 4610 1114 4686 remanendi,
1137 4612 1195 4674 sub
1215 4613 1307 4674 certis
1363 4609 1479 4672 lectum
1494 4616 1525 4672 et
1546 4609 1712 4671 efficaciam
1733 4608 1906 4672 validorum
1923 4617 1954 4672 31
1969 4609 2109 4684 legitime

560 4699 810 4764 3313311331
832 4709 907 4764 1333
921 4701 1071 4778 expressis
1085 4717 1227 4764 concessa
1241 4701 1309 4765 iue-
1362 4712 1594 4770 contractorum
1618 4704 1906 4780 matrimoniorum,
1929 4711 1960 4767 31
1981 4703 2110 4782 perinde

560 4801 608 4856 331
636 4794 743 4871 vigore
762 4811 818 4856 seu
845 4801 1008 4873 praetextu
1031 4793 1181 4856 facultatis
1202 4796 1308 4860 huius·
1363 4797 1444 4860 acsi
1465 4797 1516 4858 illa
1537 4805 1569 4860 et
1590 4797 1718 4860 illorum
1745 4797 1901 4874 quaelibet
1922 4796 1959 4859 ab
1982 4796 2109 4858 illorum

561 4887 643 4950 modi
661 4903 733 4949 cum
747 4886 888 4964 pluribus
902 4887 1042 4966 personis
1057 4903 1149 4965 super
1167 4904 1309 4966 3333333-
1364 4891 1454 4953 131113
1475 4899 1507 4953 31
1528 4891 1559 4952 13
1582 4905 1692 4952 33333
1713 4889 1814 4952 radice
1834 4891 1933 4954 valida
1955 4907 1989 4952 33
2009 4889 2110 4966 legiti-

561 4981 635 5041 ratis
656 4979 899 5058 impedimentis,
923 4981 1002 5042 bona
1026 4981 1151 5060 quidem
1173 4982 1235 5044 fide
1255 4983 1308 5044 sed
1366 4999 1425 5058 ma,
1438 4989 1469 5045 et
1483 4983 1606 5062 praevia
1620 4983 1785 5046 sullicienti
1800 4983 2027 5062 dispensatione
2041 4999 2111 5062 apo·

562 5074 703 5148 nulliter,
725 5073 844 5135 313333
860 5091 896 5135 33
916 5077 997 5153 quod
1013 5075 1139 5138 13331133
1155 5075 1307 5154 praedicta
1363 5076 1469 5138 3131131
1494 5075 1571 5150 3113,
1603 5075 1704 5138 valide
1724 5083 1755 5138 31
1784 5076 1923 5153 legitime
1944 5083 2109 5152 contracta,

561 5167 606 5228 eis
617 5181 757 5229 concessa
769 5167 829 5228 133
841 5167 1040 5245 expiraverit,
1053 5168 1118 5230 sive
1129 5185 1167 5230 33
1178 5184 1215 5230 33
1226 5169 1307 5246 quod
1364 5169 1517 5231 celebrata
1533 5176 1563 5231 et
1581 5167 1937 5244 3313331331313133331,
1953 5169 2066 5232 habere
2080 5176 2111 5230 et

562 5259 620 5336 ipsi
641 5259 785 5322 lacultate
806 5259 983 5322 huiusmodi
1004 5277 1060 5338 pro
1082 5261 1245 5341 neophytis
1260 5261 1309 5322 ln·
1365 5261 1517 5337 obtinere,
1540 5277 1711 5340 omnesque
1733 5269 1763 5324 et
1783 5261 1935 5338 singulos,
1957 5263 2010 5340 qui
2032 5261 2111 5325 dicta

561 5350 619 5427 dis,
633 5353 713 5415 sicut
733 5351 955 5431 praemittitur,
971 5369 1111 5415 concessa
1133 5361 1164 5416 31
1185 5355 1308 5417 333113
1366 5355 1564 5417 3313133313
1584 5356 1629 5418 313
1648 5363 1885 5431 contraxerunt,
1902 5355 1984 5418 3113
2001 5371 2111 5417 eorum

562 5446 617 5526 qui
638 5461 702 5508 333
724 5453 812 5508 33331
826 5444 987 5522 originarii
1002 5462 1055 5525 per
1070 5463 1178 5510 omnes
1200 5463 1309 5511 33333
1366 5447 1573 5510 matrimoniis
1588 5448 1778 5523 huiusmodi,
1790 5449 1903 5528 absque
1917 5465 1954 5510 33
1969 5447 2049 5528 quod
2065 5448 2111 5510 illi

562 5539 668 5613 113333,
692 5538 786 5616 quive
813 5553 953 5616 333333
981 5539 1141 5602 dumtaxat
1167 5548 1252 5619 parte
1273 5541 1315 5603 ab
1366 5542 1566 5621 necquisque
1579 5541 1705 5605 illorum
1716 5542 1954 5604 matrimonium
1972 5541 2010 5604 de
2030 5556 2112 5604 novo

562 5631 645 5693 131113
667 5631 821 5708 originem
847 5631 1022 5706 trahebant,
1050 5631 1145 5710 vulgo
1177 5634 1310 5709 anrtc-
1366 5633 1549 5697 contrahere
1562 5651 1617 5697 seu
1630 5649 1749 5697 33333
1761 5643 2113 5714 333333333333331333

565 5739 656 5785 ronco
677 5725 862 5805 nuncupatis
883 5724 934 5787 vel
954 5725 1008 5804 qui
1030 5733 1169 5788 octavam
1191 5733 1311 5806 partem
1367 5725 1743 5792 ullomododebeantaut
1757 5735 1937 5805 teneantur,
1951 5743 2113 5792 33333333

1120 5864 1169 5871 ..ι-
1180 5865 1229 5872 .,-..
1241 5867 1245 5871 3
1260 5867 1285 5872 --.
1295 5869 1299 5871 .
1319 5865 1602 5873 manum-...nu-

604 5938 635 5998 tll
651 5937 730 5996 Epist.
746 5942 772 5984 et
786 5943 857 5985 Brev.
874 5939 992 5996 selectio,
1006 5943 1032 5985 T.
1048 5941 1076 5996 1.,
1091 5951 1148 5999 pag.
1163 5943 1196 5986 65.
