4836 6998
359 517 413 570 Διι.
428 518 458 572 0.
480 521 546 572 1731

395 2611 467 2659 rides
485 2617 555 2661 trsn·

342 2670 511 2724 sumptorum.

596 522 656 586 tila

577 659 743 722 decessoris
759 657 877 744 literae,
890 673 969 738 quae
981 675 997 718 a
1009 655 1192 718 recolendae
1205 669 1323 718 memo-

578 753 642 814 riae
656 751 837 814 Innocentio
852 752 904 826 X.,
926 751 1088 814 Clemente
1104 750 1156 824 X„
1172 750 1324 811 innocen-

578 844 622 906 tio
636 844 702 920 xl,
725 843 900 906 Alexandro
922 841 1014 918 viii,
1038 841 1219 904 Innocentio
1241 840 1321 914 xii..

579 937 741 1000 Clemente
756 937 822 1011 iii,
836 935 1018 998 innocentio
1034 935 1112 997 lllll.
1130 941 1161 996 ct
1176 935 1323 996 Benedic-

577 1036 610 1091 to
625 1029 719 1104 iiiii,
735 1029 882 1092 Romanis
900 1027 1101 1089 Pontificibus
1112 1026 1228 1106 paritor
1238 1043 1323 1105 prae·

577 1122 787 1186 decessoribus
808 1121 932 1194 nostris,
957 1121 1157 1182 confirmatae
1181 1119 1321 1193 luerunt,

576 1215 713 1278 exactius
737 1214 955 1288 observentur,
984 1212 1050 1274 illas
1074 1227 1128 1292 per
1152 1227 1208 1273 nos
1229 1213 1321 1274 etiarn

576 1307 754 1370 confirmari
775 1313 805 1370 et
824 1305 967 1370 innovari
989 1305 1160 1368 desideret:
1190 1303 1251 1366 Nos
1273 1320 1323 1366 eo-

575 1405 721 1467 rumdem
746 1417 904 1464 sacrorum
936 1405 1218 1462 monumentorum
1249 1412 1321 1460 con·

575 1496 744 1559 servationi
775 1503 806 1558 st
827 1493 1058 1556 manutentioni
1086 1489 1247 1553 consulere
1268 1507 1322 1552 vo-

576 1590 692 1664 lentes,
715 1587 863 1667 praelatas
888 1586 1003 1649 Urbani
1024 1585 1263 1664 praedecessoris
1288 1584 1324 1644 li-

577 1689 657 1744 teras
684 1680 845 1760 apostolici
873 1679 1072 1754 auctoritate,
1102 1685 1210 1739 tenore
1236 1691 1321 1754 prae·

575 1775 726 1851 sentium,
746 1775 966 1836 confirmamus
987 1771 1102 1850 pariter
1123 1776 1154 1832 et
1175 1769 1321 1848 approba·

575 1884 658 1944 mus,
671 1868 800 1946 illasque
816 1866 1001 1928 innovamus
1016 1871 1046 1926 et
1061 1863 1217 1924 observari
1234 1877 1321 1923 rnan-

576 1963 695 2024 damus.
719 1958 872 2022 Volumus
900 1963 1023 2032 autem,
1052 1963 1088 2017 ut
1116 1955 1319 2029 Patriarcbae,

575 2051 802 2130 archicpiscopi
823 2056 854 2111 et
877 2049 1017 2128 Episcopi
1044 2048 1190 2126 praedicti
1219 2049 1252 2110 in
1273 2065 1321 2110 re-

575 2143 690 2206 latione
710 2149 807 2206 statos
824 2141 1023 2204 ecclesiarum
1044 2155 1184 2216 suarum,
1200 2141 1321 2220 quando

575 2235 745 2299 visitabunt
776 2234 884 2298 limina
912 2233 1148 2313 Apostolorum,
1171 2232 1319 2308 iacienda,

574 2327 722 2402 referant,
744 2345 783 2406 se
798 2327 940 2406 praelatis
965 2325 1082 2388 Urbani
1110 2326 1322 2406 praedecesso-

573 2419 616 2482 ris
631 2429 661 2483 et
682 2420 895 2498 praesentibus
916 2419 1030 2481 nostris
1052 2417 1150 2480 literis
1164 2417 1318 2494 paruisse,

573 2513 735 2575 contrariis
759 2529 823 2576 non
846 2512 1038 2574 obstantibus
1060 2511 1318 2590 quibuscumque.

613 2607 633 2680 ἓ
647 2606 675 2667 2.
693 2603 846 2667 Volumus
860 2605 987 2684 insuper
999 2609 1033 2665 ut
1044 2605 1224 2666 earumdem
1236 2619 1322 2681 prae-

573 2698 712 2761 sentium
731 2699 889 2760 literarum
909 2695 1124 2774 transumptis,
1147 2696 1241 2756 etiarn
1263 2695 1319 2756 im·

572 2790 696 2870 pressis,
718 2806 815 2852 manu
837 2789 966 2853 alicuius
982 2788 1096 2850 notarii
1117 2787 1232 2865 publici
1249 2787 1322 2849 sub-

571 2883 703 2962 scriptis,
727 2889 757 2944 et
778 2882 882 2959 sigillo
902 2893 1052 2960 personae
1067 2879 1099 2941 in
1120 2878 1320 2941 ecclesiastici

572 2975 725 3051 dignitate
745 2973 932 3037 constitutae
953 2971 1096 3047 munitis,
1112 2973 1218 3032 eadem
1233 2985 1319 3049 pror-

612 3225 642 3282 (i)
658 3227 696 3270 ltx
709 3225 821 3282 append.
836 3225 903 3269 Bull.
919 3224 951 3270 de
964 3227 1039 3282 Prop.
1053 3224 1125 3280 Fide,
1138 3224 1316 3282 sol.11.,p.i'i,
1334 3233 1335 3237 ¹

570 3289 658 3339 collat.
673 3293 721 3337 etc.
733 3315 760 3324 —
769 3293 807 3336 lix
820 3291 928 3348 append.
944 3290 1041 3347 synodi
1055 3290 1178 3336 Libanen.
1194 3290 1315 3336 Maronit.

570 3369 628 3416 pag.
640 3361 680 3403 379
694 3359 720 3403 et
733 3359 773 3402 tio
783 3357 964 3406 ,transcribere
977 3357 1063 3413 placet
1076 3356 1211 3414 1it.ap.ab
1225 3357 1316 3402 eodem

571 3425 693 3483 pontifice
713 3423 808 3470 missas
825 3423 994 3470 praesulibus
1008 3425 1035 3469 et
1050 3423 1182 3469 Menochia
1204 3423 1317 3469 maroni-

571 3491 605 3536 tis
619 3491 650 3536 de
664 3489 885 3536 constitutionum
894 3489 1092 3546 approbation03
1106 3489 1202 3546 quibus
1216 3489 1316 3546 primos

570 3557 667 3604 excitat
684 3558 718 3603 ad
735 3556 894 3602 removenda
914 3553 1103 3613 impedimenta
1121 3566 1188 3612 quae
1206 3555 1315 3601 illarum

569 3625 704 3672 custodiae
725 3623 886 3678 obstiterint,
901 3623 928 3668 et
946 3621 1072 3668 secundos
1092 3623 1217 3668 bortatur
1231 3625 1261 3668 ut
1275 3633 1316 3667 vo-

569 3693 668 3739 cationi
682 3701 746 3738 suas
763 3701 810 3749 per
831 3687 1050 3736 constitutionum
1068 3688 1264 3735 observantiam
1277 3700 1316 3734 re-

569 3760 720 3817 spondeant.

725 3877 871 3936 Venerabili
883 3891 967 3938 tratri
981 3892 1073 3936 Iacobo
1087 3893 1166 3936 Petro

654 3959 828 4004 Patriambae
842 3959 1003 4002 Antiocheno
1015 3959 1226 4006 Maronitarum.

788 4065 933 4110 stannus
947 4065 1027 4108 Para
1041 4065 1093 4109 xii.

810 4163 970 4208 Venerabilis
983 4164 1077 4212 trater.

654 4233 769 4276 satutem
782 4233 807 4274 et
820 4231 994 4283 apostoticam
1013 4229 1223 4272 benedictionem.

605 4363 721 4421 Regulos
739 4366 767 4409 et
784 4362 987 4409 constitutiones
1009 4360 1189 4407 laudatissimi
1209 4359 1314 4405 Ordinis

565 4430 639 4477 Beati
653 4429 761 4476 Antonii
776 4429 891 4484 Abbatis,
906 4428 1123 4485 congregationis
1136 4427 1231 4474 Montis
1242 4427 1315 4474 Liba·

565 4497 602 4553 ni,
616 4508 663 4555 per
682 4495 786 4555 aliquot
800 4509 831 4541 ex
845 4495 1042 4542 venerabilibus
1062 4495 1191 4542 natriouc
1212 4495 1312 4543 nostris

566 4568 589 4609 s.
605 4567 634 4609 it.
651 4565 678 4607 it.
694 4562 878 4610 cardinalibus
898 4561 1042 4620 diligenter
1061 4562 1181 4620 cognitas
1200 4573 1230 4609 ac
1244 4563 1314 4620 dige

566 4633 621 4676 stas
635 4629 813 4687 probavimus,
832 4627 918 4686 iisque
936 4629 1146 4676 confirmationis
1161 4633 1187 4676 et
1201 4630 1313 4676 auctori·

566 4697 631 4742 tatis
647 4699 754 4743 nostrae
775 4696 857 4742 robur
877 4695 1022 4741 adiecimus
1041 4696 1074 4742 ad
1095 4696 1254 4742 armandam
1269 4707 1313 4742 au-

567 4763 731 4820 gendamque
751 4762 893 4820 pristinam
914 4762 1110 4809 observantiam
1125 4762 1153 4807 in
1167 4763 1258 4809 ecdem
1273 4774 1312 4809 or-

565 4827 633 4884 dine,
642 4829 688 4886 qui
698 4829 832 4876 nationem
842 4828 1028 4888 maroniticam
1038 4828 1109 4875 inter
1118 4829 1242 4876 adversas
1250 4830 1313 4876 licet

564 4895 763 4953 superstitionis
777 4898 803 4941 et
818 4894 936 4941 haeresis
952 4899 1036 4942 sectas
1051 4896 1114 4941 huic
1128 4899 1238 4942 Sanctae
1253 4897 1312 4942 sedi

564 4962 679 5009 maxime
699 4962 831 5009 addictam
847 4965 874 5006 et
888 4961 1074 5019 obsequentem
1096 4961 1218 5008 illustrat
1232 4966 1259 5008 et
1273 4973 1312 5010 cr·

564 5033 617 5076 nat.
640 5031 673 5076 Ut
690 5030 780 5075 autem
801 5027 990 5074 sollicitudinis
1012 5031 1118 5076 nostrae
1138 5029 1172 5076 ad
1193 5029 1311 5076 eiusdem

563 5095 780 5153 congregationis
798 5095 992 5140 incrementum
1007 5098 1034 5141 et
1048 5095 1195 5142 utilitatem
1210 5097 1311 5143 fructus

564 5165 667 5210 constet
680 5161 795 5217 uberior,
809 5172 826 5208 a
839 5161 1010 5208 fraternitate
1024 5163 1071 5207 tua
1085 5162 1255 5209 vehementer
1271 5175 1312 5209 ex·

564 5229 688 5286 petimus,
703 5231 734 5274 ut
752 5237 859 5286 operam
881 5227 930 5273 cell
951 5231 978 5273 et
999 5227 1154 5285 vigilantiae
1173 5231 1243 5286 tuae,
1265 5231 1311 5276 ubi

563 5308 605 5342 res
619 5293 804 5353 postulaverit,
815 5295 930 5340 libenter
944 5296 1070 5350 conteras,
1081 5307 1133 5353 quo
1148 5307 1194 5353 per
1209 5307 1311 5342 earum-

562 5363 621 5408 dem
642 5360 863 5407 constitutionum
885 5361 1096 5407 observationem
1117 5361 1215 5408 veteris
1236 5363 1311 5410 disci·

561 5428 649 5486 plinae
663 5428 754 5475 laudes
769 5427 797 5473 in
806 5427 1010 5486 religiosissimo
1019 5427 1145 5474 instituto
1155 5433 1274 5476 crescant
1283 5433 1310 5476 et

563 5495 681 5542 floreant.
697 5495 801 5541 Interea
812 5493 921 5540 dilectos
932 5495 988 5540 eius
998 5493 1115 5541 familias
1124 5497 1246 5542 alumnos
1257 5499 1310 5542 stu-

561 5562 612 5607 diis
627 5564 689 5608 tuae
702 5561 824 5608 caritatis
842 5571 1000 5619 magnopere
1018 5561 1240 5618 commendamus,
1251 5564 1310 5610 tibi-

561 5640 619 5686 que,
634 5627 794 5674 venerabiiis
807 5628 898 5684 irater,
915 5627 1087 5686 apostolicam
1101 5627 1308 5676 benedictionem

560 5697 730 5752 peramanter
743 5693 920 5752 impertimur.

599 5763 694 5806 Datum
715 5763 823 5818 Romae,
843 5761 913 5818 apud
935 5764 958 5807 S.
975 5759 1086 5808 Mariam
1107 5761 1241 5818 Maiorem,
1259 5762 1307 5808 sub

559 5827 658 5873 annulo
672 5828 821 5884 Piscatoris,
835 5828 878 5874 die
892 5840 908 5874 1.
924 5828 1018 5887 aprilis
1028 5839 1193 5886 ccccxxxii,
1204 5829 1307 5886 pontid-

559 5895 634 5941 catus
649 5893 734 5942 nostri
747 5904 817 5942 anuo
830 5907 857 5941 11.

1099 537 1163 582 iiiii.
1187 535 1278 582 PONT·
1302 537 1343 582 DE
1364 535 1393 580 P·
1416 537 1445 582 F.
1470 538 1554 584 PARS
1575 538 1596 583 1.

1376 670 1428 716 sus
1450 653 1525 716 tides
1549 653 1746 732 adhibeatur,
1776 671 1854 734 quae
1882 658 1955 736 ipsis
1982 673 2126 738 praesen-

1376 746 1459 808 tibus
1480 745 1691 822 adhiberetur,
1715 747 1741 809 si
1767 747 1871 812 iorcnt
1891 751 2048 815 osbibitas
2075 753 2127 816 vel

1377 845 1527 902 ostensae.

1417 931 1529 994 Datum
1554 932 1684 1009 Romae,
1709 933 1788 1012 apud
1818 935 1849 1000 S.
1877 936 2005 1000 blariam
2033 938 2127 1000 licio-

1377 1039 1457 1098 rem,
1479 1024 1537 1086 sub
1557 1025 1672 1086 annulo
1701 1025 1873 1102 Piscatoris,
1905 1030 1955 1091 die
1976 1045 2033 1092 xri.
2057 1047 2126 1109 sep·

1378 1116 1506 1178 tembris
1527 1119 1849 1196 roocrxx1.,pontii.
1870 1122 1968 1184 nostri
1989 1139 2071 1186 anno
2086 1141 2122 1185 ιι.

1631 1277 1870 1288 ---—-..—

1730 1397 1768 1461 V.

1378 1577 1553 1657 Confirmat
1583 1582 1832 1646 constitutiones
1861 1582 2125 1666 Conprepationis

1416 1671 1538 1737 Montis
1565 1671 1682 1736 Libani
1712 1676 1941 1740 monachornm
1968 1679 2126 1756 Syrorum

1417 1765 1659 1829 Maronitarum
1687 1767 1820 1830 Ordinis
1848 1769 1960 1833 Sancti
1987 1771 2125 1836 Antonii

1418 1855 1550 1920 attacta
1570 1857 1625 1936 (i).

1556 2027 1743 2096 clinans
1766 2029 1868 2096 ΡΑΡΑ
1891 2031 1947 2098 llll.

1502 2147 1538 2215 ad
1559 2155 1731 2232 perpetuen
1756 2152 1798 2218 rei
1820 2155 2001 2220 nencrisn.

1415 2323 1613 2402 apostolatus
1634 2326 1787 2402 otilcium,
1810 2329 1891 2406 quod
1913 2329 2125 2393 inscrutabilis

1375 2416 1498 2478 divinae
1519 2417 1686 2495 sapientiae
1708 2427 1800 2498 atque
1826 2421 1971 2484 bonitatis
1991 2423 2124 2486 altitudo

1376 2508 1544 2570 humilitati
1566 2517 1700 2585 nostrae,
1724 2512 1843 2573 meritis
1865 2513 1936 2575 licet
1951 2522 1982 2576 et
2003 2515 2124 2578 viribus

1376 2600 1468 2676 longe
1490 2601 1610 2680 impari,
1634 2605 1832 2668 committere
1853 2607 1976 2682 dignata
1998 2616 2055 2682 est,
2078 2625 2124 2669 ss-

1375 2692 1507 2756 lubritcr
1528 2696 1651 2773 exequi,
1668 2697 1833 2759 adiuvante
1848 2699 1993 2774 Domino,
2009 2701 2125 2777 iugiter

1374 2792 1565 2862 satagentes,
1594 2789 1782 2851 monasticos
1810 2791 1939 2854 Ordines
1960 2809 1994 2854 ac
2018 2801 2125 2855 coetus

1374 2877 1407 2938 in
1430 2879 1562 2940 Ecclesia
1584 2880 1638 2942 Dei
1654 2881 1704 2959 pio
1717 2891 1885 2962 sancteque
1906 2884 2076 2960 institutos,
2092 2903 2125 2947 sc

1375 2970 1473 3049 prisci
1494 2970 1756 3052 celeberrimaque
1769 2976 1939 3039 sanctitatis
1955 2985 1986 3038 et
1999 2977 2125 3055 religio-

1375 3227 1573 3271 Veneratittbuc
1586 3227 1719 3276 tratribus
1729 3227 1939 3280 ircbtepisccpts
1952 3229 2123 3281 crapacorio

1574 3295 1694 3337 nationis
1707 3293 1919 3342 Maronitarum,

1592 3425 1736 3469 cannitiis
1751 3425 1831 3468 Papa
1844 3426 1896 3469 XII.

1603 3561 1768 3604 veneratam
1781 3561 1889 3609 fratres,

1461 3627 1577 3670 satutem
1590 3629 1615 3669 et
1628 3628 1803 3678 apostoticam
1818 3626 2030 3670 benedictionem.

1409 3757 1590 3806 Providentiae
1605 3761 1631 3804 et
1646 3757 1820 3815 benignitatis
1830 3759 1937 3804 nostrae
1947 3756 2074 3804 beneficia
2083 3769 2122 3803 er·

1369 3837 1403 3883 ga
1413 3825 1630 3874 laudatissimum
1640 3825 1763 3870 ordinem
1774 3827 1797 3869 s.
1810 3825 1916 3870 Antonii
1926 3825 2043 3880 abbatis,
2053 3835 2121 3882 quae

1369 3894 1442 3939 vobis
1457 3897 1535 3950 grata
1549 3894 1577 3938 in
1591 3893 1686 3951 primis
1700 3903 1757 3938 esse
1772 3903 1824 3938 nou
1842 3891 2005 3946 dubitamus,
2020 3893 2119 3948 studia,

1368 3970 1446 4005 curas
1460 3963 1487 4005 et
1501 3971 1576 4016 opem
1589 3959 1789 4005 fraternitatum
1800 3959 1950 4003 vestrarum
1961 3957 2011 4004 sibi
2022 3959 2120 4005 merito

1368 4025 1534 4084 pollicentur.
1551 4029 1635 4076 Quum
1651 4025 1735 4082 igitur
1752 4025 1859 4081 regulas
1874 4027 1901 4070 et
1914 4025 2120 4071 constitutiones

1303 4125 1308 4133 .
1368 4091 1396 4136 in
1411 4091 1501 4138 eodem
1516 4092 1611 4137 ordine
1625 4091 1801 4137 observandas
1815 4101 1862 4149 per
1872 4091 1975 4148 aliquot
1985 4091 2120 4137 venerabi-

1367 4157 1405 4204 les
1419 4159 1517 4204 iratres
1532 4160 1637 4204 nostros
1652 4161 1675 4202 S.
1687 4161 1716 4203 it.
1728 4161 1755 4202 lt.
1768 4157 1919 4204 cardinales
1929 4157 1982 4203 rite
1992 4169 2119 4215 expensas

1367 4235 1398 4270 ac
1412 4224 1553 4281 dispositas
1572 4224 1733 4270 auctoritate
1752 4227 1843 4270 nostra
1864 4223 2119 4281 confirmaverimus,

1368 4291 1538 4337 sedulitatem
1552 4302 1583 4338 ao
1597 4291 1805 4336 sollicitudinem
1819 4292 1935 4336 vestram
1945 4290 2119 4348 requirimus,

1366 4369 1411 4403 vos
1426 4359 1564 4404 hortantes
1584 4360 1665 4414 atque
1686 4357 1714 4402 in
1735 4357 1844 4402 Domino
1865 4359 1998 4413 rogantes,
2019 4360 2057 4413 ut,
2072 4357 2119 4403 ubi

1366 4435 1431 4482 opus
1445 4423 1534 4479 tuerit,
1549 4423 1677 4481 quidquid
1696 4423 1790 4468 iisdem
1807 4423 2042 4470 constitutionibus
2058 4423 2118 4470 diii·

1366 4493 1460 4547 genter
1473 4490 1589 4536 colendis
1603 4500 1635 4536 ac
1646 4489 1782 4535 servandis
1792 4490 1921 4535 obsistere
1931 4490 2022 4546 possit,
2032 4501 2117 4536 remo-

1367 4567 1427 4602 vere
1441 4557 1578 4613 satagatis.
1590 4559 1655 4601 Rem
1665 4555 1736 4602 enim
1745 4555 1873 4612 dignitati
1882 4559 1985 4602 vestrae
1996 4556 2118 4603 decoram

1366 4627 1393 4670 et
1406 4622 1642 4680 celebratilssirnae
1656 4623 1696 4678 ac]
1712 4621 1931 4679 religiosissimae
1945 4621 2062 4668 familiae
2077 4623 2119 4668 de

1367 4691 1450 4737 bitam
1464 4693 1566 4747 beoque
1580 4689 1791 4746 acceptissimam
1803 4688 1981 4746 praestabitis,
1991 4689 2118 4746 vobisque

1365 4757 1535 4802 vehementer
1544 4753 1713 4800 demerebitis
1723 4755 1887 4800 voluntatem
1898 4757 2029 4808 Nostram,
2040 4754 2117 4800 cuius

1365 4823 1461 4880 pignus
1475 4822 1557 4880 vobis,
1569 4820 1732 4868 venerabiles
1743 4821 1847 4876 iratres,
1858 4821 2030 4878 apostolicam
2044 4821 2118 4867 bene

1365 4889 1507 4935 dictionem
1521 4889 1691 4946 peramanter
1705 4887 1884 4943 impertimur.

1404 4959 1499 5004 Datum
1520 4959 1628 5008 Romae,
1649 4953 1719 5011 apud
1741 4957 1764 4998 s.
1785 4953 1896 5000 Mariam
1916 4953 2051 5010 Maiorem,
2067 4955 2117 5002 sub

1363 5025 1463 5071 annulo
1477 5021 1627 5078 Piscatoris
1642 5020 1684 5066 die
1699 5031 1715 5066 1.
1731 5020 1825 5078 aprilis
1837 5031 2002 5077 ancorarius,
2012 5023 2116 5078 pontiti-

1364 5093 1439 5137 catus
1454 5089 1539 5137 nostri
1553 5098 1623 5136 anno
1636 5099 1664 5132 ιι.

1477 5295 1581 5337 litteriis
1594 5295 1657 5346 filiis
1672 5295 1812 5338 abbatibus
1825 5297 1850 5336 et
1863 5294 2001 5337 Monacntt

1376 5364 1399 5406 S.
1411 5363 1520 5404 Antonii
1535 5361 1645 5408 abbatis,
1660 5361 1879 5412 concrepationts
1888 5362 1987 5404 Montis
1996 5361 2099 5408 Libani.

1582 5469 1726 5512 cubitans
1741 5469 1821 5511 Para
1834 5469 1887 5511 XII.

1656 5563 1747 5606 Dilecti
1760 5563 1816 5614 atii,

1453 5633 1569 5676 salntem
1582 5634 1607 5675 et
1620 5633 1794 5684 apostoticam
1809 5632 2022 5676 benedictionm

1402 5767 1457 5815 Quo
1471 5763 1559 5809 studio
1573 5762 1733 5820 apostolicae
1742 5762 1864 5808 caritatis
1873 5762 2112 5819 congregationem

1361 5831 1477 5876 vestram
1490 5829 1704 5886 complectamur,
1717 5829 1771 5874 iam
1786 5828 1852 5874 satis
1862 5828 1934 5874 vobis
1944 5830 2111 5885 perspectum

1361 5909 1418 5943 esse
1440 5908 1491 5944 nou
1514 5896 1680 5952 dubitamus;
1702 5895 1770 5953 quod
1789 5895 1870 5942 etiam
1885 5893 1982 5941 dilecto
1997 5893 2053 5942 tilio
2067 5896 2112 5942 Mi·

2157 529 2209 583 Διι.
2224 533 2253 585 0.
2273 537 2328 590 itit

2169 2347 2304 2396 niomium.
