4878 6982
224 559 226 564 ·
318 548 507 602 An.c.1700
560 551 616 614 193
1061 565 1125 615 333.
1150 563 1240 614 bour.
1265 565 1304 613 33
1327 563 1355 612 3.
1380 563 1409 612 3.
1434 567 1516 612 raas
1538 563 1558 612 t.

1336 693 1367 750 33
1388 687 1423 748 ad
1446 685 1626 748 fruitionem
1657 682 1855 746 beatitudinis
1876 697 1932 760 per
1953 679 2083 757 agnitio·

537 781 695 855 cbristus,
727 788 852 842 aeterna
883 781 981 855 salus,
1015 782 1216 858 cogitationes
1247 783 1279 842 in
1336 796 1410 842 nem
1432 779 1570 841 veritatis
1592 795 1646 839 vos
1669 780 1824 857 perducat.

536 877 620 938 bunc
650 891 776 952 scopant
809 883 926 936 nostras
954 875 1101 950 dirigere,
1129 881 1281 952 quantum
1307 824 1310 935 3
1376 873 1488 934 Datum
1520 871 1645 945 Romae,
1675 871 1753 950 apud
1786 871 1816 934 S.
1840 871 1966 932 Mariam
1993 867 2084 930 blaio-

537 969 730 1032 imbecillitas
761 975 865 1030 nostra
898 970 1025 1046 patitur,
1052 983 1214 1046 nunquam
1236 967 1282 1028 in·
1336 982 1418 1038 rem,
1440 967 1498 1027 sub
1518 964 1634 1026 annulo
1655 965 1828 1039 PiscatoriS,
1844 965 1892 1026 die
1908 979 1987 1024 333.
2006 979 2084 1024 mar-

536 1062 756 1138 termittimus3
780 1064 873 1139 probe
902 1063 989 1124 enim
1010 1063 1166 1136 novimus,
1188 1077 1281 1138 quam
1339 1061 1370 1123 til
1395 1076 1507 1134 unco,
1531 1059 1724 1137 pontillcatus
1748 1059 1843 1120 nostri
1867 1073 1949 1118 3333
1971 1073 2015 1117 33.

536 1158 661 1218 arduam
684 1156 716 1216 in
730 1157 867 1218 districto
883 1155 937 1218 liei
952 1155 1065 1217 iudicio
1080 1155 1211 1217 iniuncti
1227 1171 1281 1216 no·
1308 1195 1310 1230 2

537 1251 582 1311 bis
603 1248 759 1328 pastoralis
781 1249 920 1311 muneris
946 1249 1097 1312 reddituri
1119 1250 1215 1310 simus
1237 1265 1282 1308 ra·
1309 1313 1310 1316 ¹

537 1343 665 1406 tionem.
688 1342 786 1420 Urget
808 1343 911 1421 itaque
940 1360 996 1406 nos
1017 1343 1108 1404 3313333
1130 1343 1280 1415 debiturn,
1309 1399 1310 1416 ,

538 1445 572 1499 ut
593 1445 718 1515 praeter
745 1451 824 1512 eam,
858 1453 935 1514 quae
958 1436 1082 1498 anobis
1113 1436 1282 1497 adhibenda
1309 1417 1311 1455 ¹

538 1539 585 1592 est
602 1533 632 1592 in
647 1530 848 1594 custodiendo
863 1529 1016 1592 dominico
1032 1545 1138 1606 grege,
1153 1528 1283 1604 vigilan·
1309 1526 1311 1611 j
1341 1533 1515 1612 coufirmat
1543 1534 1706 1595 3333333333
1737 1532 2002 1612 congregationis
2031 1530 2086 1592 Ri-

540 1627 625 1701 tiam,
648 1625 785 1688 sedulam
808 1639 931 1702 quoque
954 1624 1056 1684 eidem
1078 1623 1219 1698 augendo
1240 1631 1282 1683 at·
1310 1623 1311 1655 ³
1381 1633 1475 1686 tuam
1506 1629 1593 1687 33333
1625 1627 1804 1704 primatum
1826 1641 1890 1702 pro
1919 1621 2086 1701 provincie

538 1736 599 1798 que
614 1717 827 1798 amplificando
844 1733 970 1795 operam
985 1717 1208 1794 impendamus.
1227 1714 1282 1776 cni
1310 1716 1312 1781 ἶ
1380 1717 1411 1780 S.
1438 1717 1551 1781 Diduri
1573 1721 1720 1800 [rot-rum
1744 1719 1907 1781 Minorem
1925 1717 1960 1781 de
1979 1715 2085 1779 03333-

538 1813 665 1892 quidem
684 1810 839 1890 proposito
853 1809 1039 1888 perficiendo
1054 1811 1127 1871 duan
1142 1809 1205 1868 total
1219 1806 1282 1868 ani·
1310 1792 1315 1876 ¹,
1378 1810 1495 1873 ouratid
1523 1811 1798 1874 Discolceotorum
1829 1816 1941 1871 coatro
1963 1811 2085 1887 scotres·

538 1907 582 1967 mi
596 1905 797 1968 contentione
812 1903 1033 1975 incumbimus,
1051 1917 1113 1964 non
1129 1908 1284 1978 postremo
1310 1891 1311 1899 '
1380 1905 1640 1982 stupuetiua'oaos
1662 1905 1697 1964 ia
1722 1919 1817 1982 ropac
1840 1902 2007 1966 3133333333
2028 1899 2041 1978 (
2061 1899 2082 1978 ).

540 1998 603 2062 loco
616 2007 759 2076 paternae
774 2005 896 2058 nostrae
909 1995 1027 2057 caritati
1045 2003 1077 2054 tu
1093 2001 1184 2071 atque
1195 1993 1284 2053 istius

539 2092 686 2166 instituti,
702 2092 752 2151 cui
767 2106 883 2167 praees,
897 2089 1081 2166 professores
1097 2094 1281 2162 occurrunt3
1310 2106 1312 2112 ¹
1511 2071 1764 2141 tddoctittlttts
1780 2073 1839 2144 ΡΡ.
1858 2072 1914 2139 ΧΙΙ.

538 2186 564 2246 33
586 2184 681 2258 enim,
706 2193 739 2246 ut
760 2199 814 2261 par
835 2191 881 2244 est
902 2183 1071 2254 credere,a
1092 2180 1212 2242 saeculo
1230 2196 1284 2240 vos
1479 2195 1514 2263 ag
1536 2197 1666 2264 futuram
1689 2197 1733 2264 „95
1760 2195 1940 2263 memoriam,

538 2277 665 2340 abduxit
686 2276 888 2354 inquirendae
920 2275 1057 2336 veritatis
1080 2275 1230 2346 studium,
1254 2280 1284 2334 et

482 2399 485 2406 ¹
539 2371 717 2433 caelestium
754 2384 859 2431 333333
894 2368 1086 2430 meditationi
1117 2367 1313 2443 divinoque¹

538 2463 634 2526 cultui
658 2462 782 2524 vacandi
798 2462 997 2534 desiderium,
1015 2461 1147 2522 fraudari
1162 2475 1216 2520 vos
1231 2474 1283 2536 spe

539 2574 572 2618 ac
592 2557 719 2634 optione
741 2557 842 2617 333333
863 2554 1025 2632 apostolica
1044 2553 1205 2615 solicitudo
1221 2569 1284 2614 non

454 2723 457 2731 ,
538 2651 622 2712 33333.
648 2649 739 2713 certe
760 2665 820 2710 una
842 2655 888 2710 est
915 2648 1024 2709 mundi
1045 2649 1138 2708 buius
1160 2647 1285 2707 viatori-

539 2744 596 2806 bus
618 2743 765 2806 tendendi
788 2743 819 2804 in
842 2743 970 2820 patriam
999 2739 1198 2802 beatitudinis
1223 2740 1282 2815 via,

536 703 676 762 marum,
706 703 780 766 quas
811 685 934 765 proprio
965 687 1116 764 sanguine
1148 688 1280 750 redemit
1306 698 1309 817 1

1659 1345 1771 1409 XXXI.

1380 2372 1398 2445 ἓ
1422 2371 1449 2432 1.
1473 2372 1636 2434 dimanavit
1667 2389 1807 2450 nupera
1835 2371 2082 2448 congregatione
2108 2378 2334 2485 praealssffiffitffl

1312 2531 1313 2536 1
1341 2464 1565 2526 venerabilium
1588 2465 1720 2527 fratrum
1743 2474 1922 2528 nostrorum
1944 2465 1975 2528 S.
1996 2466 2031 2527 ll.
2049 2465 2084 2526 E.
2106 2483 2330 2544 capramolente

1342 2557 1549 2621 Cardinalium
1570 2561 1661 2622 sacris
1691 2561 1800 2622 ritibus
1828 2537 2333 2645 praepositorum,{f},¹1¹',¹¹„⁵„¹{².{¹,²ss³,¹}j

1311 2704 1313 2718 ,
1341 2653 1377 2713 ad
1405 2651 1543 2712 savorem
1571 2652 1754 2714 dilectorum
1787 2654 1924 2714 filiorum
1956 2652 2087 2714 13333333
2107 2645 2233 2742 {XXXX
2252 2653 2328 2688 ¹¹¹⁰ss

1341 2745 1517 2823 provinciae
1550 2743 1581 2806 S.
1606 2745 1707 2806 Didaci
1739 2745 1842 2808 Novae
1873 2747 2034 2824 Hispaniae
2055 2746 2087 2806 in

539 2853 635 2916 aqua
656 2837 681 2898 sl
702 2837 771 2914 quis
802 2835 852 2896 vel
884 2835 1052 2896 minimum
1083 2833 1284 2907 aberraverit,

540 2929 611 2991 inde
633 2929 758 2991 exulare
783 2944 916 3006 semper,
939 2935 1065 2990 aeterno
1093 2943 1164 2989 cum
1187 2927 1284 3000 luctu,

540 3033 678 3100 cogetur.
714 3023 751 3084 Et
772 3022 897 3100 quidem
926 3021 1024 3096 decet,
1048 3029 1082 3083 ut
1103 3022 1182 3083 sicut
1204 3037 1285 3082 unus

539 3126 586 3179 est
608 3119 688 3180 bens
709 3134 742 3178 ac
758 3115 918 3189 Dominus,
938 3116 978 3176 ita
993 3133 1090 3178 unum
1108 3117 1147 3178 sit
1161 3131 1284 3192 corpus,

540 3229 622 3274 3333
648 3211 774 3290 spiritus
796 3218 826 3271 33
848 3225 907 3272 333
931 3211 1015 3284 tides,
1046 3211 1177 3286 ideoque
1199 3209 1286 3272 31333-
1313 3213 1314 3227 ’

540 3312 605 3364 3333
627 3303 780 3364 unitatem
802 3318 856 3380 pro
878 3302 932 3375 eis,
954 3303 1005 3380 qui
1022 3301 1170 3363 credituri
1184 3308 1285 3374 33333,
1313 3303 1314 3311 ’

541 3414 556 3457 3
571 3393 660 3458 Patre
673 3396 803 3458 summis
819 3395 958 3473 precibus
973 3394 1187 3472 expostulavit.
1207 3394 1288 3456 con·

540 3497 599 3552 stat
620 3495 736 3563 autem,
759 3491 837 3550 bano
865 3489 1029 3562 unitatem,
1057 3487 1127 3549 alibi
1151 3487 1285 3548 inveniri
1313 3481 1315 3540 3

541 3599 605 3646 333
626 3597 724 3660 33333,
747 3597 839 3660 quam
862 3581 894 3642 in
915 3579 1067 3642 soliditate
1082 3582 1189 3642 Petrae
1204 3580 1287 3642 illius

540 3693 632 3756 supra
652 3691 746 3754 quam
767 3675 845 3736 Deus
873 3673 1015 3736 fundavit
1036 3674 1214 3747 Ecclesiam,
1238 3675 1283 3735 ad-

541 3785 650 3830 versus
681 3783 774 3847 quarn
802 3775 905 3846 portae
934 3765 1026 3828 lnleri
1049 3782 1111 3828 non
1135 3767 1288 3846 praevale-

541 3863 630 3926 bunt.
649 3862 784 3939 Agnovit
800 3862 877 3923 banc
891 3861 1055 3923 veritatem
1067 3860 1230 3938 aliquando
1241 3877 1289 3922 ce-

542 3957 705 4018 leberrima
726 3957 810 4017 natio
832 3961 943 4030 vestra,
966 3963 997 4016 et
1014 3954 1202 4032 Apostolioae
1218 3953 1289 4016 Sedi

542 4051 652 4112 libenti
666 4049 768 4110 animo
782 4065 815 4110 se
833 4047 986 4122 submisit,
1004 4057 1067 4108 rata
1082 4063 1146 4110 non
1161 4046 1287 4108 aliunde
1315 4047 1316 4052 ’

542 4161 634 4206 33333
655 4144 724 4205 lidei
747 4149 905 4220 praecepta
935 4141 1051 4203 bauriri
1074 4157 1172 4219 posse,
1195 4157 1287 4219 quarn
1315 4172 1317 4183 ,

542 4239 579 4299 ab
600 4238 656 4299 bac
677 4237 738 4315 ipsa
760 4236 895 4298 Romani
924 4235 1056 4297 Ecclesiai
1077 4235 1219 4296 omnium
1241 4250 1289 4295 33-

543 4333 588 4394 bis
610 4330 815 4393 Eoclesiarum
847 4337 945 4391 matre
971 4345 1004 4390 ac
1030 4329 1184 4405 magistra.
1217 4329 1288 4389 Pro·
1315 4319 1317 4371 3

544 4427 614 4489 inde
636 4441 692 4488 nos
713 4439 799 4502 spem
820 4425 987 4484 maximam
1009 4424 1042 4484 in
1065 4423 1137 4498 lieo,
1153 4423 1206 4500 qui
1227 4423 1286 4497 via,
1316 4448 1317 4475 t

544 4519 656 4581 veritas
676 4527 707 4580 et
728 4519 789 4579 vita
808 4525 865 4586 est,
882 4517 993 4579 merito
1007 4517 1242 4591 constituentes,
1259 4524 1289 4578 et
1315 4520 1317 4550 l

1312 2885 1313 2899 ,
1342 2837 1449 2910 lndiis,
1482 2837 1604 2900 Ordinis
1637 2837 1769 2901 iratrum
1802 2840 1956 2902 llinorum
1986 2839 2088 2902 Sancti

1341 2931 1493 2992 Franclsci
1524 2931 1561 2991 de
1597 2931 1795 2993 0333333333
1831 2931 2088 2994 Discalceatorum

1312 3009 1314 3086 f
1342 3032 1604 3101 nuncupatorum,
1634 3026 1794 3087 decretum
1826 3026 1942 3087 tenoris
1968 3026 2020 3104 qui
2042 3041 2090 3088 33-

1312 3185 1314 3193 ,
1342 3118 1459 3195 quitur,
1484 3117 1644 3178 videlicet:
1670 3117 1879 3192 «3133333333,
1898 3118 2088 3180 Praeceden-

1344 3212 1417 3272 iiuc.
1442 3211 1577 3272 33333333
1600 3212 1636 3272 33
1662 3213 1801 3274 auditore
1832 3213 2017 3274 sanctissimi
2039 3214 2091 3274 do-

1343 3305 1420 3366 mini
1446 3303 1545 3366 333333
1578 3305 1751 3367 iunocentii
1782 3307 1878 3383 Papae
1903 3307 1964 3368 Xll.
1989 3307 2023 3365 ad
2045 3323 2089 3367 sa-

1314 3471 1315 3476 ,
1342 3413 1424 3460 cram
1447 3397 1575 3459 llituum
1598 3398 1879 3474 congregationem
1902 3399 1989 3460 33333
2006 3414 2090 3476 prae·

1343 3491 1502 3555 cedentiae
1524 3491 1608 3552 inter
1630 3501 1731 3568 patres
1747 3491 1944 3553 [liscalceatos
1959 3493 2089 3553 strictio·

1314 3627 1315 3641 ,
1345 3585 1385 3647 ris
1399 3585 1612 3648 observantiae
1628 3583 1733 3646 Sancti
1748 3585 1898 3646 Francisoi
1913 3585 2090 3663 provinciae

1344 3677 1374 3741 S.
1400 3679 1511 3752 Didaci,
1534 3695 1571 3740 33
1595 3679 1667 3751 333,
1687 3687 1717 3740 33
1732 3685 1833 3755 patres
1849 3679 2089 3754 augustinianas

1343 3773 1518 3851 provinciae
1550 3770 1603 3834 SS.
1629 3770 1771 3833 Nominis
1802 3771 1888 3845 1333,
1923 3787 1962 3832 33
1993 3771 2090 3833 313333

1344 3865 1492 3943 partibus,
1515 3865 1547 3924 in
1570 3879 1669 3940 regno
1701 3865 1857 3927 blericurto
1886 3863 1998 3928 ultimo
2026 3864 2090 3925 loco

1315 4033 1316 4040 ἵ
1344 3958 1456 4034 agitata
1476 3974 1569 4036 super
1589 3959 1774 4022 executione
1795 3958 1993 4020 decretorum
2010 3957 2090 4018 3333-

1344 4052 1416 4112 dem
1447 4067 1549 4112 sacrae
1582 4051 1839 4126 congregationis
1860 4052 1991 4112 diversis
2014 4060 2090 4111 tem-

1344 4145 1469 4224 poribus
1488 4144 1522 4205 ad
1539 4145 1675 4206 lavarem
1691 4146 1874 4206 eorumdem
1890 4153 2012 4222 patrum
2029 4144 2091 4205 llis-

1344 4238 1548 4300 calceatorum
1571 4236 1602 4300 S.
1620 4237 1770 4299 Francisci
1786 4237 1857 4298 aliis
1878 4238 2043 4312 editorum,
2059 4247 2091 4300 33

1344 4333 1505 4408 signanter
1526 4330 1579 4391 lati
1600 4329 1657 4391 sub
1679 4331 1727 4391 die
1748 4345 1797 4392 nt.
1819 4330 1898 4393 iunii
1914 4325 2087 4392 33333333.

1344 4433 1376 4487 33
1398 4441 1451 4503 per
1473 4425 1588 4486 litteras
1610 4424 1642 4486 in
1666 4423 1762 4486 lormai
1784 4423 1891 4486 Pravis
1916 4424 1997 4486 datas
2019 4439 2087 4486 xix.

1345 4519 1423 4579 iunii
1445 4519 1581 4579 eiusdem
1603 4517 1677 4578 anni
1697 4523 1820 4578 sanctae
1841 4518 2009 4578 memoriae
2024 4517 2093 4580 cle-

544 4613 581 4674 de
602 4613 765 4690 prudentia
785 4627 819 4673 ac
833 4603 988 4672 docilita'te
1003 4611 1103 4672 333333
1119 4610 1288 4688 plurimum
1316 4620 1318 4687 3
1347 4611 1460 4672 mentis
1482 4610 1578 4688 Papae
1603 4611 1642 4672 X.
1665 4610 1821 4690 approbati
1843 4619 1874 4672 et
1895 4611 2090 4687 confirmati3

545 4705 631 4768 nobis
661 4705 853 4783 pollicentes,
885 4704 1039 4766 mittimus
1069 4704 1147 4764 istuc
1168 4703 1290 4780 religio·
1316 4696 1318 4761 ἶ
1346 4703 1562 4782 propositoque
1582 4704 1620 4764 ab
1641 4703 1885 4765 eminentissimo
1901 4713 1932 4765 33
1946 4719 2093 4765 3333333-

543 4816 614 4862 sunt
635 4800 740 4861 virum
762 4809 880 4876 patrem
901 4797 1098 4860 Pranciscum
1113 4797 1237 4860 blaciam
1253 4799 1289 4860 de
1316 4768 1319 4826 3
1346 4797 1470 4860 dissimo
1491 4797 1618 4860 domino
1639 4796 1793 4859 Cardinali
1815 4795 1973 4858 Petrucoio
1995 4797 2027 4858 33
2046 4798 2094 4858 33-

545 4893 701 4956 Salemme
724 4891 844 4955 Ordinis
869 4891 900 4954 S.
923 4892 1086 4964 Prancisci,
1115 4891 1236 4970 pietatis
1258 4907 1291 4954 ao
1317 4882 1318 4890 '
1346 4890 1416 4954 dem
1447 4892 1530 4952 sacra
1560 4891 1689 4952 Rituum
1721 4889 1968 4966 congregatione
2000 4889 2092 4950 inira·

544 4987 701 5050 doctrinae
722 4986 812 5047 laude
833 4987 1097 5058 commendatum,
1120 4986 1171 5063 qui
1194 4985 1291 5047 since·
1346 4986 1457 5062 scripto
1472 4983 1575 5058 dubio,
1589 4983 1745 5046 videlicet:
1760 4983 1807 5044 dn
1823 4981 1967 5044 iratribus
1983 4983 2094 5045 [liscal-

545 5097 611 5142 ram
638 5089 730 5157 atque
761 5080 975 5141 inconcussam
1001 5079 1175 5154 veritatem,
1198 5094 1290 5156 quam
1318 5148 1320 5157 ¹
1346 5078 1437 5139 oeatis
1453 5077 1614 5139 strictioris
1629 5077 1839 5138 observantiae
1853 5077 1975 5139 Ordinis
1991 5075 2093 5138 Sancti

544 5175 709 5252 profitetur
723 5189 756 5234 33
769 5171 858 5234 33333
872 5171 1008 5234 Romana
1021 5171 1126 5246 Sedes,
1141 5173 1224 5233 iuxta
1240 5171 1293 5232 Pa·
1319 5187 1320 5203 ¹
1347 5171 1497 5234 Francisci
1522 5186 1584 5231 333
1605 5171 1707 5231 solum
1729 5169 1761 5232 in
1782 5169 2026 5248 processionibus
2048 5159 2109 5230 33·Ι

545 5277 631 5330 trum
652 5285 685 5330 ac
704 5283 861 5328 sacrorum
893 5267 1103 5330 conciliorum
1129 5267 1292 5328 auctorita·
1318 5258 1321 5340 3
1348 5266 1422 5340 13333,
1444 5272 1476 5326 33
1496 5263 1554 5325 333
1584 5265 1706 5342 propria
1736 5280 1838 5339 33333,
1860 5265 1912 5325 sed
1946 5263 2040 5325 etiam
2061 5263 2094 5323 in

547 5371 611 5425 tem
632 5361 719 5423 vobis
740 5360 867 5439 aperiat,
884 5366 914 5422 et
935 5361 970 5422 ad
988 5361 1214 5421 amantissimae
1229 5373 1292 5420 ma·
1319 5343 1321 5407 3
1348 5357 1557 5432 concionibus,
1580 5357 1849 5436 disputationibus,
1876 5356 2095 5419 concurrentia

545 5457 602 5520 tris
623 5458 728 5518 sinum
749 5471 804 5515 vos
832 5453 958 5529 invitet,
981 5471 1014 5516 ac
1040 5461 1174 5514 revocet.
1198 5453 1291 5528 Deus,
1319 5436 1321 5539 3
1348 5451 1566 5530 praelatorum,
1588 5451 1717 5528 aliisque
1738 5451 1856 5512 actibus
1882 5460 1945 5512 tam
1966 5450 2095 5528 publicis

547 5550 600 5628 qui
620 5549 688 5611 1333
710 5555 755 5611 333
776 5547 864 5622 13333,
887 5548 976 5609 corda
999 5554 1099 5608 vestra
1121 5546 1290 5620 illuminet,
1318 5546 1322 5624 3
1348 5561 1441 5624 quam
1468 5543 1606 5624 privatis,
1630 5545 1863 5606 interveniente
1884 5543 1934 5605 331
1964 5559 2027 5605 333
2049 5544 2095 5604 in·

589 5817 618 5872 (1)
634 5817 671 5860 cx
686 5817 747 5872 1333.
764 5815 792 5860 33
806 5815 881 5860 33313,
897 5817 969 5860 brev.
985 5819 1005 5858 Α
1020 5813 1195 5860 elementali.
1211 5817 1291 5860 const.
1320 5816 1322 5850 l
1349 5813 1439 5860 vantra
1460 5816 1486 5859 33
1505 5813 1694 5858 conventuales
1716 5811 1773 5857 vide
1794 5810 1940 5858 innocentii
1954 5814 1994 5856 xl.
2011 5815 2092 5859 const.

547 5883 609 5930 edit.
625 5893 778 5938 33333333,
793 5882 834 5927 die
849 5893 886 5927 111.
903 5881 978 5937 iunii,
993 5879 1180 5927 confirmatum
1198 5879 1247 5926 luit
1262 5881 1294 5926 si·
1320 5851 1322 5895 3
1348 5881 1409 5926 edit.
1426 5891 1598 5936 mcccxxxrv,
1613 5879 1655 5925 die
1669 5889 1723 5924 xiv.
1739 5879 1841 5936 aprilis,
1856 5878 1945 5936 pontif.
1962 5889 2017 5925 333.

548 5950 611 5998 mile
625 5951 767 5997 decretum.
783 5953 818 5995 Do
832 5950 948 6010 primatu
960 5949 1030 5994 inter
1040 5947 1153 5996 Minores
1163 5948 1294 5995 (1303333-
1319 5906 1322 6006 3
