4878 6982
38 509 39 530 ἶ
111 551 156 602 An.
169 551 196 602 c.
218 551 283 602 1701

353 683 494 746 datorum
515 685 760 762 provinciarum
783 683 817 746 in
842 685 961 746 insulis
984 683 1057 747 ΡΜ·
1084 681 1086 759 l

353 776 485 853 lippinis
507 779 717 840 eremitarum
741 776 854 840 Sancti
877 779 1057 857 Augustini
1084 788 1086 845 :

352 869 628 934 discalceatornm
659 869 923 952 congregationis
947 872 1057 948 Hispo·
1084 941 1086 953 ,

353 963 426 1024 raiae
447 963 504 1040 (1).

512 1131 699 1200 eusitius
722 1133 782 1200 ΡΡ.
809 1133 854 1200 tlt.
1084 1128 1086 1205 l

454 1253 641 1321 adlaturam
664 1256 707 1322 rei
731 1257 911 1324 memoriam·

138 1445 168 1502 rx
190 1441 292 1504 decreto
351 1431 370 1504 ἓ
394 1432 419 1490 l.
443 1430 560 1510 Nuper,
584 1447 639 1508 pro
661 1439 745 1509 parte
767 1433 870 1495 dilecti
892 1433 947 1494 filii
970 1434 1056 1494 loan-

97 1495 293 1608 issffi'ti‘f'e'ingess‘.
312 1525 360 1586 nis
385 1523 513 1587 Antonii
545 1542 560 1584 a
587 1525 617 1588 S.
646 1526 822 1601 Augustino
850 1526 1057 1604 procuratoris

96 1601 293 1709 {lffmfflpffffi
312 1617 465 1694 generalis
487 1619 663 1696 provinciae
694 1619 724 1682 S.
749 1617 864 1680 Nicolai
885 1620 921 1681 de
945 1619 1057 1680 Tolen-

97 1705 293 1805 ξξθξῡοῐζψιξέςθξ
312 1711 377 1773 tino
399 1711 432 1772 in
455 1709 566 1772 insulis
592 1711 775 1790 Pbilippinis
801 1711 1057 1788 congregationis

98 1771 155 1884 xviia,
175 1771 291 1874 ramulas·
311 1803 473 1880 Hispaniae
485 1802 616 1864 iratruur
631 1804 834 1865 eremitarum
849 1803 971 1866 Ordinis
983 1804 1057 1867 San-

97 1864 291 1985 {i'iivfl'ssiffl
310 1895 351 1956 eti
381 1895 549 1970 Augustini
574 1895 831 1960 Discalceatorum
865 1903 1057 1973 nuncupato·

98 1972 289 2071 {fffidfflffif
311 2005 394 2061 rum,
417 1987 657 2064 congregationi
674 1989 903 2051 venerabilium
924 1988 1056 2050 fratrum
1083 2030 1084 2040 ,

311 2089 489 2143 nostrorum
512 2081 542 2144 S.
567 2082 603 2144 li.
627 2081 662 2142 Ε.
686 2080 898 2144 cardinalium
914 2080 1058 2155 negotiis
1083 2105 1085 2127 r

310 2179 341 2232 et
360 2172 640 2234 consultationibus
662 2172 881 2249 cpiscoporum
902 2178 934 2234 et
956 2171 1057 2246 liegu·

310 2263 424 2324 larium
439 2263 625 2341 praepositae
646 2264 796 2342 exposito,
809 2261 889 2341 quod
912 2262 995 2340 (cunt
1010 2279 1058 2326 ea-

311 2356 409 2434 pitulo
431 2365 461 2418 et
485 2356 661 2418 definitorio
693 2356 831 2432 generali
859 2357 956 2418 dictae
977 2355 1056 2418 Con·
1082 2413 1084 2425 ,

310 2450 499 2524 gregationis
534 2450 696 2528 Hispaniae
730 2450 870 2528 proxime
904 2449 1057 2511 celebrato

310 2542 644 2606 convenientissimum
666 2544 768 2606 visum
789 2543 908 2616 luisset,
925 2551 960 2604 ut
975 2557 1059 2604 com·
1083 2534 1084 2542 '

310 2635 468 2707 missarib,
490 2635 544 2712 qui
569 2651 606 2696 ex
632 2634 742 2696 insulis
764 2634 925 2713 praedictis
945 2635 980 2696 ad
1006 2633 1057 2695 Hi-

309 2727 428 2804 spanias
449 2729 485 2790 ad
511 2725 706 2790 deducendos
737 2727 898 2804 religiosos
929 2743 982 2805 pro
1011 2727 1085 2809 ia-;

310 2819 467 2882 struendis
489 2820 629 2882 fidelibus
645 2820 769 2888 illarum
791 2820 927 2898 partium
942 2819 975 2881 in
991 2835 1058 2896 mv·
1083 2819 1085 2889 ἷ

310 2913 412 2974 storiis
439 2911 485 2989 (2)
512 2912 596 2976 Fidei
628 2913 710 2975 milti
737 2912 894 2986 solebant,
934 2911 1056 2990 aliquod

311 3005 483 3083 praemium
498 3005 720 3080 assignaretur,
736 3004 873 3082 alioquin
888 3004 994 3067 nullus
1009 3019 1056 3066 re-

311 3097 436 3179 ligiosus
468 3097 666 3160 inveniretur
687 3098 762 3175 qui,
785 3104 913 3175 propter
943 3097 1055 3174 viginti
1082 3096 1085 3147 l

310 3207 364 3254 sax
389 3189 525 3252 murtrum
546 3189 730 3268 etamplius
759 3189 943 3252 milliarium
965 3191 1058 3252 dicta·
1082 3172 1085 3263 l

313 3300 382 3346 rum
416 3283 590 3346 insularum
617 3283 655 3344 ab
684 3282 827 3360 Hispania
858 3283 1055 3356 distantiam,
1082 3277 1085 3327 t

311 3386 374 3442 tam
394 3376 526 3452 longum
540 3377 600 3437 iter
614 3375 769 3453 suscipere
786 3374 893 3452 vellet)
913 3376 1057 3436 decreve-

311 3477 369 3544 rat,
385 3477 418 3530 ut
446 3467 647 3530 commissarii
675 3475 736 3528 tam
758 3465 855 3530 dictae
884 3467 914 3530 S.
940 3465 1056 3528 Nicolai

311 3579 404 3642 quarn
435 3560 631 3625 candelariae
662 3560 790 3623 alterius
820 3559 994 3639 provinciae
1023 3561 1055 3620 in

310 3655 471 3734 praedictis
493 3653 683 3727 insulis,.seu
703 3653 900 3728 TerralxrmA,
917 3653 1055 3714 eiusdem
1083 3690 1084 3743 l

311 3747 566 3825 congregationis
598 3746 775 3825 Hispaniae,
798 3747 851 3824 qni
879 3746 924 3825 (3)
951 3746 1056 3806 statim

310 3849 402 3920 atque
428 3841 460 3900 in
489 3840 664 3918 Hispaniam
697 3839 936 3916 praemissorum
968 3840 1057 3901 causa

311 3934 542 4014 pervenissent,
572 3931 823 4011 exemptionibus
845 3933 1058 4010 exprovineia·
1082 3959 1084 4018 5

310 4027 404 4102 lium,
427 4043 461 4090 ac
488 4041 563 4088 voce
591 4032 622 4087 et
654 4033 726 4086 voto
751 4025 819 4086 sive
849 4025 995 4101 sullragio
1023 4025 1055 4086 in
1082 4021 1085 4107 ’,

309 4120 453 4182 omnibus
468 4118 608 4197 capitulis
620 4117 861 4196 provincialibus
876 4118 1055 4180 earumdem
1082 4148 1084 4190 ;

310 4213 543 4292 provinciarum
565 4210 682 4288 pertrui
705 4209 856 4284 valerent,
880 4211 993 4289 quibus
1014 4219 1056 4273 ta·

309 4321 383 4368 men
406 4305 451 4367 uti
474 4306 655 4382 nequirent,
672 4303 697 4364 si
718 4303 752 4364 in
774 4302 918 4381 Hispania
940 4303 1057 4365 diutius
1082 4364 1084 4385 ¹

309 4405 509 4460 remanerent
537 4404 568 4458 et
589 4397 622 4458 in
645 4395 767 4457 easdem
789 4395 962 4474 provincias
984 4411 1056 4456 non·
1082 4450 1084 4460 ,

310 4508 387 4568 gruu
410 4501 550 4568 tempore
565 4490 682 4550 reverti
698 4487 834 4564 nollent;
856 4488 986 4566 ideoque
1001 4505 1057 4566 pro
1082 4478 1084 4493 “

308 4593 395 4662 parte
416 4582 556 4644 eiusdem
577 4581 698 4643 loannis
719 4581 849 4642 Antonii
870 4579 970 4642 eidem
987 4581 1058 4643 car·
1082 4635 1084 4665 ,

310 4675 461 4740 diualium
484 4675 724 4752 congregationi
745 4673 926 4751 supplicato,
951 4681 984 4735 ut
1005 4672 1059 4734 de-

310 4777 431 4832 cretum
453 4768 642 4839 huiusmodi,
665 4782 727 4844 quo
748 4764 843 4826 iidem
865 4765 1001 4842 religiosi
1020 4766 1057 4827 ad
1082 4775 1084 4839 ζ

311 4869 421 4940 sponte
442 4861 652 4922 exercendum
674 4859 733 4920 boc
747 4858 903 4920 eharitatis
918 4873 994 4936 opus
1009 4858 1057 4918 in-

311 4955 499 5028 vitabantur,
512 4951 679 5031 approbare
700 4959 731 5012 et
745 4951 930 5013 confirmare
951 4951 1057 5026 digna·
1082 5030 1084 5040 γ

312 5054 413 5110 retur:
432 5046 540 5107 eadem
556 5044 761 5120 congregatio
777 5043 998 5116 cardinalium,
1013 5050 1056 5104 at·

312 5141 396 5202 tenti
427 5137 578 5201 relatione
605 5137 710 5198 dilecti
735 5137 789 5198 srlii
819 5137 916 5198 nostri
939 5134 1085 5215 losepbi‡

310 5231 419 5294 Renati
440 5231 579 5294 eiusdem
601 5231 631 5293 S.
654 5231 689 5292 ll.
708 5231 743 5291 E.
767 5228 936 5292 cardinalis
958 5229 1056 5308 lmpe·
1083 5216 1085 5297 ζ

311 5326 395 5386 vialis
417 5323 599 5401 nuncupati,
623 5323 695 5385 dicti
716 5322 838 5386 Ordinis
859 5321 940 5399 apud
955 5337 1011 5382 nos
1025 5329 1056 5383 et
1083 5312 1085 5357 t

311 5417 422 5481 Sedem
443 5416 650 5495 Apostolicam
672 5414 864 5494 protectoris,
882 5413 942 5475 sibi
963 5429 1057 5490 super
1083 5412 1085 5477 l

310 5510 486 5588 praemissis
514 5509 607 5582 iacti,
634 5523 803 5587 persuum
824 5509 986 5569 decretum
1008 5505 1058 5568 die
1083 5488 1085 5576 ἶ

351 5777 380 5832 (1)
395 5779 433 5821 Ex
446 5774 536 5821 eodem
551 5777 613 5832 Reg.
634 5777 670 5820 De
683 5773 897 5831 procuratoribus
918 5777 944 5818 et
965 5773 1053 5819 delini·

311 5842 412 5888 toribus
430 5841 559 5888 metarum
580 5839 772 5899 provinciarum
788 5839 845 5885 vide
861 5843 943 5886 const.
958 5851 1052 5897 praece
1078 5851 1081 5868 ·

310 5909 374 5959 item
384 5911 545 5970 sequentem,
552 5907 598 5954 ubi
607 5907 697 5968 agitur
707 5908 738 5954 de
746 5906 877 5954 vocalibus
886 5905 913 5952 in
923 5905 1050 5966 capitulis.
1079 5898 1081 5962 Ι

982 565 1123 611 GLEHENS
1146 565 1188 611 Xl.

1780 551 1840 616 205
1891 545 1945 600 Aa.
1960 549 1989 598 c.
2012 549 2078 600 1701

1113 697 1203 746 xvvrv.
1228 685 1376 748 februarii
1391 687 1532 766 proxime
1553 686 1710 767 praeteriti
1726 688 1857 760 editum,

1113 779 1214 840 eidem
1236 779 1361 860 losepbo
1375 780 1493 842 Henato
1515 780 1668 843 cardinali
1690 787 1721 842 et
1740 787 1860 858 protec-

1114 871 1173 932 tori
1205 871 1340 947 benigne
1361 871 1498 946 remisit,
1521 879 1571 946 ut,
1595 875 1676 933 veris
1698 870 1859 932 existenti-

1114 964 1170 1025 bus
1201 965 1350 1038 narratis,
1372 969 1403 1025 et
1430 972 1584 1042 quatenus
1616 963 1761 1042 expedire
1788 979 1859 1025 cen·

1112 1056 1243 1130 suisset,
1277 1057 1468 1135 praedictum
1500 1059 1660 1120 decretum
1692 1056 1859 1119 definitorii

1113 1149 1267 1225 generalis
1278 1165 1333 1228 pro
1353 1164 1409 1210 suo
1431 1149 1557 1212 arbitrio
1578 1157 1609 1211 et
1630 1149 1794 1227 prudentia
1808 1164 1860 1226 ap-

1084 1274 1085 1285 r
1113 1241 1254 1318 probaret
1276 1250 1307 1304 et
1321 1244 1528 1304 confirmaret.
1548 1243 1614 1320 lpse
1628 1259 1702 1304 vero
1714 1241 1859 1320 losepbus

1113 1333 1249 1396 Henetus
1283 1335 1452 1398 cardinalis
1479 1342 1510 1396 et
1532 1341 1701 1412 protector,
1732 1333 1764 1396 in
1793 1333 1858 1394 vim

1113 1426 1264 1488 lacultatis
1284 1427 1342 1488 sibi
1363 1427 1406 1489 sic
1427 1427 1603 1500 attributae,
1620 1442 1712 1488 suum
1734 1441 1857 1505 quoque

1113 1519 1145 1580 iu
1166 1519 1341 1598 praemissis
1361 1519 1522 1582 decretum
1548 1520 1644 1583 edidit
1666 1520 1782 1582 tenoris
1804 1519 1856 1597 qui

1111 1612 1264 1690 sequitur,
1287 1612 1445 1674 videlicet:

1152 1706 1292 1784 «losepb
1314 1705 1451 1768 Henetus
1473 1707 1503 1770 S.
1525 1707 1650 1782 Georgii
1672 1706 1704 1768 in
1727 1701 1857 1767 llelabro
1891 1713 2091 1758 oreretumcar·

1112 1798 1258 1860 diaconus
1277 1799 1445 1862 cardinalis
1466 1799 1634 1877 imperialis
1649 1807 1680 1860 et
1695 1799 1789 1860 totius
1804 1797 1857 1860 Or·
1875 1763 2091 1864 iiiis¹¹⁵ai³iffiix⁰l

1112 1891 1192 1954 dinis
1220 1891 1322 1954 Sancti
1355 1891 1523 1967 Augustini
1552 1897 1716 1970 protector.
1742 1890 1857 1966 Vigore
1877 1873 2089 1970 {ffifijscmssssdffffi

1111 1986 1333 2064 suprascriptae
1364 1985 1590 2048 commissionis
1611 1991 1641 2046 et
1669 1985 1820 2046 facultatis
1841 2001 1856 2042 a
1876 1977 2091 2076 ssss'fflffinffil

1110 2081 1193 2140 saera
1209 2079 1455 2154 congregatione
1470 2077 1690 2157 cpiscoporum
1706 2087 1737 2139 et
1755 2077 1857 2152 Regu·
1877 2083 1943 2130 torit-

1112 2172 1224 2234 larium
1245 2179 1422 2246 emanatae,
1445 2172 1535 2233 etde
1563 2172 1694 2232 veritate
1714 2178 1745 2231 et
1767 2171 1857 2232 ratio-

1112 2265 1268 2328 nabilitate
1290 2265 1502 2343 expositorum
1517 2263 1590 2326 satis
1612 2264 1768 2338 instructi,
1784 2280 1855 2326 eon-

1113 2359 1272 2420 lrrmamus
1298 2358 1509 2434 supradictum
1541 2355 1702 2420 decretum
1733 2356 1855 2435 capituli

1110 2459 1141 2512 et
1162 2451 1330 2512 delinitorii
1352 2450 1504 2526 generalis
1524 2449 1777 2526 congregationis
1793 2448 1858 2510 llis-

1110 2541 1312 2604 calceatorum
1335 2541 1365 2603 S.
1383 2541 1552 2618 Augustini
1574 2541 1735 2618 Hispaniae
1755 2547 1786 2602 et
1808 2541 1856 2602 ln-

1111 2633 1244 2708 diarum,
1256 2641 1286 2694 et
1298 2633 1496 2696 concedimus
1509 2643 1543 2694 ut
1555 2633 1767 2707 commissarii,
1780 2649 1856 2712 quos

1111 2726 1287 2803 provinciae
1303 2725 1334 2788 S.
1351 2724 1467 2788 Nicolai
1489 2725 1526 2786 de
1548 2727 1713 2789 Tolentino
1735 2727 1767 2788 in
1788 2726 1856 2788 Pbi·

1111 2817 1236 2896 lippinis
1258 2825 1289 2879 et
1311 2818 1508 2881 candelariae
1529 2820 1562 2880 in
1578 2819 1764 2881 Terralrrmai
1785 2820 1857 2880 mit-

1112 2917 1183 2973 tunt
1203 2912 1235 2988 in
1266 2911 1440 2988 Hispaniam
1463 2913 1499 2974 ad
1521 2914 1714 2976 deducendos
1735 2912 1768 2974 in
1793 2927 1856 2974 eas·

1112 3005 1181 3066 dem
1203 3004 1377 3082 provincias
1400 3004 1561 3081 religiosos
1583 3007 1636 3083 qui
1659 3005 1731 3068 illuc
1752 3004 1857 3068 fideles

1112 3096 1266 3158 instruant
1280 3105 1311 3158 et
1327 3097 1358 3158 in
1382 3097 1471 3158 vinea
1491 3098 1615 3160 Domini
1636 3097 1788 3172 laborent,
1804 3114 1857 3159 vo·

1110 3205 1181 3251 cem
1195 3196 1226 3250 et
1241 3197 1351 3251 votum
1373 3190 1507 3252 babeant
1521 3191 1553 3252 in
1569 3191 1710 3268 capitulis
1732 3191 1857 3268 provin-

1110 3282 1238 3344 cialibus
1259 3297 1386 3360 suarum
1405 3284 1648 3361 provinciarum,
1665 3301 1787 3346 necnon
1802 3285 1856 3346 bo-

1111 3375 1249 3448 noribus,
1263 3374 1435 3452 privilegiis
1446 3386 1477 3438 et
1488 3376 1737 3455 exemptionibus
1748 3393 1856 3440 eorum

1112 3467 1164 3544 qui
1186 3465 1315 3529 luerunt
1329 3468 1534 3544 provinciales
1549 3468 1581 3530 in
1598 3469 1742 3531 omnibus
1757 3477 1787 3531 et
1802 3487 1857 3548 per

1111 3559 1215 3620 omnia
1237 3558 1382 3622 fruantur
1404 3567 1434 3620 et
1457 3559 1620 3637 gaudeant,
1644 3561 1749 3624 statim
1769 3578 1803 3623 ac
1823 3562 1855 3622 in

1111 3652 1288 3729 Hispaniam
1310 3653 1529 3730 pervenerint;
1555 3654 1803 3733 quibuscumque
1824 3656 1856 3716 in

1110 3745 1301 3806 contrarium
1323 3746 1606 3808 nonobstantibus.
1631 3746 1783 3811 Volumus
1805 3765 1857 3810 au·

1112 3845 1186 3910 tem,
1209 3845 1256 3911 ut,
1278 3839 1303 3898 si
1325 3839 1470 3916 praedicti
1496 3841 1696 3903 commissarii
1718 3856 1857 3918 congruo

1111 3937 1251 4009 tempore
1272 3931 1304 3992 in
1325 3947 1394 3994 suas
1410 3932 1583 4010 provincias
1606 3949 1668 3995 non
1693 3935 1855 4009 redierint,

1109 4024 1187 4086 itaut
1209 4025 1371 4102 integrum
1396 4025 1552 4088 missionis
1579 4043 1652 4089 suae
1674 4043 1790 4090 munus
1811 4043 1859 4090 ao-

1111 4117 1237 4178 tualiter
1251 4133 1314 4180 non
1330 4118 1536 4196 expleverint,
1553 4119 1657 4182 statim
1673 4121 1778 4182 eadem
1795 4121 1857 4199 pri-

1111 4208 1234 4285 vilegia,
1258 4211 1390 4272 bonores
1413 4218 1443 4272 et
1464 4211 1677 4274 immunitates
1699 4213 1855 4288 amittant,

1111 4303 1282 4379 iisdemque
1303 4303 1416 4380 privati
1431 4309 1462 4364 et
1476 4302 1597 4382 spoliati
1615 4305 1679 4382 ipso
1701 4305 1779 4368 lacto
1794 4307 1857 4370 sint
1935 4375 1942 4389 ,

1111 4403 1141 4456 et
1170 4411 1236 4456 esse
1263 4395 1496 4472 intelligantur,
1525 4413 1721 4476 quacumque
1750 4399 1854 4470 causi,

1111 4488 1212 4550 colore
1237 4487 1287 4548 vel
1305 4495 1467 4565 praetextu
1490 4505 1552 4550 nen
1581 4490 1782 4552 obstantibus.
1818 4492 1857 4554 Et

1112 4579 1162 4656 ita,
1185 4588 1243 4642 etc.
1268 4579 1379 4642 Datum
1400 4579 1514 4642 Hamae
1536 4597 1573 4643 ex
1596 4581 1721 4644 aedibus
1743 4585 1857 4646 nostris

1111 4673 1166 4734 bac
1187 4673 1236 4734 die
1265 4687 1379 4732 xxvvu.
1404 4670 1550 4735 februarii
1578 4689 1688 4736 unccv.
1712 4709 1749 4720 —
1772 4676 1794 4736 l.
1818 4675 1854 4736 lt.

1111 4765 1280 4828 cardinalis
1292 4765 1488 4826 luventatis.
1502 4783 1520 4826 r
1537 4799 1575 4813 -
1591 4769 1669 4830 Loro
1683 4769 1704 4846 †
1717 4769 1832 4848 sigilli.

1151 4951 1218 5025 52.
1244 4949 1322 5013 cum
1354 4957 1478 5025 autem,
1501 4951 1580 5012 sieut
1602 4952 1701 5015 dictus
1727 4953 1856 5016 loannes
1922 4962 2086 5028 copxrmaxto

1111 5043 1266 5105 Antonius
1288 5043 1377 5104 nobis
1397 5043 1530 5106 subinde
1552 5046 1665 5122 exponi
1687 5045 1768 5119 lecit,
1792 5046 1856 5125 ipse
1875 5016 2088 5128 ξ’,ἓῗῖξᾏωῗῖξῗὲῖ

1111 5137 1272 5198 decretum
1287 5135 1476 5210 huiusmodi,
1490 5151 1551 5214 quo
1563 5137 1684 5199 firmius
1698 5139 1853 5212 subsistat,
1875 5125 1916 5168 ηε·

1110 5227 1292 5304 apostolicae
1312 5229 1556 5290 confirmationis
1580 5237 1703 5292 nostrae
1727 5231 1855 5308 patroci-

1111 5322 1163 5382 nio
1180 5320 1368 5382 communiri
1382 5333 1582 5399 summopere
1597 5321 1766 5385 desideret:
1785 5339 1853 5397 nos,

1110 5414 1204 5492 ipsius
1217 5414 1337 5475 loannis
1352 5413 1482 5475 Antonii
1495 5415 1574 5475 votis
1586 5415 1641 5477 bac
1653 5416 1685 5476 in
1700 5431 1746 5489 re,
1759 5432 1856 5493 quan-

1111 5513 1178 5567 tum
1200 5521 1272 5568 eum
1293 5507 1425 5567 Domino
1447 5521 1621 5584 possumus,
1645 5506 1855 5569 favorabiliter

1148 5775 1177 5830 (2)
1193 5773 1259 5818 Edit.
1275 5773 1351 5820 Main.
1367 5772 1432 5831 legit
1445 5777 1609 5819 mtnbterttr.

1148 5842 1178 5896 (³)
1192 5843 1247 5886 Vox
1261 5845 1308 5895 qut
1322 5840 1470 5887 redundans
1485 5839 1594 5886 videtur.
