4878 6982
123 572 180 627 An.
195 573 227 627 (l.
248 575 318 628 1697

347 709 482 774 videntia
498 711 607 790 Papam
622 712 687 776 llll.
701 713 729 774 ei
743 711 916 792 specialiter
930 711 1089 786 attributi,

347 804 540 884 infrascripta
571 807 712 881 decreta,
741 807 826 885 prius
855 806 887 868 in
914 804 1090 883 particulari

347 898 575 961 nonnullorum
597 915 635 961 ex
653 900 794 978 praelatis
809 897 1020 963 cardinalibus
1035 913 1090 977 per

348 991 546 1055 Sanctitatem
575 993 668 1056 Suam
696 993 854 1072 deputati,
877 999 908 1054 et
932 999 1034 1070 postea
1057 991 1089 1052 in

326 1085 484 1161 „generali
512 1086 689 1150 huiusmodi
719 1086 926 1151 cardinalium
955 1086 1091 1160 Congre-

321 1181 471 1255 ,eratione
493 1187 614 1242 mature
635 1189 666 1243 et
686 1188 825 1244 accurate
846 1180 989 1254 discussa,
1005 1193 1088 1240 reco-

348 1272 445 1349 gnita,
466 1274 639 1336 examinata
659 1274 765 1337 edidit.

111 1369 329 1470 etincssssia'ffgiig
387 1385 408 1428 1.
426 1368 460 1428 ln
472 1368 578 1447 primis
590 1369 778 1446 praeinserta
789 1367 909 1432 decreta
920 1381 992 1428 cum
1003 1379 1090 1444 prae-

111 1477 228 1522 ramrum
245 1477 330 1524 acere·
347 1461 447 1524 missis
474 1460 601 1524 illorum
628 1461 883 1526 declarationibus
910 1459 1088 1540 plenissime

109 1534 327 1632 fflffffl,¹⁰⁸⁰'
347 1563 377 1618 et
399 1555 586 1634 amplissime
606 1557 762 1636 approbat,
779 1555 939 1618 confirmat
954 1561 985 1616 et
1000 1553 1090 1614 inno-

347 1657 410 1724 vat,
433 1651 597 1728 omniaque
618 1659 647 1712 et
670 1649 791 1726 singula
808 1649 920 1710 ibidem
942 1651 1088 1710 contenta

346 1751 378 1806 et
397 1759 538 1823 expressa
559 1745 674 1808 iterum
689 1743 774 1806 omni
791 1742 911 1804 meliori
932 1740 1023 1804 motio
1038 1741 1090 1802 de-

346 1839 457 1914 cernit,
478 1839 603 1912 statuit,
626 1855 660 1899 ac
680 1837 717 1898 ab
740 1837 884 1898 omnibus
905 1844 936 1898 et
956 1833 1087 1911 singulis

345 1933 439 1996 etiam
459 1932 580 2010 speciali
605 1939 636 1994 et
657 1929 840 1993 individuali
868 1929 940 1992 notai
961 1944 1015 1990 seu
1036 1943 1087 1988 ex·

346 2028 503 2108 pressione
518 2026 620 2103 dignis
634 2025 759 2104 penitus
773 2023 929 2085 observari
941 2030 973 2084 et
988 2023 1086 2084 omni-

345 2120 454 2184 modae
475 2119 649 2183 executioni
664 2115 841 2180 demandari
856 2115 1004 2190 decernit,
1019 2131 1086 2178 san-

344 2215 386 2277 cit
405 2221 437 2276 et
457 2213 614 2292 praecipit.

124 2315 181 2376 ,na
197 2314 327 2362 modona·
386 2323 421 2369 n.
445 2307 574 2384 lnsuper
595 2314 630 2368 ut
652 2306 684 2366 in
701 2321 734 2367 re
750 2305 827 2366 tanti
850 2303 1000 2366 momenti
1015 2319 1087 2364 con-

111 2367 327 2480 ignnedffpdousiiigl
345 2401 468 2475 sultius,
491 2417 524 2462 ao
545 2399 666 2472 maiori,
689 2407 724 2460 ut
739 2415 792 2476 par
813 2405 869 2472 est,
885 2398 1086 2474 circumspec-

111 2485 261 2574 fflfm
269 2477 327 2522 ¹¹¹¹*
346 2494 430 2556 tione
450 2494 644 2572 procedatur,
659 2492 684 2553 si
705 2491 759 2570 qui
780 2491 882 2552 lorsan
903 2489 1021 2552 luerint
1035 2489 1085 2550 vel

344 2589 417 2664 sint,
440 2588 505 2666 qui,
527 2588 591 2650 suis
611 2587 713 2664 pravis
728 2593 758 2647 et
779 2583 918 2646 erroneis
938 2583 1086 2644 intentio-

344 2683 436 2744 nibus
465 2697 521 2744 seu
541 2679 738 2760 opinionibus
769 2678 900 2740 blandiri
933 2677 1084 2751 volentes,

343 2777 508 2839 missarum
528 2774 766 2838 celebrationem
787 2772 937 2834 omittunt
952 2771 1009 2833 sub
1022 2787 1085 2832 ma-

343 2869 443 2930 litiosi
463 2867 514 2929 vel
536 2866 736 2928 irrationabili
750 2881 803 2945 spe
820 2863 999 2925 earumdem
1013 2879 1086 2924 con-

343 2963 542 3026 donationem
563 2961 612 3022 vel
634 2959 849 3022 reductionem
871 2975 887 3020 a
909 2957 986 3022 Sede
1007 2960 1085 3036 Apo-

342 3055 448 3118 3131133
468 3054 519 3118 331
538 3053 793 3134 compositionem
814 3069 830 3112 a
851 3051 1022 3114 reverendi
1043 3051 1084 3111 ia-

342 3149 423 3212 brica
438 3149 467 3212 S.
479 3149 562 3212 Petri
576 3149 613 3209 de
625 3148 706 3210 Urbe
721 3147 897 3222 obtinendi;
912 3147 1085 3224 congrega-

343 3243 386 3304 tio
400 3241 531 3321 praeiata
547 3249 616 3304 tum
640 3241 774 3314 eosdem,
791 3248 858 3302 tum
873 3255 1085 3318 quoscumque

342 3335 427 3410 alios,
449 3337 503 3414 qui
524 3335 647 3414 posthac
668 3336 701 3397 in
723 3336 797 3396 adeo
820 3333 1013 3395 detestabiles
1034 3333 1083 3396 ab·

341 3447 416 3494 usus
436 3429 501 3492 ausi
522 3427 639 3490 inerint
659 3427 825 3500 offendere,
848 3425 995 3488 certiores
1016 3427 1083 3488 fieri

341 3533 372 3586 et
392 3522 527 3584 monitos
547 3536 612 3582 esse
632 3519 742 3592 voluit,
764 3517 912 3596 praelatas
932 3519 1084 3581 condona-

342 3619 441 3680 tiones
451 3624 481 3678 et
492 3613 686 3676 reductiones
697 3613 734 3674 ab
745 3613 851 3674 eadem
867 3611 945 3676 Sede
958 3613 1083 3674 nonnisi

341 3728 379 3774 ex
400 3707 573 3771 rationabili
595 3707 682 3768 causei
699 3723 753 3768 seu
774 3707 869 3784 aequa
890 3707 1083 3768 commisera-

339 3804 438 3876 tione,
461 3800 695 3878 compositiones
723 3815 798 3860 vero
819 3816 834 3858 a
856 3798 934 3859 dicta
960 3799 1099 3882 fabrici„

341 3901 450 3958 utente
470 3894 533 3956 suis
554 3892 748 3954 facultatibus
763 3899 793 3952 et
808 3891 989 3969 privilegiis,
1006 3908 1083 3954 non·

341 3987 459 4050 nisiex
490 3985 577 4048 causa
609 3986 722 4065 pariter
747 3984 937 4058 rationabili,
960 3991 1082 4047 etcum

340 4081 481 4144 clausulis
493 4079 685 4160 opportunis,
698 4086 728 4140 et
739 4079 920 4156 praesertim
931 4094 1003 4140 cum
1019 4079 1079 4140 itta:

340 4174 515 4236 Dummodo
531 4173 692 4236 malitiose
706 4188 770 4233 oon
785 4171 952 4234 omiserint
975 4172 1082 4234 animo

341 4267 476 4332 leobaudi
499 4267 763 4344 compositionem,
779 4265 864 4328 olicis
885 4266 1082 4344 933113331-

340 4365 369 4425 lo
390 4361 479 4423 modo
500 4359 719 4438 suffragetur,
742 4359 862 4420 admitti
888 4359 1083 4422 consuevisse

340 4463 370 4518 et
390 4455 499 4516 solere.
528 4453 734 4532 Quapropter,
757 4459 791 4513 ut
817 4452 900 4514 locus
925 4452 1027 4514 omnis
1049 4452 1080 4513 in

339 4555 498 4628 posterum
518 4548 601 4608 hisce
622 4546 830 4624 praetextibus
855 4545 1080 4624 praecludatur,

339 4649 508 4703 memorata
534 4639 740 4716 congregatio
771 4639 846 4700 tales
877 4638 1080 4711 intentiones,

340 4735 501 4812 opiniones
520 4749 575 4795 seu
593 4747 671 4810 spes,
687 4748 720 4793 ao
734 4731 1001 4810 eleemosynarum
1017 4731 1082 4792 sive

340 4828 373 4890 in
394 4834 458 4888 toto
485 4827 550 4888 sive
572 4826 604 4887 in
626 4831 712 4903 parte
743 4825 900 4886 versiones
926 4824 958 4886 in
985 4823 1081 4886 alium

339 4937 431 5000 qnam
452 4920 656 4998 praelatarum
677 4919 841 4980 missarum
856 4934 948 4980 usum
969 4934 1023 4980 seu
1038 4935 1083 4980 sa-

339 5013 554 5086 tisfactionem,
577 5019 607 5072 et
628 5027 837 5089 quascumque
858 5011 941 5086 alias,
954 5011 1082 5074 directas

339 5108 389 5170 331
417 5107 595 5179 indirectas,
623 5105 812 5168 immediatas
837 5105 887 5166 vel
916 5106 1080 5178 medietas,

338 5199 608 5266 contraventiones
635 5199 1004 5278 seulcircumventiones,
1031 5199 1081 5260 de-

338 5294 429 5357 clarat
450 5309 575 5372 prorsus
596 5291 829 5365 irrationabiles,
852 5293 979 5354 iniustas
1000 5301 1031 5354 et
1047 5292 1081 5353 il-

339 5387 446 5460 licitas,
462 5385 588 5462 illasque
604 5385 733 5446 omnino
748 5385 900 5463 reprobat,
913 5383 1038 5447 damnat
1051 5392 1081 5446 et

337 5479 503 5542 interdicit.

120 5595 228 5638 norece
248 5589 320 5634 oona
378 5575 591 5652 nedumque
619 5572 796 5634 huiusmodi
822 5571 950 5634 absurda
978 5589 1017 5634 ex
1044 5589 1081 5633 eo

102 5644 320 5746 iiafflsafffl
338 5667 524 5746 plerumque
545 5666 739 5744 proveniant,
756 5666 836 5743 quod
858 5681 953 5726 onera
975 5665 1080 5728 missa-

337 5775 411 5822 rum
433 5775 525 5838 supra
550 5759 631 5820 vires
654 5757 877 5836 suscipiantur,
900 5767 1082 5822 33333313-

284 5870 294 5892 ·
338 5867 427 5914 mnes
442 5859 472 5914 et
493 5851 608 5928 singuli
628 5857 774 5924 rectores,
790 5851 964 5928 superiores
979 5858 1009 5912 et
1024 5852 1082 5912 mi·

338 5945 427 6008 nistri
437 5959 707 6024 quarumcumque
718 5951 786 6006 tum
796 5945 998 6008 saecularium
1013 5951 1079 6008 tum

975 589 1184 638 innocentius
1206 592 1262 638 xil.

1812 573 1868 640 tro
1918 577 2016 632 133.
2037 578 2105 632 acer

1146 711 1337 787 regularium
1368 712 1583 789 ecclesiarum,
1605 729 1661 776 seu
1681 727 1788 776 earum
1809 713 1886 794 oapi·

1125 797 1127 802 ’
1146 805 1220 880 1313,
1238 821 1278 868 ne
1300 823 1404 883 onera,
1421 823 1475 870 seu
1490 808 1607 883 missas,
1624 815 1693 870 tum
1713 817 1885 888 perpetum,

1145 905 1211 960 tum
1228 900 1422 979 temporales,
1437 908 1503 964 tum
1519 901 1612 964 etiam
1627 901 1796 976 manuales,
1813 918 1889 980 qua·

1144 1008 1216 1054 rum
1238 993 1437 1056 satisiactioni
1459 995 1591 1074 impares
1605 995 1734 1070 luerint,
1750 1011 1887 1074 quoquo-

1145 1085 1235 1148 modo
1255 1087 1431 1166 suscipiant.
1462 1088 1566 1166 thue
1587 1088 1615 1150 id
1645 1090 1758 1169 ipsum,
1787 1091 1887 1168 quoad

1144 1179 1211 1240 lieri
1233 1181 1356 1258 poterit,
1380 1189 1490 1260 pateat,
1514 1188 1680 1244 teneantur
1700 1183 1794 1246 iidem
1814 1200 1887 1246 con-

1144 1272 1246 1346 ticere,
1268 1289 1451 1354 semperque
1472 1276 1505 1338 in
1520 1275 1585 1338 loco
1607 1275 1703 1352 magis
1723 1275 1841 1354 patenti
1855 1281 1886 1338 et

1144 1366 1234 1428 obvio
1255 1369 1392 1430 retinere
1413 1369 1555 1432 tabellam
1570 1385 1701 1431 onerum
1722 1377 1885 1448 perpetuo-

1143 1475 1213 1522 rum
1236 1469 1265 1522 et
1287 1461 1504 1540 temporalium
1532 1460 1645 1524 litteris
1666 1463 1834 1542 perspicuis
1855 1470 1885 1526 et

1144 1551 1389 1630 intelligibilibus
1410 1555 1648 1633 descriptorum:
1672 1571 1806 1634 quorum
1828 1556 1885 1618 im-

1143 1644 1299 1724 plemento
1310 1648 1336 1708 si
1351 1647 1507 1709 moraliter
1519 1657 1549 1710 et
1564 1649 1645 1710 intra
1662 1650 1885 1728 praescriptum

1142 1753 1197 1800 seu
1228 1739 1323 1801 breve
1348 1747 1470 1819 tempus
1496 1741 1668 1804 satisfacere
1696 1757 1760 1804 non
1785 1759 1883 1820 posse,

1142 1847 1197 1892 seu
1219 1830 1269 1892 illa
1297 1833 1454 1895 dumtaxat
1475 1841 1506 1894 et
1529 1850 1592 1895 non
1614 1834 1762 1896 ulteriora
1789 1837 1886 1899 adim·

1142 1924 1227 2002 plere
1248 1941 1334 2003 posse
1348 1926 1546 2001 crediderint,
1561 1943 1616 1990 seu
1630 1929 1756 1990 credere
1771 1929 1883 1992 debue-

1142 2018 1222 2096 rint;
1238 2017 1310 2080 alias
1324 2019 1443 2094 missas,
1458 2021 1524 2082 sive
1538 2029 1711 2100 perpetuas,
1727 2023 1793 2085 sive
1807 2031 1885 2084 tem-

1142 2111 1270 2190 porales,
1293 2113 1359 2174 sive
1379 2114 1547 2189 manuales,
1569 2129 1624 2192 per
1643 2131 1677 2178 se
1690 2115 1739 2177 vel
1762 2131 1817 2196 per
1836 2117 1883 2178 in-

1143 2205 1302 2283 terpositas
1322 2221 1482 2284 personas,
1509 2209 1725 2286 quoquomodo
1745 2209 1884 2287 recipere

1141 2313 1196 2360 seu
1217 2307 1372 2377 acceptare
1394 2300 1523 2362 omnino
1551 2301 1698 2364 desistant
1717 2317 1772 2364 seu
1794 2302 1884 2365 absti-

1142 2399 1251 2468 neant;
1275 2399 1305 2453 et
1326 2392 1456 2455 ulterius
1485 2393 1536 2454 tali
1556 2409 1626 2456 casu
1655 2393 1686 2456 in
1714 2396 1818 2458 eidem
1841 2403 1883 2458 ta·

1142 2486 1219 2548 bella
1240 2486 1383 2549 similiter
1403 2488 1589 2564 exprimant,
1611 2504 1644 2550 se
1665 2503 1698 2550 se
1722 2496 1883 2568 propterea

1141 2579 1207 2642 aliis
1228 2581 1328 2642 missis
1349 2581 1540 2660 acceptandis
1559 2589 1591 2644 et
1616 2582 1804 2646 celebrandis
1825 2585 1882 2647 im·

1141 2690 1228 2752 pares
1249 2691 1324 2736 esse.

1182 2785 1223 2829 rv.
1245 2769 1402 2848 iidemque
1426 2762 1591 2832 teneantur
1611 2769 1726 2848 pariter
1740 2771 1773 2834 in
1786 2789 1883 2836 sacra·
1953 2793 1989 2856 pe
2011 2791 2114 2840 onore·

1140 2862 1187 2924 rio
1208 2863 1283 2924 duos
1305 2861 1398 2924 libros
1425 2863 1578 2937 retinere,
1600 2880 1634 2925 ac
1655 2863 1687 2926 in
1709 2843 2112 2946 33333131·’,ζῗξζζιωῖξζῗΠΙΙῙΕ

1141 2963 1207 3017 tero
1227 2956 1350 3032 singula
1365 2971 1459 3018 onera
1480 2964 1628 3036 perpetua
1643 2964 1674 3020 et
1689 2959 1881 3036 temporalia,

1140 3049 1173 3110 in
1193 3047 1290 3110 altero
1312 3055 1417 3112 autem
1438 3050 1545 3112 missas
1566 3051 1742 3126 manuales,
1766 3059 1796 3115 et
1819 3061 1882 3116 tam

1139 3143 1266 3206 illorum
1287 3160 1380 3222 quam
1402 3145 1532 3208 istarum
1553 3145 1831 3225 adimplementum
1852 3156 1883 3212 et

1139 3237 1348 3314 eleemosynas
1374 3237 1518 3300 distinete
1539 3246 1570 3300 et
1591 3239 1759 3317 diligenter
1787 3257 1881 3304 anno-

1139 3337 1206 3392 tare
1225 3339 1256 3392 et
1276 3333 1465 3393 annotandas
1485 3347 1540 3394 seu
1561 3335 1736 3397 annotanda
1761 3351 1880 3410 curare,

1138 3422 1332 3501 singulisque
1362 3425 1450 3488 annis
1471 3427 1509 3488 de
1529 3427 1710 3504 supradictis
1735 3427 1882 3508 adimple-

1139 3517 1272 3591 mentis,
1305 3517 1510 3596 eleemosynis
1538 3529 1568 3582 et
1592 3520 1739 3582 oneribus
1767 3522 1883 3600 pariter

1139 3618 1275 3672 exactam
1297 3611 1449 3672 rationem
1460 3613 1522 3674 suis
1543 3613 1754 3691 superioribus
1775 3613 1883 3678 redde·

1139 3719 1184 3777 re,
1207 3721 1241 3766 ac
1261 3719 1368 3766 omnes
1394 3711 1425 3766 et
1449 3705 1586 3782 singutas
1613 3707 1747 3769 rationes
1776 3708 1884 3770 buius-

1138 3798 1221 3859 modi
1243 3798 1275 3858 in
1297 3797 1437 3874 praetatis
1465 3799 1636 3877 respective
1661 3800 1765 3875 libris,
1788 3802 1882 3864 simili

1138 3890 1336 3954 distinctione
1363 3899 1393 3953 et
1421 3891 1598 3968 diligentia,
1630 3900 1691 3954 tam
1719 3895 1882 3974 praelatio

1138 3984 1249 4062 quibus
1270 3984 1405 4046 rationes
1426 3985 1538 4046 debent
1559 3985 1657 4060 reddi,
1680 4003 1772 4064 quam
1793 4005 1886 4067 supe-

1138 4078 1235 4139 riores
1256 4077 1368 4156 quibus
1389 4075 1560 4140 reddendae
1582 4086 1688 4154 erunt,
1711 4081 1882 4145 describere

1137 4186 1193 4232 seu
1213 4177 1362 4232 annotare
1389 4170 1455 4233 sive
1475 4171 1688 4234 describendas
1713 4173 1764 4235 vel
1785 4191 1882 4238 anno·

1138 4264 1245 4325 tendas
1265 4265 1435 4342 respective
1455 4281 1575 4326 curare.

1178 4372 1207 4416 v.
1230 4356 1345 4430 Quibus
1370 4371 1492 4434 semper
1519 4357 1628 4433 salvis,
1652 4360 1782 4423 debeant
1804 4361 1883 4423 ulte-
1940 4377 1974 4424 o'c
1995 4377 2070 4436 capsa
2088 4391 2112 4424 ο-

1138 4450 1201 4510 rius
1216 4448 1373 4525 regulares
1388 4449 1533 4530 praedicti
1552 4467 1660 4514 omnes
1675 4460 1706 4514 et
1721 4469 1881 4532 quascum-
1900 4431 2111 4542 ,fflffl‘fffi

1137 4557 1197 4620 que
1219 4541 1430 4620 eleemosynas
1444 4550 1511 4606 tum
1526 4545 1719 4608 manualium
1730 4555 1799 4610 tum
1813 4563 1882 4626 per·
1900 4539 2070 4596 regularibus.

1138 4643 1303 4714 petuarum
1331 4643 1361 4698 et
1392 4637 1611 4716 temporalium
1638 4640 1802 4702 missarum
1834 4658 1882 4702 re-

1137 4743 1254 4807 ponere
1286 4730 1318 4790 in
1350 4729 1436 4808 capsi
1468 4731 1644 4808 particulari
1676 4733 1734 4796 sub
1764 4734 1880 4796 duabus

1136 4822 1291 4897 clavibus,
1321 4839 1453 4902 quarum
1485 4839 1548 4886 una
1568 4841 1663 4904 penes
1687 4827 1880 4906 superiorem

1137 4915 1275 4990 localem,
1288 4916 1382 4978 altera
1404 4933 1477 4978 vero
1492 4933 1586 4994 penes
1607 4919 1703 4981 alium
1718 4937 1733 4980 a
1748 4921 1880 5000 capitulo

1137 5009 1336 5072 conventuali
1357 5011 1568 5089 deputandum
1589 5012 1772 5088 retineatur,
1788 5031 1821 5076 ac
1842 5013 1880 5078 de

1137 5101 1246 5163 iisdem
1275 5102 1477 5182 eleemosynis
1499 5111 1528 5164 et
1549 5101 1755 5168 celebratione
1775 5107 1880 5169 missa-

1137 5211 1208 5256 rum
1229 5211 1332 5257 coram
1354 5197 1488 5274 patribus
1507 5195 1645 5260 discretis
1666 5215 1721 5261 seu
1742 5201 1879 5262 consilia-

1137 5287 1202 5362 riis,
1224 5289 1275 5350 vel
1295 5289 1353 5350 alio
1374 5289 1468 5352 simili
1489 5289 1579 5352 modo
1596 5292 1793 5370 nuncupatis,
1815 5294 1878 5356 sin-

1137 5381 1218 5458 gulis
1229 5383 1387 5446 mensibus
1401 5383 1571 5446 districtam
1588 5386 1740 5447 rationem
1755 5387 1879 5464 exigere

1137 5482 1167 5536 et
1188 5475 1359 5556 respective
1380 5479 1520 5540 reddere.

1176 5587 1219 5630 vr.
1242 5570 1326 5644 Quod
1347 5571 1376 5631 si
1401 5571 1563 5649 praedicti,
1587 5573 1623 5634 ad
1644 5589 1721 5651 quos
1746 5573 1813 5636 iura
1835 5581 1877 5636 ta·
1959 5603 2058 5649 poenae
2080 5602 2106 5648 a„

1137 5664 1243 5738 bellae,
1266 5680 1369 5743 capsae
1391 5673 1421 5727 et
1443 5664 1594 5726 librorum
1609 5666 1817 5744 praelatorum
1830 5683 1879 5728 re·
1897 5657 2108 5767 ξξξῑζῇζξῦᾗῇζζ

1135 5758 1271 5835 spective
1285 5759 1420 5836 pertinet
1434 5775 1488 5819 seu
1504 5759 1659 5837 pertinere
1675 5760 1774 5834 debet,
1791 5776 1877 5822 suam
1897 5765 1982 5810 mrsu.

1136 5865 1262 5929 operam
1283 5851 1468 5928 praemissis,
1491 5859 1526 5913 31
1547 5853 1731 5929 praefertur,
1746 5854 1877 5916 minime

1136 5945 1330 6020 navaverint,
1344 5951 1375 6008 et
1389 5945 1563 6027 superiores
1585 5953 1653 6009 tum
1673 5947 1877 6013 saecularium
