4880 6982
170 4003 325 4050 Exordium.

228 4940 352 4986 Rationes

124 5005 181 5049 pro
208 4993 351 5039 concessio·

125 5059 164 5094 ne
207 5046 350 5110 praedictae

126 5101 304 5147 extensionis.

1040 587 1181 642 (limbis
1202 589 1246 640 XI.

372 713 496 776 statutis
509 721 540 776 et
554 711 841 790 consuetudinibus,
858 715 1029 795 privilegiis
1042 733 1118 796 quo-
1172 719 1273 794 deret;
1296 717 1406 782 similis
1426 736 1501 782 vero
1521 720 1661 784 extensio
1680 720 1805 784 numeri
1820 721 1916 798 magi-

374 823 445 885 que,
469 807 596 870 indultis
617 815 647 870 et
668 809 778 872 litteris
799 811 970 888 apostolicis
992 811 1023 874 in
1045 828 1117 874 con·
1171 817 1308 873 strorum
1329 827 1385 890 pro
1414 813 1563 888 Permane,
1585 813 1737 890 Onitensi,
1761 813 1916 877 llexicana

373 901 511 962 trarium-
527 901 768 979 praemissorum
792 903 1022 982 quomodolibet
1045 919 1118 968 cen·
1171 909 1203 964 et
1225 903 1352 966 Sanctae
1371 904 1457 968 Fidei
1479 907 1646 984 provinciis
1671 907 1808 969 eiusdem
1829 906 1915 970 Ordi-

373 994 479 1070 cessis‚
511 995 700 1057 confirmatis
730 1003 761 1058 et
795 998 969 1075 innovatis3
1005 999 1117 1078 quibus
1172 995 1220 1058 nis
1241 995 1274 1058 in
1295 996 1376 1060 dioto
1397 998 1530 1077 capitulo
1556 999 1692 1076 generali
1714 999 1790 1064 lacta
1811 1017 1826 1059 a
1848 999 1915 1062 leli-

373 1089 516 1150 omnibus
536 1097 568 1150 et
587 1088 730 1166 singulis,
746 1089 872 1154 illorum
892 1099 1018 1154 tenores
1031 1109 1117 1172 prae·
1172 1089 1214 1152 cis
1234 1091 1453 1154 recordationis
1483 1092 1664 1156 Innocentio
1695 1093 1763 1169 xt,
1785 1092 1916 1156 Alexan-

371 1181 510 1244 sentibus
531 1196 586 1259 pro
607 1181 697 1260 plene
718 1189 749 1244 et
762 1183 953 1247 sufficienter
967 1187 1117 1263 expressis
1172 1183 1226 1244 dro
1248 1181 1326 1246 VIII.
1350 1189 1381 1246 et
1402 1185 1582 1248 Innocentio
1597 1187 1663 1250 llll.
1679 1186 1823 1250 RomanIs
1838 1187 1916 1250 Pon-

372 1291 406 1336 ac
426 1276 462 1337 ad
482 1275 613 1338 verbum
636 1275 759 1338 insertis
779 1277 940 1353 habentes,
962 1278 1024 1342 illis
1045 1279 1117 1339 aliis
1172 1273 1304 1338 titicibus
1325 1279 1606 1356 praedecessoribus
1627 1279 1751 1356 uostris,
1772 1287 1803 1343 et
1824 1297 1915 1344 ano·

372 1368 405 1429 in
426 1385 481 1430 sno
502 1369 612 1430 robore
637 1371 859 1448 permansuris,
881 1371 916 1432 ad
939 1371 1119 1450 praemisso·
1171 1369 1237 1445 bis,
1268 1386 1323 1448 per
1354 1372 1498 1449 quasdam
1529 1389 1640 1436 eorum
1669 1382 1701 1437 et
1733 1382 1851 1437 nostras
1882 1375 1915 1435 in

371 1477 444 1523 rum
470 1460 626 1536 ellectum,
650 1461 705 1524 bac
723 1463 793 1524 vice
812 1463 983 1537 dumtaxat,
1005 1463 1118 1542 specia·
1171 1462 1265 1524 simili
1286 1462 1383 1526 sormi
1404 1465 1510 1528 Brevis
1531 1465 1649 1528 litteras
1669 1467 1720 1530 die
1739 1482 1794 1528 xx.
1812 1467 1917 1530 ianua-

372 1555 444 1617 liter
474 1561 505 1616 et
535 1569 678 1634 expresse
709 1557 912 1634 derogamus;
944 1557 1117 1635 ceterIsque
1172 1557 1211 1618 rii
1233 1571 1470 1633 nocnxxxvru.,
1493 1557 1541 1619 die
1563 1575 1629 1622 xxx.
1649 1560 1716 1622 iulii
1731 1576 1866 1635 tuncne,
1886 1569 1916 1622 et

372 1647 534 1711 contrariis
554 1647 812 1729 quibuscumque.
1172 1650 1221 1713 dle
1232 1665 1346 1712 xxvnr.
1356 1651 1539 1730 septembris
1550 1670 1711 1730 nocxcn,
1724 1672 1756 1718 ac
1771 1656 1820 1718 die
1834 1670 1913 1716 nvn.

412 1743 480 1819 §b
504 1740 656 1806 Volumus
670 1751 775 1806 autem
789 1753 824 1807 ut
838 1745 1017 1807 earumdem
1031 1759 1116 1824 prae·
1171 1745 1275 1808 martii
1297 1762 1421 1808 unccn.
1446 1763 1462 1806 a
1483 1746 1571 1808 nobis
1598 1749 1769 1827 respective
1792 1749 1916 1827 expedi-

371 1838 508 1901 sentium
526 1837 701 1900 litterarum
716 1838 929 1916 transumptis,
944 1855 999 1901 seu
1014 1853 1117 1900 exem·
1172 1847 1227 1914 tas,
1250 1840 1411 1916 approbata
1433 1847 1463 1902 et
1484 1841 1662 1904 conbrmata
1693 1841 1804 1903 luerit:
1829 1842 1917 1904 nobis

372 1931 556 2011 plis,‘etiam
578 1931 746 2010 impressis,
768 1947 864 1993 manu
884 1931 1013 1993 alicuius
1032 1939 1116 1994 nota·
1171 1939 1331 2012 propterea
1353 1940 1543 2014 exponentes
1568 1935 1724 2014 praedicti,
1747 1943 1917 1998 asserentes

372 2025 410 2086 rii
432 2024 545 2104 publici
571 2024 762 2103 subscriptis,
788 2031 819 2086 et
839 2024 942 2102 sigillo
969 2039 1118 2103 personae
1172 2024 1204 2087 in
1226 2025 1378 2104 praedicta
1407 2044 1518 2090 eorum
1538 2027 1698 2106 provincia
1723 2027 1824 2092 studia
1844 2028 1917 2090 satis

372 2118 406 2180 in
428 2118 626 2182 ecclesiastica
647 2119 795 2196 dignitate
816 2111 1118 2180 constitutae'muni-
1171 2127 1269 2195 aucta,
1293 2135 1422 2199 eamque
1443 2137 1556 2198 magno
1575 2121 1793 2199 religiosorum
1807 2121 1917 2185 debitis

374 2211 423 2288 tis,
445 2210 550 2274 eadem
581 2227 707 2290 pmrsus
731 2212 805 2274 sides
829 2211 945 2290 ubique
965 2211 1115 2286 locorum,
1171 2213 1207 2274 ad
1228 2214 1481 2276 consecutionem
1503 2216 1613 2292 gradus
1628 2215 1798 2291 magisterii
1813 2215 1916 2293 requi-

372 2305 489 2366 tamin
511 2304 624 2368 iudicio
644 2321 737 2383 quam
758 2311 843 2366 extra
865 2303 941 2368 illud
956 2305 1124 2379 habeatur,

372 2413 451 2476 qnae
471 2397 543 2476 ipsis
558 2399 767 2476 praesentibus
783 2398 960 2472 baberetur,
975 2396 1117 2460 silerent

372 2490 528 2552 exhibitae
546 2491 598 2553 vel
617 2498 770 2554 ostensae.

411 2585 523 2648 Datum
544 2584 670 2660 Romae,
692 2587 771 2663 apud
790 2585 821 2648 S.
837 2585 976 2660 Petrum,
992 2585 1050 2648 sub
1064 2600 1117 2646 an-

373 2676 448 2738 nnlo
463 2677 631 2754 Piscatoris,
644 2679 693 2740 dle
709 2695 757 2740 ιιι.
774 2677 877 2757 aprilis
893 2693 1028 2753 nocer,
1040 2693 1118 2756 pon-

373 2771 504 2834 tificatus
525 2771 623 2833 nostri
643 2789 726 2835 anno
746 2787 777 2834 ιι.

673 3055 813 3120 ΧΧΧΙΙΙ.

374 3241 531 3305 Ostendit
558 3243 724 3306 securium
749 3259 921 3306 numerum
947 3244 1115 3321 magistre

412 3351 487 3397 rum
518 3337 559 3398 ed
591 3336 825 3400 duodenarium
860 3353 917 3416 pro
949 3335 1116 3414 pastorio

414 3428 556 3491 Citlcost'
581 3428 712 3493 Ordinis
731 3431 940 3494 cremitarum
957 3431 988 3493 S.
1007 3430 1117 3510 Augu·

413 3524 573 3604 senatu.

571 3695 756 3766 stertens
782 3695 841 3764 ΡΡ.
867 3695 912 3762 ill.

510 3819 546 3886 atl
568 3819 698 3887 loturam
720 3819 763 3886 rei
790 3821 970 3888 nenorlam.

411 3995 455 4058 lix
483 3997 624 4061 iniuncto
655 3997 743 4060 nobis
775 3995 926 4060 divinitus
956 3997 1113 4077 pastoralis

370 4089 585 4154 sollicitudinIs
606 4107 750 4166 munere,
772 4107 927 4154 sacrarum
949 4090 1115 4154 bonarum-

372 4199 432 4262 que
463 4183 637 4247 litterarum
668 4183 784 4260 studia,
816 4185 998 4262 praesertim
1030 4185 1113 4247 inter

371 4277 585 4341 christifideles
616 4277 729 4340 divinis
760 4277 914 4356 obsequiis
943 4277 1001 4340 sub
1027 4277 1114 4340 suavi

371 4370 530 4448 religionis
551 4371 623 4449 iugo
651 4371 796 4446 addictos,
819 4371 1001 4450 opportunis
1022 4373 1115 4434 ratio-

372 4463 462 4526 nibus
482 4463 625 4527 iovemus
646 4471 676 4526 et
697 4479 928 4542 promovemus,
951 4483 996 4542 ac,
1012 4473 1047 4528 ut
1062 4467 1112 4529 de-

371 4557 452 4619 bitus
480 4557 591 4620 virtuti
621 4557 721 4620 honor
752 4555 950 4636 rependatur,
980 4559 1114 4622 libenter

371 4649 582 4731 providemus,
604 4651 693 4724 sicut,
715 4651 859 4713 omnibus
880 4657 1019 4713 maturae
1040 4669 1112 4714 con·

369 4743 561 4806 siderationis
583 4743 701 4806 trutina
721 4743 892 4822 perpensis,
914 4743 1026 4807 ratIoni
1040 4759 1111 4807 con-

369 4843 553 4898 sentaneum
574 4851 641 4899 esse
661 4836 693 4898 in
715 4837 848 4899 Domino
869 4837 1064 4901 arbitramur.

409 4931 478 5006 §b
503 4931 643 5010 Cumque
674 4929 788 5008 itaque,
820 4929 900 4992 sicut
930 4929 1034 4993 dilecti
1057 4931 1112 4993 lilii

369 5021 478 5084 iratres
509 5021 684 5102 provinciae
715 5021 868 5084 Chilensis
890 5021 921 5084 in
944 5022 1038 5088 Indiis
1059 5023 1113 5087 Oc·

369 5113 584 5190 cidentalibus,
598 5113 719 5178 Ordinis
740 5113 942 5176 eremitarum
957 5113 990 5177 S:
1006 5117 1111 5193 nugu-

369 5206 454 5282 stini‚
470 5207 558 5270 nobis
573 5223 674 5286 nuper
687 5206 801 5285 exponi
816 5207 969 5282 iecerunt,
986 5209 1018 5269 in
1034 5209 1112 5288 capi-

369 5299 436 5362 tulo
455 5300 592 5378 generali
607 5300 680 5364 dicti
694 5299 815 5363 Ordinis
830 5315 912 5361 anno
927 5316 1109 5362 uoccxxxv.

370 5393 402 5456 in
423 5393 502 5456 almi
533 5393 616 5457 Urbe
646 5394 749 5456 nestri
779 5393 931 5456 celebrato
961 5401 1112 5458 statutum

369 5485 474 5564 luerit,
495 5494 532 5549 ut
551 5487 691 5550 senarius
720 5487 941 5564 magistrorum
962 5502 1112 5551 numerus

370 5581 402 5643 in
423 5581 591 5661 provinciis
611 5583 791 5644 earumdem
812 5581 970 5644 indiarum
987 5581 1024 5643 ad
1037 5584 1114 5646 duo-

370 5675 533 5737 denarium
560 5675 685 5738 extendi
706 5683 738 5737 et
758 5675 900 5754 ampliari
927 5675 1065 5751 deberet,
1087 5676 1112 5737 si

369 5767 464 5831 buius
485 5769 615 5835 Sanctae
636 5769 722 5834 Sedis
742 5769 867 5832 lacultas
887 5771 1017 5851 desuper
1031 5785 1112 5832 acce-

410 5987 441 6047 (l)
455 5989 493 6036 lix
506 5989 610 6046 Reqest.
625 5987 653 6036 in
668 5987 743 6035 arob.
759 5990 831 6036 Brea.

1171 2305 1237 2368 sitis
1258 2307 1468 2386 praeditorum
1488 2307 1533 2387 (2)
1555 2323 1689 2372 numero
1710 2307 1857 2370 refertam
1872 2324 1918 2373 es·

1170 2415 1214 2474 se,
1237 2398 1398 2462 humiliter
1418 2401 1581 2480 supplicari
1603 2401 1745 2464 lecerunt
1760 2409 1796 2464 ut
1809 2401 1866 2464 sibi
1883 2378 1915 2462 ib

1171 2491 1347 2569 praemissis
1367 2501 1542 2572 opportune
1561 2493 1726 2571 providere
1742 2501 1773 2555 et
1787 2500 1821 2556 ut
1836 2493 1916 2555 inlra

1172 2583 1335 2661 indulgere
1356 2586 1393 2648 de
1414 2586 1607 2664 benignitate
1627 2587 1790 2666 apostolici
1810 2587 1916 2664 digna·

1171 2693 1289 2740 remur.

1837 576 1896 646 279
1945 580 1999 636 Aa.
2012 579 2043 637 O.
2065 579 2134 636 1710

1212 2773 1231 2847 ἓ
1251 2773 1281 2834 2.
1304 2771 1366 2836 Nos
1383 2775 1490 2851 igitur,
1505 2776 1629 2838 eosdem
1642 2781 1834 2854 exponentes
1848 2791 1916 2854 spe-
1967 2789 2086 2836 extensio
2100 2801 2146 2836 nu-

1934 2843 1996 2887 meri
2012 2853 2054 2888 ma
2072 2845 2146 2891 istro·

1172 2864 1299 2928 cialibus
1313 2865 1469 2930 lareribus
1484 2876 1515 2931 et
1529 2869 1635 2945 gratiis
1650 2871 1794 2948 prosequi
1810 2868 1915 2932 volen-
1934 2905 1990 2940 rum
2013 2902 2042 2943 aa
2054 2854 2088 2943 In
2104 2909 2144 2945 rn-

1173 2965 1231 3034 tes,
1253 2965 1284 3020 et
1306 2974 1416 3022 eorum
1436 2961 1609 3038 singulares
1630 2978 1775 3041 personas
1809 2981 1826 3026 a
1847 2965 1914 3043 qui.
1935 2948 2010 2994 bibi·
2109 2977 2112 2985 ·

1171 3053 1277 3115 busvis
1298 3055 1641 3133 excommunitationis,
1658 3057 1867 3136 suspensionis
1881 3067 1914 3120 et

1172 3146 1340 3222 interdicti,
1361 3147 1490 3226 aliisque
1511 3148 1720 3212 ecclesiasticis
1739 3152 1913 3227 sententiis,

1170 3239 1310 3302 censuris
1329 3247 1361 3302 et
1387 3241 1506 3320 poenis,
1524 3259 1539 3304 a
1555 3243 1624 3305 iure
1644 3242 1696 3305 vel
1716 3243 1753 3306 ab
1774 3245 1913 3320 bomine,

1171 3333 1280 3410 quavis
1301 3333 1460 3396 occasione
1477 3333 1528 3397 vel
1548 3336 1637 3397 causat
1659 3335 1738 3410 latis,
1759 3336 1916 3416 siquibus

1170 3425 1402 3502 quomodolibet
1422 3427 1585 3490 innodatae
1605 3427 1755 3504 existunt,
1771 3429 1808 3491 ad
1826 3429 1914 3492 edec-

1170 3525 1239 3582 tum
1254 3520 1463 3600 praesentium
1478 3521 1638 3586 dumtaxat
1649 3523 1913 3601 consequendum,

1170 3611 1281 3674 barum
1302 3609 1382 3674 serie
1409 3610 1602 3676 absolventes
1624 3619 1654 3674 et
1676 3613 1827 3676 absolutas
1848 3613 1915 3676 lore

1169 3712 1341 3780 censentes,
1369 3704 1547 3767 huiusmodi
1574 3705 1846 3784 supplicatIonibns
1867 3707 1914 3769 in-

1169 3796 1284 3873 clinati,
1297 3797 1335 3860 de
1349 3797 1572 3861 venerabilium
1587 3799 1719 3862 lratrum
1735 3807 1914 3862 nostrorum
1996 3863 1999 3870 Δ

1170 3885 1533 3954 annemundum
1554 3892 1688 3970 negotiis
1709 3901 1740 3956 et
1761 3893 1915 3956 consulta·

1170 3983 1307 4046 tionibus
1327 3984 1549 4064 Episcoporum
1567 3993 1599 4046 et
1612 3985 1813 4064 Regularinm
1829 4004 1916 4066 prae·

1169 4077 1352 4156 positorum,
1370 4078 1423 4157 qui
1445 4078 1592 4142 dilectum
1607 4077 1707 4142 lilium
1723 4079 1914 4143 adeodatum

1169 4171 1268 4234 Nuzzi
1288 4173 1424 4250 priorem
1446 4171 1624 4248 generalem
1638 4171 1711 4236 dicti
1724 4173 1846 4238 Ordinis
1861 4191 1914 4238 au-

1168 4266 1326 4341 diverunt,
1357 4266 1497 4341 consilio,
1520 4274 1555 4328 ut
1576 4266 1613 4328 de
1641 4273 1744 4329 cetero
1773 4270 1914 4333 senarius

1168 4361 1265 4424 dictae
1275 4359 1451 4438 provinciae
1464 4359 1614 4423 Chilensis
1624 4361 1845 4439 magistrorum
1856 4380 1915 4427 nu·

1168 4470 1275 4517 merus
1295 4455 1331 4518 ad
1352 4452 1578 4517 duodenarium
1598 4455 1731 4533 (serrata
1752 4464 1857 4520 tamen
1879 4458 1913 4520 in

1168 4547 1295 4628 reliquis
1315 4549 1416 4626 quoad
1439 4547 1665 4626 promovendos
1687 4549 1723 4612 ad
1743 4551 1914 4628 magisterii

1168 4644 1299 4720 gradum
1319 4641 1417 4704 lormt
1438 4657 1492 4721 per
1516 4641 1693 4720 apostolicas
1714 4651 1746 4706 et
1766 4644 1839 4707 dicti
1860 4644 1914 4708 Or-

1167 4735 1247 4798 dinis
1262 4735 1498 4798 constitutiones
1513 4751 1571 4798 nec
1585 4751 1649 4798 non
1663 4737 1804 4815 specialia
1818 4738 1914 4818 ipsius

1168 4829 1343 4909 provinciae
1371 4827 1522 4892 Gbilensis
1549 4830 1671 4892 decreta
1697 4839 1728 4894 et
1749 4841 1914 4894 consuetu·

1168 4925 1256 4988 dines
1276 4921 1472 5003 praescripti)
1498 4929 1657 5000 augeatur,
1681 4925 1862 4988 auctoritate
1883 4943 1913 4987 a

1167 5017 1323 5098 postolica,
1345 5023 1454 5080 tenore
1474 5017 1696 5096 praesentium,
1715 5019 1913 5082 concedimus

1168 5120 1199 5174 et
1213 5111 1427 5190 indulgemus3
1440 5110 1521 5172 salva
1534 5117 1638 5174 tamen
1648 5127 1772 5191 semper
1783 5113 1816 5176 in
1828 5130 1913 5192 prae·

1167 5203 1912 5283 mIssisauctoritateCongregationiseorumdem

1169 5299 1389 5364 Cardinalium.

1207 5395 1226 5469 ἓ
1247 5393 1276 5454 3.
1300 5393 1518 5470 Decernentes,
1534 5392 1656 5456 easdem
1673 5404 1848 5474 praesentes
1863 5393 1913 5457 lit·

1168 5492 1249 5548 teras
1270 5488 1385 5562 firmas,
1402 5487 1514 5550 validas
1536 5496 1567 5550 et
1586 5487 1719 5551 efficaces
1734 5489 1867 5551 existere
1882 5496 1913 5551 et

1168 5577 1245 5655 iore,
1263 5596 1396 5658 suosque
1413 5579 1565 5659 plenarios
1580 5589 1611 5642 et
1625 5581 1763 5658 integros
1786 5581 1912 5644 allectus

1167 5673 1271 5735 sortiri
1292 5679 1323 5734 et
1341 5672 1493 5750 obtinere,
1509 5689 1542 5736 ac
1563 5673 1623 5736 illis
1644 5675 1680 5736 ad
1702 5689 1777 5752 quos
1797 5683 1911 5756 spectat

1167 5773 1199 5830 et
1219 5767 1367 5848 spectabit
1386 5767 1419 5830 in
1435 5767 1590 5844 futurum,
1606 5769 1638 5829 in
1654 5769 1797 5830 omnibus
1813 5775 1843 5831 et
1858 5785 1913 5850 per

1139 5987 1146 6044 l
1211 5985 1241 6043 (i)
1256 5985 1323 6033 Male
1337 5985 1398 6032 edit.
1414 5983 1490 6032 blein.
1506 5983 1572 6044 legii
1584 5987 1795 6040 praedictorum.

1958 5406 2101 5456 clausulae.
