4866 6980
370 549 424 602 Aa.
439 549 469 603 (i.
492 549 558 604 1679
608 549 647 613 31

587 689 638 752 vel
669 689 795 768 provisi,
822 690 857 752 ad
886 691 1112 770 praescriptum
1139 687 1333 752 constitutio-

587 799 680 859 num,
710 791 787 862 parf.
813 801 874 858 ιιι.,
903 800 967 862 ειρ.
992 801 1077 858 xxm,
1110 783 1180 859 59,
1203 782 1332 846 omnino

587 878 722 940 residere
744 867 926 954 teneantur;
955 885 1102 957 paterque
1135 877 1331 957 provincialis

585 985 641 1031 seu
662 979 764 1032 rector
784 973 961 1050 provinciae
975 972 1025 1033 vel
1046 972 1123 1034 alius
1144 971 1331 1050 quicumque

585 1065 739 1141 superior,
761 1066 819 1127 sub
841 1065 937 1144 poena
960 1065 1142 1144 privationis
1168 1065 1331 1142 utriusque

586 1157 669 1218 vocis
690 1173 745 1234 per
766 1158 1021 1238 quinquennium
1042 1160 1107 1236 ipso
1129 1157 1207 1221 facto
1228 1158 1332 1219 incor-

587 1249 693 1324 renda,
709 1251 825 1314 eisdem
840 1252 891 1313 vel
905 1253 995 1314 alicui
1012 1269 1120 1314 eorum
1137 1251 1225 1314 nullo
1240 1249 1331 1312 modo

586 1343 784 1406 residentiam
815 1345 994 1424 impediant,
1017 1345 1068 1406 sed
1091 1362 1143 1408 eos
1164 1345 1199 1406 ad
1221 1345 1262 1406 ita
1284 1360 1330 1404 re·

585 1433 750 1497 sidendum
775 1453 847 1499 cunr
869 1437 980 1500 effecto
1007 1437 1177 1516 respective
1197 1435 1332 1514 compel-

587 1527 666 1604 luni3
690 1537 732 1601 et,
754 1546 826 1592 cum
853 1530 970 1608 priores
991 1547 1046 1592 seu
1075 1529 1182 1590 vicarii
1213 1529 1330 1606 priores

585 1619 620 1680 ad
642 1621 813 1698 capitulum
835 1623 1023 1700 provinciale
1044 1623 1089 1684 ire
1104 1621 1229 1695 debent,
1245 1637 1330 1700 prae-

585 1713 684 1774 dictus
709 1715 906 1794 provincialis
926 1733 981 1778 seu
1010 1723 1112 1777 rector
1139 1714 1328 1793 provinciae,

585 1805 643 1866 sub
670 1808 776 1870 eadem
797 1811 893 1886 poenal
925 1809 1123 1888 privationis,
1146 1810 1184 1870 de
1209 1807 1330 1870 vicariis

585 1900 639 1977 qui
660 1902 864 1964 conventibus
886 1903 1011 1965 interim
1032 1903 1180 1982 praesint,
1203 1909 1330 1978 excepto

585 1993 677 2056 unico
703 2011 773 2056 casu
801 1995 834 2058 in
865 1995 1140 2058 constitutionibus
1159 2010 1328 2073 expresso,

585 2095 664 2164 part.
687 2103 748 2162 ιιι.,
771 2106 797 2151 c.
822 2105 890 2164 xx.,
913 2091 931 2164 5
954 2090 982 2164 f,
1006 2089 1094 2152 nullo
1116 2088 1207 2150 modo
1228 2086 1330 2166 prori-

585 2181 693 2256 deant,
715 2181 780 2256 sed,
809 2182 1011 2244 conformiter
1033 2184 1069 2246 ad
1096 2182 1329 2260 dispositionem

584 2273 724 2336 eiusdem
745 2291 771 2335 c.
796 2290 863 2350 xx.,
879 2276 904 2336 si
925 2275 1070 2354 praedicti
1091 2281 1266 2337 conventus
1279 2289 1330 2334 su·

586 2367 738 2444 perierem
750 2381 817 2428 non
833 2367 1009 2441 habuerint,
1032 2367 1138 2430 vicarii
1161 2367 1327 2443 eligantur,

585 2476 653 2534 nec,
674 2461 733 2522 sub
752 2461 859 2521 eadem
888 2463 984 2538 poena
1005 2460 1201 2540 privationis,
1228 2466 1328 2520 aucto·

585 2553 707 2615 ritatem
730 2560 760 2615 et
782 2554 972 2631 gubernium
999 2554 1216 2617 interinarium
1238 2568 1328 2630 supe-

584 2647 674 2709 rioris
686 2647 736 2708 vel
751 2648 784 2709 in
799 2648 866 2710 eius
880 2647 1054 2711 deficientia
1070 2647 1236 2726 praedictas
1250 2647 1329 2708 elec·

584 2740 683 2802 tiones
715 2740 837 2802 valeant
859 2741 1026 2818 impedire,
1049 2741 1099 2803 vel
1128 2757 1215 2802 secus
1235 2756 1329 2818 super

584 2833 632 2894 his
652 2835 761 2912 quovis
783 2837 874 2898 modo
894 2835 1026 2898 audeant
1046 2841 1208 2897 attentare.
1279 2829 1283 2841 “

394 2929 429 2973 1³⁰
450 2928 566 3028 ragjbvg
624 2943 704 2988 xxn.
727 2929 985 3007 Quotiescumque
1005 2929 1090 2991 iuxta
1104 2929 1328 3006 praescriptum

355 2991 567 3098 ῧῖἓῖῗιῗῃεοέηἶ-
585 3027 764 3082 nostrarum
787 3022 1045 3086 constitutionum
1067 3021 1209 3100 superior
1228 3019 1329 3081 localis

356 3088 397 3188 32¹
414 3093 567 3144 ”mm
585 3119 620 3180 ad
632 3115 766 3194 aliquam
777 3133 897 3178 causam
910 3117 959 3178 vel
969 3119 1130 3192 negotium
1142 3124 1329 3194 pertractan-

585 3212 659 3274 dum
672 3211 809 3290 patribus
823 3211 943 3273 consilii
965 3214 1010 3274 uti
1032 3212 1122 3274 debet
1142 3212 1240 3292 (inter
1254 3227 1329 3287 quos

585 3321 709 3384 semper
728 3305 947 3368 connumerari
962 3306 1074 3368 debere
1095 3307 1284 3368 declaramus
1299 3312 1329 3367 et

587 3400 789 3478 praecipimus
806 3399 981 3462 studiorum
996 3406 1139 3476 regentes
1154 3405 1184 3460 et
1199 3399 1329 3460 lectores

583 3509 686 3556 sacrae
712 3493 885 3570 theologiae
909 3499 940 3554 et
965 3493 1081 3554 artium
1110 3499 1171 3554 tarn
1196 3493 1329 3554 actuales

584 3603 678 3665 quam
692 3586 857 3666 iubilatos),
871 3594 945 3649 tunc
959 3601 1067 3648 omnes
1082 3594 1113 3650 et
1126 3586 1264 3663 singulos
1279 3602 1328 3665 pa-

585 3688 647 3742 tres
668 3679 855 3743 consiliarios
875 3688 946 3742 vota
961 3681 1092 3743 decisiva
1106 3681 1219 3744 babere
1233 3681 1330 3744 decla-

584 3773 1328 3854 rantes,decernimusquodsialiquiseorumpro

583 3868 802 3945 suffragatione
820 3871 935 3930 secreta
949 3869 1125 3931 instantiam
1140 3870 1257 3948 facerit,
1274 3888 1329 3950 per

584 3961 746 4024 ballotulas
766 3969 897 4024 secretas
918 3963 1047 4024 omnino
1068 3965 1131 4039 frat,
1148 3973 1178 4028 et
1194 3966 1328 4028 inomni

585 4064 714 4132 eventu,
738 4057 799 4118 nisi
822 4071 932 4118 eorum
957 4058 1056 4119 maior
1076 4073 1144 4136 pars
1165 4068 1328 4124 concurrat

494 4169 498 4180 ¹
583 4155 616 4209 et
635 4149 818 4224 consentiat,
839 4151 995 4212 sententia
1014 4151 1063 4212 vel
1078 4152 1226 4216 resolutio
1240 4155 1328 4216 nullo

584 4241 675 4304 modo
690 4241 729 4304 sit
744 4257 847 4320 neque
864 4242 1056 4319 intelligatur
1077 4243 1165 4322 facta,
1187 4249 1328 4325 superior

585 4353 670 4411 vero,
688 4337 746 4400 sub
760 4338 866 4415 poenis
887 4337 1069 4418 privationis
1091 4341 1255 4420 utriusque
1275 4360 1327 4406 vo-

583 4433 624 4495 cis
645 4447 700 4509 per
727 4432 981 4511 quinquennium
1001 4442 1033 4496 et
1055 4435 1207 4498 nullitatis
1234 4453 1326 4516 agen·

582 4525 694 4587 dorum
715 4525 781 4603 ipso
802 4525 881 4588 facto
903 4527 1110 4602 incurrendis,
1132 4543 1232 4609 neque
1253 4531 1329 4595 libe-

583 4635 650 4680 ram
671 4626 794 4696 patrum
820 4618 1074 4696 suffragationem
1101 4623 1255 4701 publicam
1277 4627 1326 4688 vel

583 4720 732 4774 secretam
744 4713 843 4775 valeat
854 4713 963 4792 quovis
981 4715 1071 4778 modo
1094 4717 1256 4796 impedire,
1274 4735 1328 4782 ne-

582 4823 643 4886 que
663 4808 844 4870 eorumdem
865 4817 935 4869 vota
950 4806 1066 4872 adeius
1086 4827 1213 4874 sensum
1225 4821 1327 4875 extor-

605 4917 688 4964 uere.

354 4997 418 5094 „133
424 4992 566 5095 5002221315
583 4917 603 4980 q
625 5011 717 5057 ιιιιιιι.
742 4995 864 5072 Siquis
885 4995 917 5057 in
939 5003 1098 5074 posterum
1118 5005 1223 5060 contra
1239 5017 1324 5062 suam

354 5102 512 5158 processioni.
585 5089 802 5169 professionem
827 5089 1010 5151 iudicialiter
1031 5091 1256 5167 reclamaverit,
1276 5094 1325 5155 vel

584 5185 621 5247 de
642 5183 708 5245 eius
729 5181 872 5244 nullitate
893 5183 1017 5257 dixerit,
1039 5201 1055 5244 a
1076 5201 1273 5264 quocumque
1284 5187 1328 5247 of-

585 5277 664 5350 fxcio,
687 5273 768 5353 quod
797 5289 852 5352 pro
874 5283 949 5338 tunc
974 5277 1130 5354 babuerit,
1161 5279 1227 5358 ipso
1249 5278 1326 5343 facto

582 5369 622 5430 sit
643 5369 800 5430 absolutus
826 5376 858 5430 et
879 5369 1033 5448 privatus,
1066 5371 1182 5452 liteque
1202 5390 1258 5436 seu
1279 5391 1326 5435 re-

567 5453 765 5523 clamatione
778 5463 910 5525 durante
924 5479 980 5526 nec
996 5481 1103 5526 vocem
1124 5468 1255 5528 activam
1269 5485 1327 5530 nec

582 5555 742 5632 passivam
755 5556 818 5617 ullo
840 5557 930 5618 modo
951 5557 1076 5633 lrabeat,
1092 5567 1133 5632 ct,
1149 5559 1186 5633 si,
1202 5561 1236 5621 in
1251 5576 1327 5638 quo-

582 5665 718 5728 cumque
736 5659 818 5712 statu
840 5667 958 5724 causae,
980 5651 1029 5712 rel
1051 5659 1118 5730 post
1138 5655 1325 5714 sententiam

582 5741 790 5819 definitivam,
803 5744 895 5804 etiam
908 5743 939 5803 in
952 5743 1119 5806 iudicatum
1133 5745 1323 5818 translatam,

583 5835 617 5896 ad
641 5846 772 5897 matrem
793 5853 880 5898 suam
908 5836 1094 5913 religionem
1115 5837 1215 5899 redire
1236 5838 1323 5913 velit,

583 5928 763 5994 charitative
794 5929 919 6008 quidem
951 5931 1128 6010 recipiatur,
1158 5931 1198 5994 ita
1221 5939 1323 5994 umen

1110 569 1173 616 ibn.
1198 568 1288 614 ΡΟΝΤ.
1312 565 1352 611 DE
1374 565 1403 611 P.
1427 566 1456 612 p,
1481 569 1563 614 PARS
1585 569 1605 612 1.

1678 523 1682 550 1

2164 554 2216 608 An.
2230 557 2263 608 0.
2289 555 2362 606 lom

1388 695 1433 762 ut,
1455 688 1492 762 si,
1516 688 1594 750 facto
1615 702 1758 766 processu
1780 687 1816 750 ad
1838 691 2060 770 praescriptum
2082 693 2131 756 de-

1386 782 1462 844 creti
1483 783 1541 846 sub
1562 799 1650 844 num.
1676 799 1762 844 xxxv.
1779 783 1856 848 infra
1875 784 1978 862 positi,
1995 785 2132 862 legitime

1387 875 1560 938 constiterit
1583 877 1719 940 indebite
1744 895 1778 940 ac
1804 877 1971 954 malitiose,
1995 888 2025 942 et
2047 895 2131 958 prae-

1387 970 1494 1030 sertim
1521 970 1556 1032 ad
1577 985 1609 1030 se
1637 970 1883 1034 subtrahendum
1904 988 1920 1030 a
1941 974 2131 1036 correctione

1386 1062 1564 1140 superioris,
1576 1069 1682 1126 contra
1703 1063 1925 1142 professionem
1940 1065 2130 1142 reclamasse,

1387 1155 1437 1216 vel
1459 1156 1496 1218 de
1517 1156 1583 1216 eius
1604 1156 1749 1218 nullitate
1770 1157 1894 1232 dixisse,
1916 1159 1940 1218 si
1966 1161 2131 1234 graduatus

1387 1249 1437 1310 vel
1457 1249 1595 1311 sacerdos
1617 1256 1738 1310 tantum
1770 1250 1882 1324 fuerit,
1905 1250 2007 1314 focum
2028 1252 2131 1314 novis-

1386 1343 1502 1404 simum
1523 1343 1606 1404 inter
1627 1343 1790 1420 graduatos
1811 1344 1861 1406 vel
1886 1347 2056 1408 sacerdotes
2077 1363 2132 1426 per

1387 1452 1505 1498 annum
1528 1437 1697 1514 respective
1718 1437 1837 1512 babeat,
1860 1445 1891 1500 et
1913 1439 2042 1517 utraque
2058 1458 2132 1503 voce
2214 1433 2217 1440 ’

1387 1537 1486 1592 careat
1507 1546 1562 1608 per
1583 1531 1762 1607 biennium;
1785 1532 1811 1592 si
1827 1547 1900 1594 vero
1916 1548 1979 1594 non
1993 1533 2131 1596 sacerdos

1386 1622 1452 1684 sive
1483 1624 1630 1700 clrorista,
1655 1631 1689 1686 ut
1710 1632 1837 1698 vocant,
1867 1623 1976 1698 fuerit,
2000 1641 2131 1704 poenam

1387 1716 1537 1791 gravioris
1557 1717 1664 1796 culpae
1685 1734 1740 1796 per
1761 1733 1862 1780 unum
1885 1733 2026 1782 mensem
2041 1719 2130 1782 susti-

1386 1816 1469 1882 neat,
1492 1808 1579 1869 etad
1601 1826 1702 1871 sacros
1722 1810 1864 1886 ordines,
1892 1812 2012 1874 etiamsi
2034 1812 2066 1874 in
2088 1812 2131 1872 eis

1386 1900 1524 1963 initiatus
1546 1901 1651 1976 fuerit,
1674 1919 1729 1981 per
1744 1905 1918 1968 triennium
1937 1905 2131 1968 nullomodo

1386 2000 1622 2072 promoveatur;
1645 2003 1687 2070 et,
1709 1997 1735 2056 si
1757 1998 1881 2060 tandem
1911 1998 2004 2060 laicus
2026 1997 2130 2072 fuerit,

1386 2085 1525 2147 eamdem
1537 2103 1667 2165 poenam
1680 2090 1831 2165 gravioris
1843 2090 1949 2170 culpae
1964 2106 2131 2169 perunum

1372 2195 1527 2240 mensem
1547 2181 1665 2256 subeat,
1689 2189 1719 2244 et
1741 2183 1843 2246 locum
1867 2184 2071 2248 novissimum
2087 2190 2131 2244 te·

1386 2279 1455 2333 neat
1478 2288 1532 2350 per
1553 2273 1727 2338 biennium.
1823 2295 1826 2306 ·

1424 2380 1512 2429 xxxv.
1549 2367 1628 2430 Cum
1663 2377 1749 2446 pater
1784 2369 2001 2446 provincialis,
2037 2369 2129 2432 etiam
2166 2365 2367 2475 aemmor‘gv‘ffi

1386 2466 1525 2537 tempore
1539 2459 1736 2536 visitationis,
1753 2461 1785 2522 in
1800 2462 2047 2540 quibuscumque
2061 2479 2129 2524 cau·
2148 2429 2222 2571 {iadis
2238 2527 2243 2536 ,
2262 2483 2367 2534 servam

1384 2553 1424 2614 sis
1444 2554 1586 2618 civilibus
1608 2555 1656 2616 vel
1678 2557 1890 2620 criminalibus
1917 2559 2054 2638 procedit
2074 2573 2129 2620 seu
2148 2528 2366 2637 {iaiioii'ofi‘ifm

1384 2649 1550 2724 procedere
1570 2649 1703 2713 intendit
1724 2647 2018 2730 ad'imponendum,
2037 2652 2130 2714 etiam

1384 2757 1438 2818 per
1458 2742 1646 2804 sententiam
1667 2744 1912 2821 declaratoriam,
1928 2762 2060 2825 poenam
2080 2745 2130 2808 vel

1384 2849 1496 2912 poenas
1517 2837 1675 2911 graviores
1696 2838 1878 2912 ordinarias,
1893 2839 2010 2902 scilicet
2031 2841 2130 2919 priva-

1385 2929 1479 2990 tionis
1500 2929 1583 2992 vocis
1601 2931 1716 2992 activae
1734 2931 1782 2992 vel
1797 2934 1943 3009 passivae,
1959 2934 2129 3010 dignitatis,

1385 3022 1549 3100 prioratus,
1572 3025 1751 3100 magisterii,
1774 3033 2023 3105 praesentaturae
2038 3027 2129 3088 officii

1387 3129 1493 3176 vocem
1514 3117 1645 3178 activam
1676 3119 1726 3180 vel
1746 3136 1853 3182 curam
1879 3120 2056 3183 animarum
2077 3122 2129 3182 ba-

1384 3209 1498 3285 bentis,
1515 3211 1712 3286 gravissimae
1726 3213 1844 3290 culpae,
1863 3215 2049 3291 triremium,
2066 3215 2129 3277 exi·

1385 3301 1418 3363 lii
1446 3320 1461 3362 a
1490 3305 1660 3382 provincii,
1690 3313 1839 3382 torturae,
1870 3305 2027 3385 infamiae,
2059 3325 2130 3388 apo-

1384 3397 1503 3472 stasiae,
1526 3397 1740 3476 conspirantis,
1763 3401 1868 3478 capitis
1887 3401 2067 3478 factionum,
2083 3405 2130 3466 in-

1384 3491 1637 3568 corrigibilitatis,
1666 3499 1696 3553 et
1727 3492 1861 3580 aliarum¹
1889 3495 2051 3572 similium,
2079 3496 2129 3558 vel

1384 3582 1675 3660 formidabiliorum,
1703 3594 1756 3648 aut
1783 3586 1941 3650 infamiam
1968 3605 2127 3668 personae,

1383 3685 1568 3753 conventus,
1591 3680 1767 3757 provinciae
1787 3681 1838 3742 vel
1859 3682 2018 3758 religionis
2039 3684 2129 3746 indu·

1384 3772 1534 3848 centium,
1557 3773 1687 3852 insuper
1708 3774 1740 3836 in
1761 3773 1823 3836 illis
1844 3778 1942 3838 causis
1963 3778 2129 3858 inquibus

1384 3873 1532 3928 tractatur
1553 3868 1590 3929 de
1603 3867 1782 3930 exclusione
1797 3869 1848 3931 vel
1866 3870 2061 3946 admissione,
2078 3887 2130 3933 va-

1383 3957 1501 4021 liditate
1522 3959 1573 4020 vel
1594 3960 1785 4022 invaliditate
1809 3961 1938 4026 alicuius
1959 3965 2128 4041 magisterii

1384 4052 1434 4114 vel
1455 4061 1715 4131 praesentaturae,
1738 4056 1772 4116 in
1798 4055 1864 4118 aliis
1893 4057 2047 4121 similibus
2078 4058 2127 4120 vel

1384 4145 1588 4223 gravioribus
1612 4154 1686 4210 tunc
1707 4148 1880 4227 praedictus
1901 4159 1986 4229 pater
2005 4153 2130 4230 provin·

1382 4239 1477 4315 ciafis,
1501 4255 1564 4302 non
1586 4247 1744 4319 tamquam
1765 4243 1916 4320 visitator,
1938 4261 1996 4308 nec
2010 4245 2068 4308 sub
2082 4263 2127 4308 ra-

1384 4333 1467 4394 tione
1488 4341 1519 4395 et
1539 4333 1725 4396 formalitate
1743 4335 1927 4399 visitationis
1947 4339 2018 4417 (etsi
2039 4355 2074 4402 ea
2095 4339 2127 4400 in

1382 4431 1451 4488 actu
1472 4426 1592 4502 fuerit),
1611 4429 1664 4490 sed
1685 4435 1845 4506 tamquam
1866 4429 1958 4494 iudex
1972 4431 2128 4512 (praesup

1383 4519 1487 4597 positis
1509 4529 1612 4584 tamen
1635 4523 1673 4585 de
1690 4523 1759 4584 iure
1772 4527 2067 4608 praesupponendis)
2082 4527 2127 4589 iu-

1382 4613 1532 4676 dicialiter
1558 4623 1589 4677 et
1616 4617 1779 4694 compilato
1809 4633 1964 4696 processu,
1986 4622 2130 4684 servatis-

1382 4727 1444 4790 que
1474 4711 1620 4773 omnibus
1650 4717 1681 4771 et
1711 4711 1842 4788 singulis
1876 4713 2128 4778 substantialibus

1383 4803 1502 4866 iudiciis
1523 4803 1698 4881 ordinariis,
1716 4806 1749 4868 in
1771 4823 1878 4869 earum
1898 4808 2129 4871 substantiatio-

1382 4915 1434 4974 ne,
1455 4898 1633 4974 cognitione
1654 4907 1684 4961 et
1705 4900 1967 4963 determinatione
1997 4902 2127 4964 omnino

1382 4993 1547 5072 procedere
1578 4999 1738 5070 teneatur·;
1761 4995 1838 5056 itaut
1860 5011 1950 5056 reum
1970 5012 2025 5058 seu
2046 5012 2125 5072 reos,

1382 5093 1474 5164 prout
1495 5087 1532 5149 de
1553 5087 1633 5162 iure,
1655 5088 1749 5149 etiam
1769 5087 1805 5148 ad
1825 5089 2015 5150 sententiam
2036 5089 2125 5166 citet3

1382 5185 1437 5242 eos·
1454 5181 1486 5243 in
1508 5181 1652 5243 omnibus
1673 5189 1703 5242 et
1723 5181 1855 5257 singulis
1885 5181 1949 5242 suis
1981 5181 2127 5259 legitimis

1382 5275 1623 5350 defensionibus,
1651 5274 1899 5337 excusationibus
1920 5281 1952 5337 et
1972 5277 2126 5358 exceptio·

1382 5368 1483 5443 nibus,
1506 5369 1600 5431 etiam
1631 5375 1737 5431 contra
1767 5369 1901 5432 iudicem
1927 5371 1977 5432 vel
1998 5372 2125 5447 iudices,

1383 5469 1492 5523 testem
1514 5463 1564 5526 vel
1594 5471 1697 5538 testes,
1719 5469 1810 5542 prout
1836 5462 1875 5524 dc
1901 5464 1981 5540 iure,
2004 5465 2125 5544 audiat3

1380 5556 1426 5618 eis
1456 5557 1611 5634 integram
1642 5557 1761 5634 copiam
1791 5572 1966 5634 processus
1999 5560 2125 5622 nomina

1381 5651 1508 5713 testium
1528 5657 1560 5712 et
1581 5651 1758 5712 consultum
1780 5649 1893 5711 babere
1913 5667 1986 5712 cum
2001 5654 2127 5716 advoca·

1382 5745 1419 5806 tis
1440 5761 1495 5806 seu
1523 5744 1718 5822 iurisperitis,
1741 5743 1834 5806 etiam
1861 5745 2078 5823 saecularibus,
2100 5749 2125 5809 si

1381 5837 1538 5915 petierint,
1555 5836 1768 5915 terminosque
1788 5836 1977 5900 sufficientes
1992 5855 2048 5918 pro
2062 5842 2126 5903 suis

1380 5929 1610 5992 defensionibus
1640 5930 1802 6007 concedat3
1834 5932 2009 5994 coniudices
2030 5934 2126 5996 verbo
