4866 6980
972 601 1180 650 innoanTlus
1203 601 1245 647 111.

336 727 466 790 finitorii
486 725 656 804 respective
674 722 779 798 luerit,
802 724 986 788 electionem
1006 743 1078 790 con-

336 822 490 883 firmatam
510 827 669 898 tamquam
687 819 806 882 nollem
823 819 976 884 declarare
997 823 1078 886 intra

335 915 503 995 praedictos
524 915 600 976 duos
621 929 743 976 menses
758 915 870 976 valeat:
896 917 971 979 etsi
992 933 1079 980 secus

335 1025 428 1088 super
449 1009 497 1069 bis
518 1007 585 1068 lieri
601 1005 651 1068 vel
673 1007 818 1070 attentari
840 1011 1017 1086 contigerit,
1034 1017 1078 1072 to-

338 1111 404 1166 tum
425 1102 466 1164 sit
486 1101 612 1163 irritum
627 1107 658 1162 et
680 1101 774 1162 inane
792 1103 856 1182 ipso
878 1101 956 1165 lacto
971 1112 1000 1165 et
1015 1105 1081 1166 abs-

336 1213 397 1275 que
417 1195 474 1257 alia
494 1194 711 1270 declaratione,
728 1203 835 1258 ettam
850 1204 936 1276 pater
956 1199 1082 1275 provin·

336 1290 419 1352 cialis
432 1305 525 1367 quam
547 1288 725 1351 definitores
745 1305 877 1368 poenam
900 1290 1080 1368 privationis

337 1384 499 1460 utriusque
513 1381 596 1443 vocis
611 1397 666 1460 per
677 1382 929 1460 quinquennium
944 1383 1008 1462 ipso
1022 1383 1082 1444 lac·

337 1485 368 1538 to
390 1476 560 1538 incurrant.

155 1574 195 1617 De
216 1572 247 1618 iis
265 1572 320 1634 ‹nl-
378 1585 448 1630 xvn.
483 1567 635 1630 Volumus
673 1569 799 1646 insuper
828 1576 859 1632 et
886 1568 1081 1632 decernimus

96 1623 150 1670 bus
174 1627 320 1680 provincia·

96 1677 131 1723 us
151 1689 185 1724 se
206 1680 320 1736 ingerere
339 1663 421 1740 quod
441 1668 526 1739 pater
546 1661 743 1739 provincialis
764 1662 797 1722 in
819 1663 1024 1724 attinentibus
1045 1663 1080 1723 ad

96 1734 206 1788 nequit.

339 1755 471 1834 primam
483 1754 663 1816 instantiam
677 1763 709 1816 et
723 1755 912 1831 gubernium
924 1755 1083 1817 immedia-

341 1859 406 1914 tum
429 1856 459 1910 et
487 1849 678 1910 ordinarium
710 1849 907 1927 superiorum
938 1849 1081 1911 localium

339 1943 426 2006 nullo
446 1943 538 2005 modo
552 1958 584 2004 se
598 1941 807 2004 intromittere
821 1943 926 2021 possit,
948 1951 1082 2022 praeter-

340 2053 433 2114 quam
455 2037 488 2098 in
509 2035 628 2097 casibus
649 2052 664 2095 a
686 2035 755 2096 iure
768 2035 943 2114 permissis3
965 2036 1015 2097 cui
1037 2035 1084 2096 in-

338 2145 432 2208 super
451 2128 672 2208 praecipimus,
700 2128 758 2190 sub
778 2131 876 2205 poeni
903 2129 1083 2208 privationis

339 2224 422 2286 vocis
436 2223 552 2285 activae
566 2229 597 2283 et
611 2221 746 2300 passivae
760 2233 816 2300 per
830 2221 1082 2300 quinquennium

340 2319 403 2396 ipso
424 2316 503 2378 lacto
516 2315 713 2391 incurrendi,
729 2331 769 2376 ne
784 2315 1082 2377 administrationem

339 2409 555 2488 praediorum,
578 2407 737 2472 fructuum
759 2416 790 2470 et
814 2409 991 2471 reddituum
1013 2423 1085 2468 con-

340 2509 493 2565 ventuum
516 2503 724 2580 undequaque
744 2502 1009 2578 provenientium,
1030 2516 1085 2579 per

340 2613 372 2658 se
393 2595 443 2658 vel
464 2613 521 2675 per
541 2595 626 2670 alios,
650 2595 765 2658 directe
779 2595 829 2656 vel
850 2595 1010 2669 indirecte,
1026 2595 1085 2656 sub

334 2691 427 2755 nullo
447 2695 621 2769 praetextu,
644 2689 763 2750 motivo
777 2687 827 2750 vel
843 2689 944 2764 titul0,
966 2689 1023 2750 sibi
1038 2705 1085 2748 ar-

342 2800 450 2861 rogare
470 2798 525 2844 seu
546 2782 719 2845 adiudicare
739 2781 863 2843 audeat:
888 2782 969 2859 quod
984 2782 1021 2856 si,
1037 2781 1087 2844 in-

341 2885 390 2940 ter
409 2877 608 2950 visitandum,
631 2875 806 2950 regularem
828 2875 877 2936 vel
898 2874 1085 2937 saecularem

341 2970 622 3032 administratorem
653 2967 767 3046 praedii
805 2967 856 3028 vel
890 2969 1085 3045 praediorum

341 3061 567 3126 removendum
587 3062 676 3124 iustis
697 3077 734 3122 ex
755 3061 852 3123 causis
874 3061 1043 3134 invenerit,
1055 3069 1086 3122 et

342 3172 414 3219 cum
434 3155 546 3218 ellectu
577 3161 754 3227 removeat,
776 3161 871 3228 tunc,
898 3153 955 3216 sub
978 3152 1085 3215 eidem

342 3251 440 3329 poeni
460 3247 640 3328 privationis
669 3248 768 3321 vocis,
794 3247 896 3309 eidem
916 3247 996 3326 patri
1018 3263 1088 3326 pro-

342 3342 466 3405 vinciali
486 3341 677 3414 inhibemus,
700 3355 741 3402 ne
761 3341 794 3401 in
815 3340 992 3418 provisione
1013 3341 1086 3401 novi

343 3433 598 3497 administratoris
618 3431 683 3494 ullo
710 3433 802 3494 modo
821 3448 854 3501 se
875 3433 1007 3508 ingerat,
1034 3434 1086 3494 sed

342 3531 505 3592 certiorem
530 3527 618 3589 laciat
644 3525 837 3605 superiorem
862 3526 989 3588 localem
1016 3543 1087 3590 con-

343 3632 457 3686 ventus
476 3619 513 3681 ad
533 3633 627 3700 quem
641 3619 701 3681 tale
722 3620 882 3698 praedium
895 3635 950 3682 seu
965 3619 1087 3699 praedia

343 3723 492 3796 spectant,
516 3721 550 3775 ut
572 3713 636 3793 ipse
662 3713 803 3790 superior
830 3712 933 3775 localis
958 3715 995 3776 de
1016 3729 1088 3776 con-

343 3825 435 3872 sensu
455 3816 578 3886 patrum
600 3805 717 3868 consilii
739 3806 777 3868 de
797 3805 856 3868 alio
877 3823 932 3868 seu
950 3807 1017 3868 aliis
1038 3807 1089 3868 ad-

345 3899 604 3964 ministratoribus
615 3900 784 3978 provideat.
801 3899 836 3962 ln
851 3917 920 3962 casu
931 3907 1087 3978 praeterea

345 4011 406 4074 quo
427 4011 443 4054 a
464 3993 643 4071 gravamine
663 3993 775 4071 prioris
796 3993 896 4055 localis
911 3992 946 4054 ad
969 4001 1086 4073 patrem

345 4087 568 4168 provincialem
591 4085 753 4164 appellatio
779 4086 1005 4166 interponatur,
1035 4101 1089 4147 vo-

346 4180 450 4244 lumus
478 4187 509 4241 et
540 4179 728 4242 declaramus
759 4179 936 4242 huiusmodi
967 4195 1087 4242 causam

345 4291 361 4335 3
381 4281 467 4354 patre
487 4271 670 4352 provinciali
691 4279 721 4334 et
742 4272 956 4334 definitoribus
979 4273 1088 4335 saltem

345 4369 378 4429 in
399 4366 531 4446 capitulo
552 4366 671 4446 privato
702 4367 796 4428 etism
821 4367 902 4429 intra
929 4367 1087 4442 bimestre,

345 4475 409 4522 non
432 4469 535 4522 tamen
549 4465 617 4537 post
631 4459 879 4536 recognitionem
896 4461 990 4538 patris
1004 4475 1090 4539 prae·

346 4554 488 4629 sidentis,
520 4561 613 4632 prout
634 4553 672 4615 de
700 4553 768 4616 iure
795 4554 1037 4629 cognoscendam
1058 4559 1089 4614 et

346 4646 610 4711 determinandam
632 4662 712 4708 esse:
736 4654 768 4708 et
787 4646 812 4708 si
827 4662 914 4708 secus
935 4647 1089 4726 superbis

347 4741 414 4802 lieri
435 4739 484 4802 vel
505 4739 650 4802 attentari
669 4739 845 4816 contigerit,
865 4745 968 4802 totum
988 4741 1028 4800 sit
1049 4740 1090 4800 ir-

346 4833 443 4896 ritum
470 4839 501 4895 et
529 4833 621 4894 inane
646 4831 712 4911 ipso
738 4832 817 4895 lacto
842 4841 873 4896 et
893 4833 1007 4912 absque
1032 4831 1089 4894 alii

347 4925 560 4989 declaratione.

120 5025 330 5137 ffiiiffiiiissnss
371 5035 452 5123 ‘xlv
470 5019 653 5081 Generalem
667 5019 801 5098 aliquam
812 5019 860 5082 vel
874 5019 1089 5098 particularem

119 5135 259 5190 pmvvoeun
291 5113 557 5180 musitationem
578 5120 664 5191 pater
682 5113 881 5191 provincialis
903 5115 961 5176 sub
982 5114 1090 5192 quovis

117 5187 208 5234 ciendi.

348 5215 508 5286 praetextu
523 5206 572 5268 vel
583 5206 701 5268 motivo
712 5206 811 5270 iacere
823 5223 885 5269 non
898 5208 991 5285 possit
1006 5223 1090 5286 prae·

350 5307 396 5361 ter
417 5299 491 5362 duas
511 5299 703 5362 visitationes
726 5299 886 5377 generales
907 5301 1001 5362 totius
1022 5315 1092 5378 pro-

348 5393 484 5468 vinciae,
512 5409 586 5471 quas
607 5393 688 5454 intra
717 5393 974 5471 quadriennium,
996 5409 1092 5455 unam

346 5486 463 5548 scilicet
483 5485 608 5562 singulo
629 5487 757 5549 biennio
778 5487 826 5548 sui
841 5487 1090 5566 provincialatus,

347 5578 447 5642 iacere
468 5580 574 5641 debet:
598 5580 669 5642 istas
690 5595 766 5641 vero
787 5580 819 5642 in
841 5585 996 5642 conventu
1021 5579 1092 5654 Qui-

348 5673 428 5735 tensi
456 5672 538 5734 intra
566 5673 744 5752 quindecim
775 5673 908 5747 dierum,
936 5679 966 5733 et
987 5673 1092 5748 singu·

348 5765 385 5827 lis
405 5765 472 5828 aliis
492 5767 709 5840 conventibus,
731 5765 890 5841 doctrinis,
908 5781 941 5829 ac
962 5765 1093 5844 praediis

349 5859 431 5920 intra
451 5859 557 5922 decem
578 5859 701 5922 dierum
724 5859 893 5922 terminum
908 5859 1091 5922 concludere

349 5952 479 6026 omnino
505 5959 665 6036 teneatur;
691 5953 773 6016 intra
802 5969 895 6032 quem
921 5953 1091 6018 terminum

1132 727 1158 787 si
1179 724 1313 802 aliquem
1334 725 1526 804 superiorem
1542 724 1669 788 localem
1689 735 1815 806 propter
1830 743 1877 790 ca-

1133 838 1184 884 sus
1206 821 1237 882 in
1258 819 1530 882 constitutionibus
1559 836 1716 898 expressos
1746 819 1876 898 dignum

1133 913 1334 994 suspensione
1355 915 1522 990 invenerit,
1545 915 1689 977 eumdem
1711 915 1804 977 etiam
1825 931 1879 976 en-

1135 1007 1368 1072 traiudicialiter
1399 1008 1568 1086 procedens
1595 1014 1626 1068 et
1648 1008 1683 1069 ad
1712 1008 1878 1087 praescrip-

1135 1109 1202 1164 tum
1215 1102 1440 1181 praedictarum
1451 1103 1720 1176 constitutionum,
1731 1105 1876 1180 partun,

1135 1211 1282 1274 caparra,
1305 1195 1324 1270 5
1347 1195 1395 1272 ld,
1418 1202 1449 1256 et
1469 1213 1532 1274 cap.
1558 1211 1641 1271 nur,
1664 1195 1683 1270 ἓ
1707 1195 1754 1269 17,
1778 1195 1814 1256 ab
1835 1195 1879 1257 ol-

1136 1291 1205 1352 dcio
1226 1288 1414 1368 suspendere
1435 1290 1561 1368 poterit:
1591 1287 1673 1367 quod
1694 1289 1718 1350 si
1740 1289 1772 1350 in
1793 1304 1877 1366 prae-

1136 1383 1223 1446 dictis
1245 1383 1472 1444 visitationibus
1493 1382 1660 1445 summarie
1675 1382 1724 1444 vel
1739 1382 1811 1442 alids
1833 1383 1881 1444 in-

1135 1476 1241 1537 veniat
1262 1476 1395 1554 aliquem
1417 1477 1611 1555 superiorem
1633 1477 1683 1538 vel
1699 1475 1879 1538 interiorem

1136 1569 1169 1630 in
1202 1585 1395 1647 quecumque
1422 1570 1508 1630 causi
1536 1569 1618 1632 civili
1650 1569 1699 1630 vel
1727 1569 1880 1631 criminali

1137 1661 1320 1724 iudicialiter
1346 1668 1376 1723 31
1398 1661 1561 1740 compilato
1588 1677 1731 1740 processu
1756 1662 1880 1724 audien·

1137 1755 1211 1816 duro
1234 1769 1309 1830 esse,
1333 1761 1419 1828 tunc,
1444 1763 1599 1833 tamquam
1628 1755 1721 1817 iudex
1743 1761 1773 1818 et
1794 1763 1881 1816 extra

1138 1845 1356 1909 formalitatem
1367 1848 1563 1922 visitationis,
1573 1863 1693 1910 causam
1704 1848 1754 1908 vel
1766 1863 1879 1922 causas,

1138 1947 1207 2003 tum
1222 1940 1302 2002 intra
1317 1947 1384 2004 tum
1400 1949 1486 2002 extra
1501 1939 1692 2018 praedictum
1709 1941 1882 2003 terminum

1139 2034 1342 2109 visitationis,
1371 2041 1463 2111 prout
1485 2035 1521 2096 de
1543 2035 1626 2109 iure,
1650 2041 1822 2111 cognoscat,
1846 2035 1882 2097 ad

1139 2128 1362 2206 praescriptum
1390 2127 1506 2190 decreti
1534 2128 1591 2189 sub
1612 2143 1701 2190 num.
1725 2144 1812 2189 xvvv.
1837 2127 1883 2189 in-

1139 2220 1292 2299 lrapositi:
1316 2221 1354 2283 de
1384 2221 1482 2282 causis
1504 2236 1594 2296 vero,
1618 2221 1737 2284 iudiciis
1759 2221 1810 2282 vel
1830 2237 1885 2282 ne-

1140 2313 1232 2389 gotiis
1255 2320 1320 2375 tum
1343 2313 1485 2375 civilibus
1503 2323 1567 2376 tum
1590 2313 1799 2376 criminalibus
1812 2313 1883 2375 aliis

1140 2407 1291 2482 iudicatis,
1300 2407 1451 2469 conclusis
1463 2407 1513 2470 vel
1525 2407 1749 2483 determinatis,
1762 2421 1882 2470 necnon

1140 2498 1178 2560 de
1199 2500 1445 2578 quibuscumque
1470 2500 1634 2562 sententiis
1655 2501 1688 2561 in
1716 2500 1883 2563 iudicatum

1141 2593 1311 2667 transactis,
1324 2594 1486 2671 praecipue
1496 2593 1700 2668 absolutoriis,
1711 2594 1882 2673 inquirere,

1144 2701 1221 2747 eave
1241 2701 1384 2762 movere,
1413 2687 1560 2749 suscitare
1581 2687 1631 2748 vel
1652 2703 1883 2763 recognoscere,

1142 2779 1233 2840 etiam
1255 2781 1290 2841 ad
1311 2780 1489 2842 instantiam
1501 2781 1606 2857 partis,
1623 2780 1802 2842 nullatenus
1816 2797 1883 2860 pos-

1140 2873 1190 2933 sit.
1214 2873 1290 2934 ltem
1312 2888 1368 2952 per
1387 2889 1420 2935 se
1440 2873 1523 2934 solus
1537 2879 1601 2934 tam
1622 2873 1704 2936 intra
1725 2890 1818 2952 quam
1833 2891 1884 2935 ex-

1140 2973 1188 3026 tra
1203 2966 1373 3028 terminum
1385 2967 1555 3044 praedictae
1565 2967 1752 3029 visitationis
1766 2975 1884 3046 patrem

1142 3057 1288 3139 aliquem,
1310 3059 1359 3121 cui
1382 3075 1420 3120 ex
1442 3061 1538 3136 gradu
1559 3059 1610 3121 vel
1631 3061 1730 3123 olilcio
1745 3077 1798 3122 seu
1813 3061 1885 3122 aliis

1142 3167 1203 3213 vox
1224 3152 1321 3214 activa
1343 3153 1375 3213 in
1397 3153 1538 3231 capitulis
1565 3153 1805 3231 provincialibus
1830 3171 1885 3216 seu

1142 3245 1175 3306 in
1196 3243 1262 3306 aliis
1283 3243 1527 3323 quibuscumque
1542 3245 1744 3308 electionibus
1765 3261 1886 3326 compe·

1141 3345 1196 3414 tat,
1219 3339 1372 3416 praedicta
1393 3354 1479 3414 voce,
1497 3340 1593 3414 gradu
1608 3339 1658 3400 vel
1680 3340 1778 3401 ollicio
1793 3341 1886 3401 etiam

1142 3447 1197 3510 per
1217 3433 1405 3493 sententiam
1426 3431 1658 3493 declaratoriam
1679 3433 1812 3510 privare,
1834 3439 1887 3496 aut

1142 3524 1234 3588 titulo
1263 3525 1489 3603 suspensionis,
1523 3523 1573 3586 vel
1603 3525 1660 3587 sub
1691 3541 1888 3604 quocumque

1143 3619 1260 3680 motivo
1282 3617 1331 3678 vel
1353 3624 1527 3696 praetentu,
1544 3617 1637 3680 etiam
1654 3621 1735 3696 quod
1751 3635 1822 3682 reus
1836 3617 1887 3680 vel

1143 3718 1332 3789 processatus
1353 3710 1475 3784 existat,
1491 3709 1527 3772 ab
1542 3711 1647 3772 eidem
1668 3725 1753 3786 voce,
1777 3711 1885 3788 gradu,

1143 3803 1242 3865 officio
1262 3804 1312 3865 vel
1334 3803 1495 3878 electione,
1518 3804 1633 3868 directe
1654 3804 1705 3867 vel
1725 3803 1886 3881 indirecte,

1143 3897 1275 3959 mediate
1286 3897 1335 3957 vel
1350 3897 1529 3960 immediate
1543 3898 1706 3960 excludere
1722 3897 1808 3961 nullo
1822 3913 1887 3960 mo-

1143 3991 1181 4053 do
1203 3991 1311 4068 possit:
1335 3992 1387 4052 sed
1408 3991 1432 4051 si
1448 3991 1598 4070 praedicta
1619 4008 1705 4067 voce,
1729 3993 1825 4068 gradu
1837 3991 1887 4053 vel

1143 4083 1242 4145 oiltcio
1269 4090 1395 4163 propter
1420 4085 1636 4163 quodcumque
1661 4086 1816 4147 motivum
1837 4085 1887 4147 vel

1144 4191 1266 4238 causam
1286 4193 1390 4239 carere
1414 4178 1540 4253 debeat,
1563 4185 1654 4254 tunc,
1676 4178 1803 4240 servatis
1825 4195 1887 4240 ser·

1144 4271 1271 4345 vandis,
1301 4285 1356 4348 per
1386 4271 1574 4334 sententiam
1605 4272 1887 4335 condemnatoriam

1144 4363 1192 4424 vel
1215 4363 1456 4440 declaratoriam,
1479 4381 1495 4424 a
1517 4365 1692 4427 definitorio
1711 4365 1821 4427 saltem
1842 4382 1888 4426 ca·

1143 4457 1234 4537 pituli
1254 4465 1347 4537 prout
1373 4460 1411 4521 de
1432 4459 1500 4519 iure
1520 4457 1694 4536 terendam,
1717 4457 1888 4536 respective

1144 4551 1287 4631 privetur
1316 4551 1368 4613 vel
1399 4548 1537 4630 piivatus
1567 4551 1755 4628 declaretur,
1778 4560 1831 4615 aut
1852 4551 1889 4615 ab

1144 4645 1295 4706 electione
1315 4643 1507 4720 excludatur,
1529 4652 1560 4707 et
1581 4661 1645 4707 non
1663 4644 1762 4720 aliter,
1785 4659 1889 4723 neque

1144 4739 1203 4801 alio
1224 4741 1331 4802 modo:
1356 4740 1437 4816 quod
1459 4740 1484 4801 si
1499 4747 1585 4819 pater
1606 4737 1802 4818 provincialis
1817 4753 1890 4799 con-

1144 4833 1276 4894 trarium
1296 4833 1457 4910 superbis
1478 4833 1586 4911 quovis
1607 4833 1698 4894 modo
1718 4831 1818 4894 iacere
1838 4829 1890 4892 vel

1145 4932 1297 4988 attentare
1318 4926 1572 5004 praesumpserit,
1589 4932 1690 4987 totum
1709 4925 1749 4987 sit
1765 4924 1890 4986 irritum

1145 5035 1179 5082 33
1200 5020 1292 5082 inane
1314 5019 1377 5098 ipso
1399 5019 1477 5082 iacto
1498 5027 1529 5081 et
1551 5020 1665 5098 absque
1683 5019 1738 5080 alisi
1759 5016 1889 5081 declara·

1146 5112 1243 5188 tione,
1265 5114 1534 5192 privationemque
1554 5114 1717 5192 utriusque
1737 5111 1819 5174 vocis
1835 5127 1889 5189 per

1146 5208 1399 5286 quinquennium
1422 5209 1486 5286 ipso
1507 5207 1584 5270 iacto
1606 5207 1754 5269 incurrat.

1186 5317 1238 5362 xv.
1261 5300 1460 5362 Provincialis
1474 5300 1524 5362 vel
1539 5299 1727 5378 quicumque
1748 5299 1825 5360 alius
1839 5315 1890 5360 su·
1936 5317 1970 5363 oo
1981 5321 2121 5367 remotione

1909 5371 2085 5428 religiosorum
2106 5387 2123 5421 a

1909 5429 2044 5476 coenobiis.

1148 5395 1250 5474 perior
1269 5394 1496 5456 sententialiter
1509 5393 1559 5454 vel
1581 5391 1829 5470 provisionaliter
1842 5407 1890 5453 re·

1148 5487 1292 5562 ligiosum
1323 5487 1460 5566 aliquem
1481 5503 1497 5547 a
1518 5493 1685 5561 conventu,
1712 5491 1821 5546 curatu
1842 5483 1892 5546 ln-

1148 5581 1258 5642 dorum
1279 5580 1329 5642 vel
1351 5580 1472 5659 praedio
1494 5579 1673 5653 removerit,
1695 5575 1746 5639 vel
1768 5577 1800 5638 in
1828 5577 1891 5639 evi-

1148 5673 1226 5734 lium
1248 5673 1386 5749 miserit,
1409 5681 1567 5748 teneatur,
1594 5672 1651 5734 sub
1671 5671 1770 5750 poeni
1790 5671 1892 5751 priva·

1147 5766 1242 5828 tionis
1266 5767 1429 5845 utriusque
1450 5767 1534 5830 vocis
1554 5781 1610 5845 per
1624 5765 1888 5845 quinquennium,

1148 5861 1293 5922 eumdem
1321 5859 1502 5936 religiosum
1530 5860 1567 5922 de
1588 5859 1655 5922 elus
1683 5857 1816 5920 discessu
1837 5873 1892 5936 per

1150 5960 1212 6015 tres
1223 5953 1287 6016 dies
1298 5955 1334 6016 ad
1349 5953 1453 6016 minus
1468 5961 1540 6016 ante
1550 5951 1730 6015 remotionis
1741 5950 1792 6014 vel
1807 5949 1891 6012 exilii

1818 591 1855 654 tl
1906 582 2003 636 ado.
2025 581 2093 634 1ovs
