<?xml version="1.0" encoding="UTF-8"?>
<!DOCTYPE html PUBLIC "-//W3C//DTD XHTML 1.0 Transitional//EN"
    "http://www.w3.org/TR/xhtml1/DTD/xhtml1-transitional.dtd">
<html xmlns="http://www.w3.org/1999/xhtml" xml:lang="en" lang="en">
 <head>
  <title>
</title>
<meta http-equiv="Content-Type" content="text/html;charset=utf-8" />
  <meta name='ocr-system' content='tesseract 3.04.00' />
  <meta name='ocr-capabilities' content='ocr_page ocr_carea ocr_par ocr_line ocrx_word'/>
</head>
<body>
  <div class='ocr_page' id='page_1' title='image "./iurispontificii04martgoog_0132.png"; bbox 0 0 4848 6990; ppageno 0'>
   <div class='ocr_carea' id='block_1_1' title="bbox 308 541 613 622">
    <p class='ocr_par' dir='ltr' id='par_1_1' title="bbox 308 541 613 622">
     <span class='ocr_line' id='line_1_1' title="bbox 308 541 613 622; baseline 0.007 -14"><span class='ocrx_word' id='word_1_1' title='bbox 308 541 503 610; x_wconf 69' lang='lat' dir='ltr'>&#39;tne.1ub</span> <span class='ocrx_word' id='word_1_2' title='bbox 554 549 613 622; x_wconf 74' lang='lat' dir='ltr'>lie</span> 
     </span>
    </p>
   </div>
   <div class='ocr_carea' id='block_1_2' title="bbox 296 697 1281 5166">
    <p class='ocr_par' dir='ltr' id='par_1_2' title="bbox 296 697 1281 5166">
     <span class='ocr_line' id='line_1_2' title="bbox 532 697 1279 776; baseline 0.004 -17"><span class='ocrx_word' id='word_1_3' title='bbox 532 704 614 774; x_wconf 90' lang='lat' dir='ltr'>rant,</span> <span class='ocrx_word' id='word_1_4' title='bbox 643 697 836 762; x_wconf 88' lang='lat' dir='ltr'>extendenda</span> <span class='ocrx_word' id='word_1_5' title='bbox 863 703 981 776; x_wconf 82' lang='lat' dir='ltr'>essent3</span> <span class='ocrx_word' id='word_1_6' title='bbox 1005 698 1038 762; x_wconf 92' lang='lat' dir='ltr'>in</span> <span class='ocrx_word' id='word_1_7' title='bbox 1068 700 1177 763; x_wconf 91' lang='lat' dir='ltr'>eodem</span> <span class='ocrx_word' id='word_1_8' title='bbox 1204 713 1279 762; x_wconf 90' lang='lat' dir='ltr'>vero</span> 
     </span>
     <span class='ocr_line' id='line_1_3' title="bbox 532 789 1279 873; baseline 0.001 -18"><span class='ocrx_word' id='word_1_9' title='bbox 532 789 665 870; x_wconf 91' lang='lat' dir='ltr'>capitulo</span> <span class='ocrx_word' id='word_1_10' title='bbox 688 791 824 868; x_wconf 90' lang='lat' dir='ltr'>generali</span> <span class='ocrx_word' id='word_1_11' title='bbox 841 793 923 856; x_wconf 89' lang='lat' dir='ltr'>inter</span> <span class='ocrx_word' id='word_1_12' title='bbox 938 801 1039 857; x_wconf 91' lang='lat' dir='ltr'>cetera</span> <span class='ocrx_word' id='word_1_13' title='bbox 1053 811 1109 873; x_wconf 90' lang='lat' dir='ltr'>pro</span> <span class='ocrx_word' id='word_1_14' title='bbox 1124 794 1279 858; x_wconf 81' lang='lat' dir='ltr'>llexicani</span> 
     </span>
     <span class='ocr_line' id='line_1_4' title="bbox 532 885 1279 964; baseline 0.005 -18"><span class='ocrx_word' id='word_1_15' title='bbox 532 885 691 963; x_wconf 83' lang='lat' dir='ltr'>provincia</span> <span class='ocrx_word' id='word_1_16' title='bbox 707 886 847 948; x_wconf 90' lang='lat' dir='ltr'>eiusdem</span> <span class='ocrx_word' id='word_1_17' title='bbox 858 885 980 948; x_wconf 78' lang='lat' dir='ltr'>Ordinis</span> <span class='ocrx_word' id='word_1_18' title='bbox 995 885 1158 950; x_wconf 89' lang='lat' dir='ltr'>decretum</span> <span class='ocrx_word' id='word_1_19' title='bbox 1173 888 1279 964; x_wconf 87' lang='lat' dir='ltr'>luerit,</span> 
     </span>
     <span class='ocr_line' id='line_1_5' title="bbox 532 979 1280 1060; baseline 0.004 -20"><span class='ocrx_word' id='word_1_20' title='bbox 532 979 612 1058; x_wconf 90' lang='lat' dir='ltr'>quod</span> <span class='ocrx_word' id='word_1_21' title='bbox 627 980 768 1041; x_wconf 91' lang='lat' dir='ltr'>senarius</span> <span class='ocrx_word' id='word_1_22' title='bbox 783 980 1003 1056; x_wconf 89' lang='lat' dir='ltr'>magistrorum</span> <span class='ocrx_word' id='word_1_23' title='bbox 1019 997 1169 1044; x_wconf 89' lang='lat' dir='ltr'>numerus</span> <span class='ocrx_word' id='word_1_24' title='bbox 1181 997 1280 1060; x_wconf 91' lang='lat' dir='ltr'>nsque</span> 
     </span>
     <span class='ocr_line' id='line_1_6' title="bbox 532 1071 1281 1151; baseline 0.008 -19"><span class='ocrx_word' id='word_1_25' title='bbox 532 1071 566 1133; x_wconf 88' lang='lat' dir='ltr'>ad</span> <span class='ocrx_word' id='word_1_26' title='bbox 580 1073 806 1135; x_wconf 91' lang='lat' dir='ltr'>duodenarium</span> <span class='ocrx_word' id='word_1_27' title='bbox 820 1076 1053 1151; x_wconf 74' lang='lat' dir='ltr'>extenderetur,</span> <span class='ocrx_word' id='word_1_28' title='bbox 1068 1075 1093 1138; x_wconf 89' lang='lat' dir='ltr'>si</span> <span class='ocrx_word' id='word_1_29' title='bbox 1111 1083 1214 1138; x_wconf 91' lang='lat' dir='ltr'>tamen</span> <span class='ocrx_word' id='word_1_30' title='bbox 1230 1078 1281 1138; x_wconf 93' lang='lat' dir='ltr'>de·</span> 
     </span>
     <span class='ocr_line' id='line_1_7' title="bbox 531 1166 1279 1242; baseline 0.004 -15"><span class='ocrx_word' id='word_1_31' title='bbox 531 1181 629 1242; x_wconf 83' lang='lat' dir='ltr'>super,</span> <span class='ocrx_word' id='word_1_32' title='bbox 646 1166 738 1227; x_wconf 90' lang='lat' dir='ltr'>buius</span> <span class='ocrx_word' id='word_1_33' title='bbox 761 1167 889 1230; x_wconf 90' lang='lat' dir='ltr'>Sanctae</span> <span class='ocrx_word' id='word_1_34' title='bbox 906 1167 991 1230; x_wconf 91' lang='lat' dir='ltr'>Sedis</span> <span class='ocrx_word' id='word_1_35' title='bbox 1012 1169 1139 1231; x_wconf 73' lang='lat' dir='ltr'>facultas</span> <span class='ocrx_word' id='word_1_36' title='bbox 1159 1170 1279 1232; x_wconf 90' lang='lat' dir='ltr'>accede-</span> 
     </span>
     <span class='ocr_line' id='line_1_8' title="bbox 532 1259 1278 1340; baseline 0.007 -20"><span class='ocrx_word' id='word_1_37' title='bbox 532 1259 592 1336; x_wconf 89' lang='lat' dir='ltr'>ret)</span> <span class='ocrx_word' id='word_1_38' title='bbox 620 1259 684 1336; x_wconf 91' lang='lat' dir='ltr'>ipse</span> <span class='ocrx_word' id='word_1_39' title='bbox 712 1259 870 1338; x_wconf 77' lang='lat' dir='ltr'>Philippus</span> <span class='ocrx_word' id='word_1_40' title='bbox 899 1270 1080 1339; x_wconf 91' lang='lat' dir='ltr'>procurator</span> <span class='ocrx_word' id='word_1_41' title='bbox 1106 1261 1278 1340; x_wconf 89' lang='lat' dir='ltr'>plurimum</span> 
     </span>
     <span class='ocr_line' id='line_1_9' title="bbox 532 1353 1280 1436; baseline 0.005 -24"><span class='ocrx_word' id='word_1_42' title='bbox 532 1353 678 1430; x_wconf 88' lang='lat' dir='ltr'>expedire</span> <span class='ocrx_word' id='word_1_43' title='bbox 708 1353 881 1432; x_wconf 86' lang='lat' dir='ltr'>existimat,</span> <span class='ocrx_word' id='word_1_44' title='bbox 912 1364 968 1429; x_wconf 91' lang='lat' dir='ltr'>nt,</span> <span class='ocrx_word' id='word_1_45' title='bbox 995 1372 1060 1417; x_wconf 93' lang='lat' dir='ltr'>non</span> <span class='ocrx_word' id='word_1_46' title='bbox 1088 1355 1280 1436; x_wconf 82' lang='lat' dir='ltr'>obstantibus</span> 
     </span>
     <span class='ocr_line' id='line_1_10' title="bbox 530 1445 1279 1524; baseline 0.003 -16"><span class='ocrx_word' id='word_1_47' title='bbox 530 1445 715 1524; x_wconf 90' lang='lat' dir='ltr'>quibusdam</span> <span class='ocrx_word' id='word_1_48' title='bbox 737 1447 835 1510; x_wconf 89' lang='lat' dir='ltr'>ielicis</span> <span class='ocrx_word' id='word_1_49' title='bbox 865 1449 1083 1514; x_wconf 90' lang='lat' dir='ltr'>recordationis</span> <span class='ocrx_word' id='word_1_50' title='bbox 1108 1448 1279 1512; x_wconf 83' lang='lat' dir='ltr'>Clementis</span> 
     </span>
     <span class='ocr_line' id='line_1_11' title="bbox 531 1540 1279 1620; baseline 0.005 -20"><span class='ocrx_word' id='word_1_51' title='bbox 531 1541 608 1618; x_wconf 89' lang='lat' dir='ltr'>Papa</span> <span class='ocrx_word' id='word_1_52' title='bbox 633 1540 707 1602; x_wconf 86' lang='lat' dir='ltr'>Vlll.</span> <span class='ocrx_word' id='word_1_53' title='bbox 731 1544 970 1620; x_wconf 82' lang='lat' dir='ltr'>praedecessoris</span> <span class='ocrx_word' id='word_1_54' title='bbox 1000 1544 1099 1606; x_wconf 89' lang='lat' dir='ltr'>nostri</span> <span class='ocrx_word' id='word_1_55' title='bbox 1126 1545 1159 1606; x_wconf 94' lang='lat' dir='ltr'>in</span> <span class='ocrx_word' id='word_1_56' title='bbox 1184 1544 1279 1605; x_wconf 89' lang='lat' dir='ltr'>simili</span> 
     </span>
     <span class='ocr_line' id='line_1_12' title="bbox 531 1632 1278 1715; baseline 0.005 -21"><span class='ocrx_word' id='word_1_57' title='bbox 531 1632 630 1696; x_wconf 72' lang='lat' dir='ltr'>lornei</span> <span class='ocrx_word' id='word_1_58' title='bbox 641 1634 747 1696; x_wconf 89' lang='lat' dir='ltr'>Brevis</span> <span class='ocrx_word' id='word_1_59' title='bbox 760 1634 873 1698; x_wconf 89' lang='lat' dir='ltr'>litteris</span> <span class='ocrx_word' id='word_1_60' title='bbox 885 1653 981 1715; x_wconf 90' lang='lat' dir='ltr'>super</span> <span class='ocrx_word' id='word_1_61' title='bbox 994 1639 1115 1700; x_wconf 89' lang='lat' dir='ltr'>senario</span> <span class='ocrx_word' id='word_1_62' title='bbox 1130 1637 1162 1698; x_wconf 92' lang='lat' dir='ltr'>in</span> <span class='ocrx_word' id='word_1_63' title='bbox 1178 1638 1278 1699; x_wconf 89' lang='lat' dir='ltr'>omni-</span> 
     </span>
     <span class='ocr_line' id='line_1_13' title="bbox 531 1727 1278 1809; baseline 0.004 -20"><span class='ocrx_word' id='word_1_64' title='bbox 531 1727 588 1789; x_wconf 90' lang='lat' dir='ltr'>bus</span> <span class='ocrx_word' id='word_1_65' title='bbox 610 1727 676 1790; x_wconf 90' lang='lat' dir='ltr'>iere</span> <span class='ocrx_word' id='word_1_66' title='bbox 697 1727 855 1790; x_wconf 88' lang='lat' dir='ltr'>indiarum</span> <span class='ocrx_word' id='word_1_67' title='bbox 871 1730 1038 1806; x_wconf 91' lang='lat' dir='ltr'>provinciis</span> <span class='ocrx_word' id='word_1_68' title='bbox 1059 1731 1201 1809; x_wconf 89' lang='lat' dir='ltr'>praelatis</span> <span class='ocrx_word' id='word_1_69' title='bbox 1216 1747 1278 1792; x_wconf 90' lang='lat' dir='ltr'>ma-</span> 
     </span>
     <span class='ocr_line' id='line_1_14' title="bbox 532 1820 1278 1896; baseline 0.007 -16"><span class='ocrx_word' id='word_1_70' title='bbox 532 1820 702 1896; x_wconf 90' lang='lat' dir='ltr'>gistrorum</span> <span class='ocrx_word' id='word_1_71' title='bbox 718 1836 852 1882; x_wconf 89' lang='lat' dir='ltr'>numero</span> <span class='ocrx_word' id='word_1_72' title='bbox 874 1837 937 1882; x_wconf 92' lang='lat' dir='ltr'>non</span> <span class='ocrx_word' id='word_1_73' title='bbox 960 1823 1134 1884; x_wconf 90' lang='lat' dir='ltr'>excedendo</span> <span class='ocrx_word' id='word_1_74' title='bbox 1156 1839 1278 1884; x_wconf 91' lang='lat' dir='ltr'>emana-</span> 
     </span>
     <span class='ocr_line' id='line_1_15' title="bbox 532 1913 1276 1993; baseline 0 -17"><span class='ocrx_word' id='word_1_75' title='bbox 532 1913 592 1989; x_wconf 92' lang='lat' dir='ltr'>tis,</span> <span class='ocrx_word' id='word_1_76' title='bbox 625 1930 704 1991; x_wconf 92' lang='lat' dir='ltr'>quae</span> <span class='ocrx_word' id='word_1_77' title='bbox 736 1914 888 1993; x_wconf 93' lang='lat' dir='ltr'>incipiunt</span> <span class='ocrx_word' id='word_1_78' title='bbox 919 1916 1072 1979; x_wconf 81' lang='lat' dir='ltr'>Adruooet</span> <span class='ocrx_word' id='word_1_79' title='bbox 1101 1933 1175 1988; x_wconf 83' lang='lat' dir='ltr'>noc,</span> <span class='ocrx_word' id='word_1_80' title='bbox 1203 1924 1276 1990; x_wconf 85' lang='lat' dir='ltr'>etc,</span> 
     </span>
     <span class='ocr_line' id='line_1_16' title="bbox 531 2009 1278 2084; baseline 0.003 -14"><span class='ocrx_word' id='word_1_81' title='bbox 531 2009 738 2072; x_wconf 91' lang='lat' dir='ltr'>duodenarius</span> <span class='ocrx_word' id='word_1_82' title='bbox 769 2009 989 2084; x_wconf 86' lang='lat' dir='ltr'>magistrorum</span> <span class='ocrx_word' id='word_1_83' title='bbox 1016 2010 1192 2075; x_wconf 85' lang='lat' dir='ltr'>huiusmodi</span> <span class='ocrx_word' id='word_1_84' title='bbox 1221 2026 1278 2072; x_wconf 94' lang='lat' dir='ltr'>nu·</span> 
     </span>
     <span class='ocr_line' id='line_1_17' title="bbox 531 2102 1278 2180; baseline 0.001 -17"><span class='ocrx_word' id='word_1_85' title='bbox 531 2119 637 2165; x_wconf 89' lang='lat' dir='ltr'>merus</span> <span class='ocrx_word' id='word_1_86' title='bbox 657 2118 712 2180; x_wconf 92' lang='lat' dir='ltr'>pro</span> <span class='ocrx_word' id='word_1_87' title='bbox 733 2102 812 2165; x_wconf 83' lang='lat' dir='ltr'>dicta</span> <span class='ocrx_word' id='word_1_88' title='bbox 826 2103 985 2180; x_wconf 84' lang='lat' dir='ltr'>provincii</span> <span class='ocrx_word' id='word_1_89' title='bbox 1005 2103 1144 2178; x_wconf 89' lang='lat' dir='ltr'>Qnitensi</span> <span class='ocrx_word' id='word_1_90' title='bbox 1159 2120 1175 2163; x_wconf 94' lang='lat' dir='ltr'>a</span> <span class='ocrx_word' id='word_1_91' title='bbox 1190 2103 1278 2166; x_wconf 90' lang='lat' dir='ltr'>uobis</span> 
     </span>
     <span class='ocr_line' id='line_1_18' title="bbox 530 2195 1280 2276; baseline 0 -19"><span class='ocrx_word' id='word_1_92' title='bbox 530 2203 695 2269; x_wconf 81' lang='lat' dir='ltr'>statuatur,</span> <span class='ocrx_word' id='word_1_93' title='bbox 711 2195 753 2256; x_wconf 90' lang='lat' dir='ltr'>ita</span> <span class='ocrx_word' id='word_1_94' title='bbox 777 2203 892 2269; x_wconf 91' lang='lat' dir='ltr'>tamen,</span> <span class='ocrx_word' id='word_1_95' title='bbox 909 2204 954 2271; x_wconf 91' lang='lat' dir='ltr'>ut,</span> <span class='ocrx_word' id='word_1_96' title='bbox 971 2197 1071 2274; x_wconf 91' lang='lat' dir='ltr'>quoad</span> <span class='ocrx_word' id='word_1_97' title='bbox 1093 2211 1280 2276; x_wconf 92' lang='lat' dir='ltr'>promoven-</span> 
     </span>
     <span class='ocr_line' id='line_1_19' title="bbox 531 2287 1278 2368; baseline 0 -18"><span class='ocrx_word' id='word_1_98' title='bbox 531 2289 584 2350; x_wconf 90' lang='lat' dir='ltr'>dos</span> <span class='ocrx_word' id='word_1_99' title='bbox 606 2287 642 2349; x_wconf 91' lang='lat' dir='ltr'>ad</span> <span class='ocrx_word' id='word_1_100' title='bbox 663 2289 833 2364; x_wconf 85' lang='lat' dir='ltr'>magisterii</span> <span class='ocrx_word' id='word_1_101' title='bbox 865 2290 996 2365; x_wconf 90' lang='lat' dir='ltr'>gradum</span> <span class='ocrx_word' id='word_1_102' title='bbox 1023 2290 1201 2354; x_wconf 89' lang='lat' dir='ltr'>huiusmodi</span> <span class='ocrx_word' id='word_1_103' title='bbox 1226 2305 1278 2368; x_wconf 93' lang='lat' dir='ltr'>po-</span> 
     </span>
     <span class='ocr_line' id='line_1_20' title="bbox 531 2381 1278 2462; baseline 0.003 -20"><span class='ocrx_word' id='word_1_104' title='bbox 531 2381 656 2444; x_wconf 91' lang='lat' dir='ltr'>stulatio</span> <span class='ocrx_word' id='word_1_105' title='bbox 670 2399 686 2442; x_wconf 93' lang='lat' dir='ltr'>a</span> <span class='ocrx_word' id='word_1_106' title='bbox 701 2382 877 2444; x_wconf 88' lang='lat' dir='ltr'>delinitorio</span> <span class='ocrx_word' id='word_1_107' title='bbox 899 2381 1035 2445; x_wconf 88' lang='lat' dir='ltr'>iacienda</span> <span class='ocrx_word' id='word_1_108' title='bbox 1058 2383 1278 2462; x_wconf 90' lang='lat' dir='ltr'>indispensabi·</span> 
     </span>
     <span class='ocr_line' id='line_1_21' title="bbox 532 2475 1278 2554; baseline 0.003 -18"><span class='ocrx_word' id='word_1_109' title='bbox 532 2475 604 2537; x_wconf 92' lang='lat' dir='ltr'>liter</span> <span class='ocrx_word' id='word_1_110' title='bbox 636 2475 829 2552; x_wconf 87' lang='lat' dir='ltr'>requiratur,</span> <span class='ocrx_word' id='word_1_111' title='bbox 858 2493 891 2538; x_wconf 92' lang='lat' dir='ltr'>ac</span> <span class='ocrx_word' id='word_1_112' title='bbox 922 2478 1071 2554; x_wconf 88' lang='lat' dir='ltr'>quaedam</span> <span class='ocrx_word' id='word_1_113' title='bbox 1097 2477 1278 2540; x_wconf 89' lang='lat' dir='ltr'>constitutio</span> 
     </span>
     <span class='ocr_line' id='line_1_22' title="bbox 529 2569 1275 2635; baseline -0.005 -3"><span class='ocrx_word' id='word_1_114' title='bbox 529 2569 710 2632; x_wconf 83' lang='lat' dir='ltr'>recolendae</span> <span class='ocrx_word' id='word_1_115' title='bbox 742 2570 910 2632; x_wconf 90' lang='lat' dir='ltr'>memoriae</span> <span class='ocrx_word' id='word_1_116' title='bbox 942 2572 1116 2634; x_wconf 89' lang='lat' dir='ltr'>innocentii</span> <span class='ocrx_word' id='word_1_117' title='bbox 1142 2573 1196 2633; x_wconf 90' lang='lat' dir='ltr'>PP.</span> <span class='ocrx_word' id='word_1_118' title='bbox 1223 2573 1275 2635; x_wconf 88' lang='lat' dir='ltr'>Xl.</span> 
     </span>
     <span class='ocr_line' id='line_1_23' title="bbox 530 2663 1279 2744; baseline 0.004 -20"><span class='ocrx_word' id='word_1_119' title='bbox 530 2663 770 2740; x_wconf 86' lang='lat' dir='ltr'>praedecessoris</span> <span class='ocrx_word' id='word_1_120' title='bbox 796 2663 911 2742; x_wconf 88' lang='lat' dir='ltr'>pariter</span> <span class='ocrx_word' id='word_1_121' title='bbox 933 2665 1049 2738; x_wconf 90' lang='lat' dir='ltr'>nostrl,</span> <span class='ocrx_word' id='word_1_122' title='bbox 1072 2681 1150 2744; x_wconf 90' lang='lat' dir='ltr'>quae</span> <span class='ocrx_word' id='word_1_123' title='bbox 1172 2665 1279 2744; x_wconf 90' lang='lat' dir='ltr'>incipit</span> 
     </span>
     <span class='ocr_line' id='line_1_24' title="bbox 531 2755 1279 2837; baseline 0.003 -19"><span class='ocrx_word' id='word_1_124' title='bbox 531 2759 568 2818; x_wconf 86' lang='lat' dir='ltr'>lo</span> <span class='ocrx_word' id='word_1_125' title='bbox 589 2755 750 2833; x_wconf 74' lang='lat' dir='ltr'>supremo,</span> <span class='ocrx_word' id='word_1_126' title='bbox 766 2763 839 2830; x_wconf 85' lang='lat' dir='ltr'>etc,</span> <span class='ocrx_word' id='word_1_127' title='bbox 855 2773 910 2836; x_wconf 94' lang='lat' dir='ltr'>pro</span> <span class='ocrx_word' id='word_1_128' title='bbox 926 2760 1032 2820; x_wconf 79' lang='lat' dir='ltr'>eadem</span> <span class='ocrx_word' id='word_1_129' title='bbox 1053 2759 1214 2837; x_wconf 78' lang='lat' dir='ltr'>provincia</span> <span class='ocrx_word' id='word_1_130' title='bbox 1229 2758 1279 2820; x_wconf 91' lang='lat' dir='ltr'>die</span> 
     </span>
     <span class='ocr_line' id='line_1_25' title="bbox 530 2851 1278 2915; baseline 0 -3"><span class='ocrx_word' id='word_1_131' title='bbox 530 2866 608 2913; x_wconf 80' lang='lat' dir='ltr'>nvn.</span> <span class='ocrx_word' id='word_1_132' title='bbox 634 2851 737 2912; x_wconf 85' lang='lat' dir='ltr'>martii</span> <span class='ocrx_word' id='word_1_133' title='bbox 759 2866 935 2912; x_wconf 82' lang='lat' dir='ltr'>nnrruxxrx.</span> <span class='ocrx_word' id='word_1_134' title='bbox 955 2852 1036 2915; x_wconf 91' lang='lat' dir='ltr'>edita</span> <span class='ocrx_word' id='word_1_135' title='bbox 1057 2853 1116 2914; x_wconf 91' lang='lat' dir='ltr'>sub</span> <span class='ocrx_word' id='word_1_136' title='bbox 1137 2852 1278 2914; x_wconf 90' lang='lat' dir='ltr'>numeris</span> 
     </span>
     <span class='ocr_line' id='line_1_26' title="bbox 530 2944 1278 3017; baseline -0.004 -11"><span class='ocrx_word' id='word_1_137' title='bbox 530 2959 630 3006; x_wconf 84' lang='lat' dir='ltr'>xxvn.</span> <span class='ocrx_word' id='word_1_138' title='bbox 656 2951 687 3006; x_wconf 90' lang='lat' dir='ltr'>et</span> <span class='ocrx_word' id='word_1_139' title='bbox 708 2959 838 3017; x_wconf 87' lang='lat' dir='ltr'>xxvtn.,</span> <span class='ocrx_word' id='word_1_140' title='bbox 861 2945 990 3006; x_wconf 90' lang='lat' dir='ltr'>omnino</span> <span class='ocrx_word' id='word_1_141' title='bbox 1012 2953 1165 3008; x_wconf 90' lang='lat' dir='ltr'>servetur.</span> <span class='ocrx_word' id='word_1_142' title='bbox 1183 2944 1278 3006; x_wconf 89' lang='lat' dir='ltr'>Nobis</span> 
     </span>
     <span class='ocr_line' id='line_1_27' title="bbox 530 3038 1277 3118; baseline 0 -20"><span class='ocrx_word' id='word_1_143' title='bbox 530 3039 802 3116; x_wconf 88' lang='lat' dir='ltr'>proptereadictns</span> <span class='ocrx_word' id='word_1_144' title='bbox 813 3038 971 3118; x_wconf 88' lang='lat' dir='ltr'>Philippus</span> <span class='ocrx_word' id='word_1_145' title='bbox 983 3048 1172 3117; x_wconf 89' lang='lat' dir='ltr'>procurator,</span> <span class='ocrx_word' id='word_1_146' title='bbox 1184 3039 1277 3100; x_wconf 90' lang='lat' dir='ltr'>etiam</span> 
     </span>
     <span class='ocr_line' id='line_1_28' title="bbox 530 3130 1277 3209; baseline 0 -17"><span class='ocrx_word' id='word_1_147' title='bbox 530 3131 658 3193; x_wconf 87' lang='lat' dir='ltr'>nomine</span> <span class='ocrx_word' id='word_1_148' title='bbox 673 3130 770 3193; x_wconf 89' lang='lat' dir='ltr'>dictae</span> <span class='ocrx_word' id='word_1_149' title='bbox 783 3131 973 3209; x_wconf 88' lang='lat' dir='ltr'>provinciae,</span> <span class='ocrx_word' id='word_1_150' title='bbox 990 3133 1151 3193; x_wconf 91' lang='lat' dir='ltr'>bumiliter</span> <span class='ocrx_word' id='word_1_151' title='bbox 1162 3131 1277 3209; x_wconf 90' lang='lat' dir='ltr'>snppli-</span> 
     </span>
     <span class='ocr_line' id='line_1_29' title="bbox 530 3223 1278 3304; baseline 0 -18"><span class='ocrx_word' id='word_1_152' title='bbox 530 3225 592 3286; x_wconf 91' lang='lat' dir='ltr'>cari</span> <span class='ocrx_word' id='word_1_153' title='bbox 613 3223 684 3286; x_wconf 89' lang='lat' dir='ltr'>iecit</span> <span class='ocrx_word' id='word_1_154' title='bbox 706 3233 740 3286; x_wconf 90' lang='lat' dir='ltr'>ut</span> <span class='ocrx_word' id='word_1_155' title='bbox 762 3226 793 3286; x_wconf 91' lang='lat' dir='ltr'>in</span> <span class='ocrx_word' id='word_1_156' title='bbox 816 3225 990 3302; x_wconf 89' lang='lat' dir='ltr'>praemissis</span> <span class='ocrx_word' id='word_1_157' title='bbox 1011 3231 1186 3304; x_wconf 89' lang='lat' dir='ltr'>opportune</span> <span class='ocrx_word' id='word_1_158' title='bbox 1209 3242 1278 3303; x_wconf 90' lang='lat' dir='ltr'>pro-</span> 
     </span>
     <span class='ocr_line' id='line_1_30' title="bbox 530 3317 1277 3396; baseline 0.005 -20"><span class='ocrx_word' id='word_1_159' title='bbox 530 3317 681 3379; x_wconf 84' lang='lat' dir='ltr'>videncet</span> <span class='ocrx_word' id='word_1_160' title='bbox 697 3327 731 3378; x_wconf 88' lang='lat' dir='ltr'>ut</span> <span class='ocrx_word' id='word_1_161' title='bbox 746 3317 825 3379; x_wconf 87' lang='lat' dir='ltr'>inira</span> <span class='ocrx_word' id='word_1_162' title='bbox 847 3319 1011 3396; x_wconf 89' lang='lat' dir='ltr'>indulgere</span> <span class='ocrx_word' id='word_1_163' title='bbox 1026 3321 1063 3381; x_wconf 91' lang='lat' dir='ltr'>do</span> <span class='ocrx_word' id='word_1_164' title='bbox 1085 3319 1277 3394; x_wconf 81' lang='lat' dir='ltr'>benignitate</span> 
     </span>
     <span class='ocr_line' id='line_1_31' title="bbox 529 3411 924 3489; baseline 0 -19"><span class='ocrx_word' id='word_1_165' title='bbox 529 3411 692 3489; x_wconf 79' lang='lat' dir='ltr'>apostolica</span> <span class='ocrx_word' id='word_1_166' title='bbox 713 3411 924 3487; x_wconf 88' lang='lat' dir='ltr'>dignaremur.</span> 
     </span>
     <span class='ocr_line' id='line_1_32' title="bbox 332 3503 1276 3586; baseline 0.006 -23"><span class='ocrx_word' id='word_1_167' title='bbox 332 3521 452 3582; x_wconf 64' lang='lat' dir='ltr'>agenno</span> <span class='ocrx_word' id='word_1_168' title='bbox 468 3517 510 3564; x_wconf 80' lang='lat' dir='ltr'>de·</span> <span class='ocrx_word' id='word_1_169' title='bbox 569 3505 637 3577; x_wconf 70' lang='lat'>§2-</span> <span class='ocrx_word' id='word_1_170' title='bbox 662 3503 722 3566; x_wconf 89' lang='lat' dir='ltr'>Nos</span> <span class='ocrx_word' id='word_1_171' title='bbox 746 3504 853 3580; x_wconf 86' lang='lat' dir='ltr'>igitur,</span> <span class='ocrx_word' id='word_1_172' title='bbox 881 3505 982 3584; x_wconf 87' lang='lat' dir='ltr'>ipsum</span> <span class='ocrx_word' id='word_1_173' title='bbox 1005 3505 1180 3585; x_wconf 85' lang='lat' dir='ltr'>Philippum</span> <span class='ocrx_word' id='word_1_174' title='bbox 1208 3523 1276 3586; x_wconf 90' lang='lat' dir='ltr'>pro·</span> 
     </span>
     <span class='ocr_line' id='line_1_33' title="bbox 297 3573 1277 3678; baseline 0.008 -25"><span class='ocrx_word' id='word_1_175' title='bbox 297 3573 359 3669; x_wconf 52' lang='grc' dir='ltr'>,Ἥ</span> <span class='ocrx_word' id='word_1_176' title='bbox 370 3576 512 3672; x_wconf 54' lang='grc' dir='ltr'>ἦῗξξῃζῗῑῖ</span> <span class='ocrx_word' id='word_1_177' title='bbox 529 3603 706 3660; x_wconf 88' lang='lat' dir='ltr'>curatorem</span> <span class='ocrx_word' id='word_1_178' title='bbox 727 3597 863 3674; x_wconf 86' lang='lat' dir='ltr'>specialis</span> <span class='ocrx_word' id='word_1_179' title='bbox 880 3597 981 3660; x_wconf 84' lang='lat' dir='ltr'>lavore</span> <span class='ocrx_word' id='word_1_180' title='bbox 997 3599 1112 3674; x_wconf 89' lang='lat' dir='ltr'>gratiae</span> <span class='ocrx_word' id='word_1_181' title='bbox 1133 3601 1277 3678; x_wconf 77' lang='lat' dir='ltr'>prosequi</span> 
     </span>
     <span class='ocr_line' id='line_1_34' title="bbox 296 3678 1277 3778; baseline 0.002 -27"><span class='ocrx_word' id='word_1_182' title='bbox 296 3678 427 3778; x_wconf 55' lang='lat' dir='ltr'>{lgffllffl</span> <span class='ocrx_word' id='word_1_183' title='bbox 471 3680 511 3724; x_wconf 70' lang='lat'>¹³·</span> <span class='ocrx_word' id='word_1_184' title='bbox 528 3690 682 3766; x_wconf 90' lang='lat' dir='ltr'>volentes,</span> <span class='ocrx_word' id='word_1_185' title='bbox 709 3697 739 3752; x_wconf 94' lang='lat' dir='ltr'>et</span> <span class='ocrx_word' id='word_1_186' title='bbox 760 3706 776 3751; x_wconf 89' lang='lat' dir='ltr'>a</span> <span class='ocrx_word' id='word_1_187' title='bbox 800 3691 961 3768; x_wconf 86' lang='lat' dir='ltr'>quibusvis</span> <span class='ocrx_word' id='word_1_188' title='bbox 982 3693 1277 3754; x_wconf 86' lang='lat' dir='ltr'>excommunicatio-</span> 
     </span>
     <span class='ocr_line' id='line_1_35' title="bbox 529 3782 1277 3864; baseline 0.004 -20"><span class='ocrx_word' id='word_1_189' title='bbox 529 3783 588 3858; x_wconf 91' lang='lat' dir='ltr'>nis,</span> <span class='ocrx_word' id='word_1_190' title='bbox 604 3782 816 3861; x_wconf 89' lang='lat' dir='ltr'>suspensionis</span> <span class='ocrx_word' id='word_1_191' title='bbox 837 3792 868 3843; x_wconf 91' lang='lat' dir='ltr'>et</span> <span class='ocrx_word' id='word_1_192' title='bbox 890 3783 1056 3859; x_wconf 90' lang='lat' dir='ltr'>interdicti,</span> <span class='ocrx_word' id='word_1_193' title='bbox 1080 3785 1208 3864; x_wconf 91' lang='lat' dir='ltr'>aliisque</span> <span class='ocrx_word' id='word_1_194' title='bbox 1229 3801 1277 3847; x_wconf 88' lang='lat' dir='ltr'>ec·</span> 
     </span>
     <span class='ocr_line' id='line_1_36' title="bbox 528 3875 1277 3957; baseline 0.003 -20"><span class='ocrx_word' id='word_1_195' title='bbox 528 3875 702 3938; x_wconf 89' lang='lat' dir='ltr'>clesiasticis</span> <span class='ocrx_word' id='word_1_196' title='bbox 724 3875 896 3952; x_wconf 70' lang='lat' dir='ltr'>sententiis</span> <span class='ocrx_word' id='word_1_197' title='bbox 920 3876 1058 3940; x_wconf 90' lang='lat' dir='ltr'>censuris</span> <span class='ocrx_word' id='word_1_198' title='bbox 1073 3885 1104 3939; x_wconf 91' lang='lat' dir='ltr'>et</span> <span class='ocrx_word' id='word_1_199' title='bbox 1126 3877 1277 3957; x_wconf 90' lang='lat' dir='ltr'>poenis,a</span> 
     </span>
     <span class='ocr_line' id='line_1_37' title="bbox 528 3969 1276 4047; baseline 0.011 -18"><span class='ocrx_word' id='word_1_200' title='bbox 528 3969 596 4030; x_wconf 90' lang='lat' dir='ltr'>inre</span> <span class='ocrx_word' id='word_1_201' title='bbox 618 3969 668 4030; x_wconf 91' lang='lat' dir='ltr'>vel</span> <span class='ocrx_word' id='word_1_202' title='bbox 690 3969 727 4030; x_wconf 87' lang='lat' dir='ltr'>ab</span> <span class='ocrx_word' id='word_1_203' title='bbox 747 3969 885 4044; x_wconf 89' lang='lat' dir='ltr'>bomine,</span> <span class='ocrx_word' id='word_1_204' title='bbox 908 3971 1016 4047; x_wconf 89' lang='lat' dir='ltr'>quavis</span> <span class='ocrx_word' id='word_1_205' title='bbox 1047 3973 1203 4034; x_wconf 88' lang='lat' dir='ltr'>occasione</span> <span class='ocrx_word' id='word_1_206' title='bbox 1226 3977 1276 4037; x_wconf 91' lang='lat' dir='ltr'>vel</span> 
     </span>
     <span class='ocr_line' id='line_1_38' title="bbox 528 4061 1276 4142; baseline 0.011 -20"><span class='ocrx_word' id='word_1_207' title='bbox 528 4061 616 4123; x_wconf 78' lang='lat' dir='ltr'>causi</span> <span class='ocrx_word' id='word_1_208' title='bbox 637 4061 722 4138; x_wconf 78' lang='lat' dir='ltr'>latiS,</span> <span class='ocrx_word' id='word_1_209' title='bbox 746 4063 905 4141; x_wconf 90' lang='lat' dir='ltr'>siquibus</span> <span class='ocrx_word' id='word_1_210' title='bbox 928 4065 1161 4142; x_wconf 91' lang='lat' dir='ltr'>quomodolibet</span> <span class='ocrx_word' id='word_1_211' title='bbox 1188 4067 1276 4130; x_wconf 93' lang='lat' dir='ltr'>inno·</span> 
     </span>
     <span class='ocr_line' id='line_1_39' title="bbox 527 4154 1275 4234; baseline 0.011 -18"><span class='ocrx_word' id='word_1_212' title='bbox 527 4155 615 4217; x_wconf 89' lang='lat' dir='ltr'>datus</span> <span class='ocrx_word' id='word_1_213' title='bbox 628 4154 743 4230; x_wconf 83' lang='lat' dir='ltr'>existit,</span> <span class='ocrx_word' id='word_1_214' title='bbox 757 4154 792 4216; x_wconf 93' lang='lat' dir='ltr'>ad</span> <span class='ocrx_word' id='word_1_215' title='bbox 804 4155 950 4218; x_wconf 87' lang='lat' dir='ltr'>ellectum</span> <span class='ocrx_word' id='word_1_216' title='bbox 964 4159 1174 4234; x_wconf 91' lang='lat' dir='ltr'>praesentium</span> <span class='ocrx_word' id='word_1_217' title='bbox 1187 4163 1275 4224; x_wconf 91' lang='lat' dir='ltr'>dum-</span> 
     </span>
     <span class='ocr_line' id='line_1_40' title="bbox 528 4249 1275 4326; baseline 0.011 -18"><span class='ocrx_word' id='word_1_218' title='bbox 528 4253 610 4308; x_wconf 88' lang='lat' dir='ltr'>taxat</span> <span class='ocrx_word' id='word_1_219' title='bbox 620 4249 888 4326; x_wconf 88' lang='lat' dir='ltr'>consequendum,</span> <span class='ocrx_word' id='word_1_220' title='bbox 899 4250 1011 4312; x_wconf 86' lang='lat' dir='ltr'>harum</span> <span class='ocrx_word' id='word_1_221' title='bbox 1022 4252 1102 4314; x_wconf 92' lang='lat' dir='ltr'>serie</span> <span class='ocrx_word' id='word_1_222' title='bbox 1115 4250 1275 4316; x_wconf 91' lang='lat' dir='ltr'>absolven-</span> 
     </span>
     <span class='ocr_line' id='line_1_41' title="bbox 529 4341 1275 4421; baseline 0.013 -20"><span class='ocrx_word' id='word_1_223' title='bbox 529 4347 573 4404; x_wconf 90' lang='lat' dir='ltr'>tes</span> <span class='ocrx_word' id='word_1_224' title='bbox 588 4348 620 4402; x_wconf 93' lang='lat' dir='ltr'>et</span> <span class='ocrx_word' id='word_1_225' title='bbox 634 4341 810 4404; x_wconf 85' lang='lat' dir='ltr'>absolutum</span> <span class='ocrx_word' id='word_1_226' title='bbox 824 4342 891 4406; x_wconf 90' lang='lat' dir='ltr'>iore</span> <span class='ocrx_word' id='word_1_227' title='bbox 908 4353 1084 4421; x_wconf 86' lang='lat' dir='ltr'>consentes,</span> <span class='ocrx_word' id='word_1_228' title='bbox 1097 4347 1275 4411; x_wconf 86' lang='lat' dir='ltr'>huiusmodi</span> 
     </span>
     <span class='ocr_line' id='line_1_42' title="bbox 527 4434 1275 4513; baseline 0.013 -19"><span class='ocrx_word' id='word_1_229' title='bbox 527 4434 801 4512; x_wconf 86' lang='lat' dir='ltr'>supplicationibus</span> <span class='ocrx_word' id='word_1_230' title='bbox 822 4436 979 4513; x_wconf 91' lang='lat' dir='ltr'>inclinati,</span> <span class='ocrx_word' id='word_1_231' title='bbox 996 4440 1034 4500; x_wconf 92' lang='lat' dir='ltr'>de</span> <span class='ocrx_word' id='word_1_232' title='bbox 1048 4441 1275 4506; x_wconf 88' lang='lat' dir='ltr'>venerabilium</span> 
     </span>
     <span class='ocr_line' id='line_1_43' title="bbox 527 4525 1274 4596; baseline 0.011 -10"><span class='ocrx_word' id='word_1_233' title='bbox 527 4525 660 4589; x_wconf 76' lang='lat' dir='ltr'>fratrum</span> <span class='ocrx_word' id='word_1_234' title='bbox 672 4533 850 4592; x_wconf 89' lang='lat' dir='ltr'>nostrorum</span> <span class='ocrx_word' id='word_1_235' title='bbox 862 4528 893 4592; x_wconf 90' lang='lat' dir='ltr'>S.</span> <span class='ocrx_word' id='word_1_236' title='bbox 904 4529 940 4590; x_wconf 82' lang='lat' dir='ltr'>n.</span> <span class='ocrx_word' id='word_1_237' title='bbox 952 4530 987 4590; x_wconf 83' lang='grc'>11.</span> <span class='ocrx_word' id='word_1_238' title='bbox 999 4531 1208 4594; x_wconf 84' lang='lat' dir='ltr'>Cardinalium</span> <span class='ocrx_word' id='word_1_239' title='bbox 1221 4549 1274 4596; x_wconf 91' lang='lat' dir='ltr'>ne-</span> 
     </span>
     <span class='ocr_line' id='line_1_44' title="bbox 528 4619 1274 4704; baseline 0.008 -24"><span class='ocrx_word' id='word_1_240' title='bbox 528 4619 620 4695; x_wconf 89' lang='lat' dir='ltr'>gotiis</span> <span class='ocrx_word' id='word_1_241' title='bbox 645 4627 675 4681; x_wconf 92' lang='lat' dir='ltr'>et</span> <span class='ocrx_word' id='word_1_242' title='bbox 698 4621 975 4685; x_wconf 87' lang='lat' dir='ltr'>consultationibus</span> <span class='ocrx_word' id='word_1_243' title='bbox 1001 4623 1223 4704; x_wconf 89' lang='lat' dir='ltr'>Episcopornm</span> <span class='ocrx_word' id='word_1_244' title='bbox 1244 4633 1274 4687; x_wconf 91' lang='lat' dir='ltr'>et</span> 
     </span>
     <span class='ocr_line' id='line_1_45' title="bbox 526 4711 1274 4794; baseline 0.009 -20"><span class='ocrx_word' id='word_1_245' title='bbox 526 4711 730 4789; x_wconf 85' lang='lat' dir='ltr'>Regularium</span> <span class='ocrx_word' id='word_1_246' title='bbox 751 4716 997 4794; x_wconf 86' lang='lat' dir='ltr'>praepositorum</span> <span class='ocrx_word' id='word_1_247' title='bbox 1017 4718 1156 4794; x_wconf 91' lang='lat' dir='ltr'>consilio,</span> <span class='ocrx_word' id='word_1_248' title='bbox 1181 4725 1216 4781; x_wconf 91' lang='lat' dir='ltr'>ut</span> <span class='ocrx_word' id='word_1_249' title='bbox 1237 4719 1274 4781; x_wconf 93' lang='lat' dir='ltr'>de</span> 
     </span>
     <span class='ocr_line' id='line_1_46' title="bbox 527 4807 1275 4887; baseline 0.007 -20"><span class='ocrx_word' id='word_1_250' title='bbox 527 4813 630 4868; x_wconf 89' lang='lat' dir='ltr'>cetero</span> <span class='ocrx_word' id='word_1_251' title='bbox 641 4807 780 4869; x_wconf 88' lang='lat' dir='ltr'>senarius</span> <span class='ocrx_word' id='word_1_252' title='bbox 802 4807 901 4870; x_wconf 87' lang='lat' dir='ltr'>dictae</span> <span class='ocrx_word' id='word_1_253' title='bbox 922 4810 1099 4887; x_wconf 89' lang='lat' dir='ltr'>provinciae</span> <span class='ocrx_word' id='word_1_254' title='bbox 1119 4811 1275 4886; x_wconf 83' lang='lat' dir='ltr'>Quitensis</span> 
     </span>
     <span class='ocr_line' id='line_1_47' title="bbox 525 4899 1273 4976; baseline 0.008 -15"><span class='ocrx_word' id='word_1_255' title='bbox 525 4899 748 4976; x_wconf 86' lang='lat' dir='ltr'>magistrorum</span> <span class='ocrx_word' id='word_1_256' title='bbox 764 4915 915 4963; x_wconf 89' lang='lat' dir='ltr'>numerus</span> <span class='ocrx_word' id='word_1_257' title='bbox 929 4902 966 4964; x_wconf 86' lang='lat' dir='ltr'>ad</span> <span class='ocrx_word' id='word_1_258' title='bbox 980 4903 1207 4966; x_wconf 91' lang='lat' dir='ltr'>duodenarium</span> <span class='ocrx_word' id='word_1_259' title='bbox 1221 4921 1273 4967; x_wconf 88' lang='lat' dir='ltr'>an-</span> 
     </span>
     <span class='ocr_line' id='line_1_48' title="bbox 526 4995 1275 5075; baseline 0.008 -22"><span class='ocrx_word' id='word_1_260' title='bbox 526 4999 646 5069; x_wconf 88' lang='lat' dir='ltr'>geatur,</span> <span class='ocrx_word' id='word_1_261' title='bbox 668 4995 852 5056; x_wconf 86' lang='lat' dir='ltr'>auctoritate</span> <span class='ocrx_word' id='word_1_262' title='bbox 866 4995 1039 5072; x_wconf 84' lang='lat' dir='ltr'>apostolici,</span> <span class='ocrx_word' id='word_1_263' title='bbox 1058 5005 1165 5058; x_wconf 91' lang='lat' dir='ltr'>tenore</span> <span class='ocrx_word' id='word_1_264' title='bbox 1188 5012 1275 5075; x_wconf 89' lang='lat' dir='ltr'>prae·</span> 
     </span>
     <span class='ocr_line' id='line_1_49' title="bbox 525 5085 1273 5166; baseline 0.004 -18"><span class='ocrx_word' id='word_1_265' title='bbox 525 5085 674 5162; x_wconf 89' lang='lat' dir='ltr'>sentium,</span> <span class='ocrx_word' id='word_1_266' title='bbox 687 5087 883 5149; x_wconf 87' lang='lat' dir='ltr'>concedimus</span> <span class='ocrx_word' id='word_1_267' title='bbox 898 5095 929 5149; x_wconf 90' lang='lat' dir='ltr'>et</span> <span class='ocrx_word' id='word_1_268' title='bbox 944 5089 1157 5166; x_wconf 64' lang='lat' dir='ltr'>indulgemus</span> <span class='ocrx_word' id='word_1_269' title='bbox 1174 5089 1215 5150; x_wconf 90' lang='lat' dir='ltr'>ita</span> <span class='ocrx_word' id='word_1_270' title='bbox 1232 5097 1273 5151; x_wconf 89' lang='lat' dir='ltr'>ta-</span> 
     </span>
    </p>
   </div>
   <div class='ocr_carea' id='block_1_3' title="bbox 525 5179 1315 5266">
    <p class='ocr_par' dir='ltr' id='par_1_3' title="bbox 525 5179 1315 5266">
     <span class='ocr_line' id='line_1_50' title="bbox 525 5179 1315 5266; baseline 0.004 -24"><span class='ocrx_word' id='word_1_271' title='bbox 525 5194 599 5242; x_wconf 87' lang='lat' dir='ltr'>men</span> <span class='ocrx_word' id='word_1_272' title='bbox 627 5187 674 5254; x_wconf 87' lang='lat' dir='ltr'>ut,</span> <span class='ocrx_word' id='word_1_273' title='bbox 698 5180 731 5240; x_wconf 94' lang='lat' dir='ltr'>in</span> <span class='ocrx_word' id='word_1_274' title='bbox 758 5179 898 5258; x_wconf 77' lang='lat' dir='ltr'>reliquie,</span> <span class='ocrx_word' id='word_1_275' title='bbox 928 5197 962 5242; x_wconf 92' lang='lat' dir='ltr'>ea</span> <span class='ocrx_word' id='word_1_276' title='bbox 991 5181 1106 5256; x_wconf 90' lang='lat' dir='ltr'>omnia,</span> <span class='ocrx_word' id='word_1_277' title='bbox 1133 5197 1212 5260; x_wconf 92' lang='lat' dir='ltr'>quae</span> <span class='ocrx_word' id='word_1_278' title='bbox 1240 5183 1273 5245; x_wconf 93' lang='lat' dir='ltr'>in</span> <span class='ocrx_word' id='word_1_279' title='bbox 1311 5257 1315 5266; x_wconf 23' lang='grc' dir='ltr'><strong>Δ</strong></span> 
     </span>
    </p>
   </div>
   <div class='ocr_carea' id='block_1_4' title="bbox 335 5272 1275 5822">
    <p class='ocr_par' dir='ltr' id='par_1_4' title="bbox 524 5272 1275 5710">
     <span class='ocr_line' id='line_1_51' title="bbox 525 5272 1274 5351; baseline 0.007 -18"><span class='ocrx_word' id='word_1_280' title='bbox 525 5273 698 5350; x_wconf 87' lang='lat' dir='ltr'>supradicti</span> <span class='ocrx_word' id='word_1_281' title='bbox 725 5273 896 5336; x_wconf 89' lang='lat' dir='ltr'>innocentii</span> <span class='ocrx_word' id='word_1_282' title='bbox 932 5272 1172 5351; x_wconf 89' lang='lat' dir='ltr'>praedecessoris</span> <span class='ocrx_word' id='word_1_283' title='bbox 1201 5291 1274 5338; x_wconf 92' lang='lat' dir='ltr'>con·</span> 
     </span>
     <span class='ocr_line' id='line_1_52' title="bbox 525 5365 1274 5446; baseline 0.005 -19"><span class='ocrx_word' id='word_1_284' title='bbox 525 5366 688 5429; x_wconf 89' lang='lat' dir='ltr'>stitutione</span> <span class='ocrx_word' id='word_1_285' title='bbox 708 5365 894 5446; x_wconf 88' lang='lat' dir='ltr'>praescripta</span> <span class='ocrx_word' id='word_1_286' title='bbox 915 5373 1000 5442; x_wconf 89' lang='lat' dir='ltr'>sunt,</span> <span class='ocrx_word' id='word_1_287' title='bbox 1017 5367 1162 5444; x_wconf 90' lang='lat' dir='ltr'>religiose</span> <span class='ocrx_word' id='word_1_288' title='bbox 1175 5376 1206 5430; x_wconf 89' lang='lat' dir='ltr'>et</span> <span class='ocrx_word' id='word_1_289' title='bbox 1221 5385 1274 5431; x_wconf 91' lang='lat' dir='ltr'>ex·</span> 
     </span>
     <span class='ocr_line' id='line_1_53' title="bbox 525 5459 1273 5540; baseline 0.001 -18"><span class='ocrx_word' id='word_1_290' title='bbox 525 5468 591 5522; x_wconf 85' lang='lat' dir='ltr'>acte</span> <span class='ocrx_word' id='word_1_291' title='bbox 611 5467 795 5538; x_wconf 69' lang='lat' dir='ltr'>servantum</span> <span class='ocrx_word' id='word_1_292' title='bbox 813 5459 894 5522; x_wconf 84' lang='lat' dir='ltr'>salvi</span> <span class='ocrx_word' id='word_1_293' title='bbox 912 5475 1035 5538; x_wconf 91' lang='lat' dir='ltr'>semper</span> <span class='ocrx_word' id='word_1_294' title='bbox 1050 5461 1082 5522; x_wconf 92' lang='lat' dir='ltr'>in</span> <span class='ocrx_word' id='word_1_295' title='bbox 1099 5462 1273 5540; x_wconf 89' lang='lat' dir='ltr'>praemissis</span> 
     </span>
     <span class='ocr_line' id='line_1_54' title="bbox 526 5552 1275 5631; baseline 0.007 -19"><span class='ocrx_word' id='word_1_296' title='bbox 526 5554 707 5616; x_wconf 88' lang='lat' dir='ltr'>anctoritate</span> <span class='ocrx_word' id='word_1_297' title='bbox 729 5552 985 5631; x_wconf 84' lang='lat' dir='ltr'>Congregationis</span> <span class='ocrx_word' id='word_1_298' title='bbox 1006 5556 1189 5618; x_wconf 91' lang='lat' dir='ltr'>eorumdem</span> <span class='ocrx_word' id='word_1_299' title='bbox 1203 5556 1275 5618; x_wconf 85' lang='lat' dir='ltr'>Gar-</span> 
     </span>
     <span class='ocr_line' id='line_1_55' title="bbox 524 5645 687 5710; baseline -0.006 -3"><span class='ocrx_word' id='word_1_300' title='bbox 524 5645 687 5710; x_wconf 87' lang='lat' dir='ltr'>dinalium.</span> 
     </span>
    </p>

    <p class='ocr_par' dir='ltr' id='par_1_5' title="bbox 335 5741 1275 5822">
     <span class='ocr_line' id='line_1_56' title="bbox 335 5741 1275 5822; baseline -0.003 -14"><span class='ocrx_word' id='word_1_301' title='bbox 335 5757 478 5808; x_wconf 77' lang='lat' dir='ltr'>clausurae.</span> <span class='ocrx_word' id='word_1_302' title='bbox 566 5742 585 5817; x_wconf 66' lang='grc' dir='ltr'><strong>ἓ</strong></span> <span class='ocrx_word' id='word_1_303' title='bbox 606 5741 635 5803; x_wconf 90' lang='grc'>3.</span> <span class='ocrx_word' id='word_1_304' title='bbox 659 5742 867 5806; x_wconf 87' lang='lat' dir='ltr'>Decernentes</span> <span class='ocrx_word' id='word_1_305' title='bbox 896 5742 974 5822; x_wconf 91' lang='lat' dir='ltr'>ipsas</span> <span class='ocrx_word' id='word_1_306' title='bbox 995 5749 1171 5821; x_wconf 91' lang='lat' dir='ltr'>praesentes</span> <span class='ocrx_word' id='word_1_307' title='bbox 1193 5744 1275 5806; x_wconf 89' lang='lat' dir='ltr'>litte·</span> 
     </span>
    </p>
   </div>
   <div class='ocr_carea' id='block_1_5' title="bbox 567 5951 989 6014">
    <p class='ocr_par' dir='ltr' id='par_1_6' title="bbox 567 5951 989 6014">
     <span class='ocr_line' id='line_1_57' title="bbox 567 5951 989 6014; baseline 0.019 -17"><span class='ocrx_word' id='word_1_308' title='bbox 567 5953 597 6014; x_wconf 84' lang='lat' dir='ltr'>(l)</span> <span class='ocrx_word' id='word_1_309' title='bbox 612 5953 650 6000; x_wconf 76' lang='lat' dir='ltr'>iix</span> <span class='ocrx_word' id='word_1_310' title='bbox 664 5951 768 6012; x_wconf 81' lang='lat' dir='ltr'>Regest.</span> <span class='ocrx_word' id='word_1_311' title='bbox 783 5955 811 6002; x_wconf 88' lang='lat' dir='ltr'>in</span> <span class='ocrx_word' id='word_1_312' title='bbox 826 5957 901 6004; x_wconf 71' lang='lat' dir='ltr'>ereb.</span> <span class='ocrx_word' id='word_1_313' title='bbox 917 5957 989 6005; x_wconf 81' lang='lat' dir='ltr'>Brev.</span> 
     </span>
    </p>
   </div>
   <div class='ocr_carea' id='block_1_6' title="bbox 1056 571 1555 627">
    <p class='ocr_par' dir='ltr' id='par_1_7' title="bbox 1056 571 1555 627">
     <span class='ocr_line' id='line_1_58' title="bbox 1056 571 1555 627; baseline 0 -2"><span class='ocrx_word' id='word_1_314' title='bbox 1056 573 1121 626; x_wconf 84' lang='lat' dir='ltr'>idn.</span> <span class='ocrx_word' id='word_1_315' title='bbox 1146 575 1237 627; x_wconf 77' lang='lat' dir='ltr'>PON&#39;l&#39;.</span> <span class='ocrx_word' id='word_1_316' title='bbox 1261 572 1302 627; x_wconf 76' lang='lat' dir='ltr'>DE</span> <span class='ocrx_word' id='word_1_317' title='bbox 1323 575 1352 626; x_wconf 80' lang='lat'>1³.</span> <span class='ocrx_word' id='word_1_318' title='bbox 1376 571 1405 626; x_wconf 71' lang='lat' dir='ltr'>ll·</span> <span class='ocrx_word' id='word_1_319' title='bbox 1429 577 1512 627; x_wconf 76' lang='lat' dir='ltr'>PARS</span> <span class='ocrx_word' id='word_1_320' title='bbox 1533 571 1555 626; x_wconf 86' lang='lat' dir='ltr'>l.</span> 
     </span>
    </p>
   </div>
   <div class='ocr_carea' id='block_1_7' title="bbox 2113 547 2330 622">
    <p class='ocr_par' dir='ltr' id='par_1_8' title="bbox 2113 547 2330 622">
     <span class='ocr_line' id='line_1_59' title="bbox 2113 547 2330 622; baseline -0.046 -1"><span class='ocrx_word' id='word_1_321' title='bbox 2113 554 2168 622; x_wconf 71' lang='lat' dir='ltr'>An.</span> <span class='ocrx_word' id='word_1_322' title='bbox 2184 557 2219 619; x_wconf 79' lang='lat'>0.</span> <span class='ocrx_word' id='word_1_323' title='bbox 2248 547 2330 615; x_wconf 81' lang='lat' dir='ltr'>teob</span> 
     </span>
    </p>
   </div>
   <div class='ocr_carea' id='block_1_8' title="bbox 1333 695 2084 1525">
    <p class='ocr_par' dir='ltr' id='par_1_9' title="bbox 1333 695 2084 1525">
     <span class='ocr_line' id='line_1_60' title="bbox 1336 695 2083 779; baseline 0.003 -19"><span class='ocrx_word' id='word_1_324' title='bbox 1336 715 1384 760; x_wconf 91' lang='lat' dir='ltr'>ras</span> <span class='ocrx_word' id='word_1_325' title='bbox 1409 713 1532 779; x_wconf 90' lang='lat' dir='ltr'>semper</span> <span class='ocrx_word' id='word_1_326' title='bbox 1547 697 1661 776; x_wconf 70' lang='lat' dir='ltr'>sirmas</span> <span class='ocrx_word' id='word_1_327' title='bbox 1684 695 1797 763; x_wconf 85' lang='lat' dir='ltr'>validas</span> <span class='ocrx_word' id='word_1_328' title='bbox 1812 699 1844 762; x_wconf 89' lang='lat' dir='ltr'>et</span> <span class='ocrx_word' id='word_1_329' title='bbox 1858 695 1994 764; x_wconf 86' lang='lat' dir='ltr'>efficaces</span> <span class='ocrx_word' id='word_1_330' title='bbox 2018 699 2083 762; x_wconf 87' lang='lat' dir='ltr'>exi-</span> 
     </span>
     <span class='ocr_line' id='line_1_61' title="bbox 1336 793 2083 873; baseline 0.003 -19"><span class='ocrx_word' id='word_1_331' title='bbox 1336 800 1418 855; x_wconf 88' lang='lat' dir='ltr'>stere</span> <span class='ocrx_word' id='word_1_332' title='bbox 1438 801 1469 855; x_wconf 93' lang='lat' dir='ltr'>et</span> <span class='ocrx_word' id='word_1_333' title='bbox 1484 793 1561 869; x_wconf 89' lang='lat' dir='ltr'>iore,</span> <span class='ocrx_word' id='word_1_334' title='bbox 1576 809 1710 872; x_wconf 89' lang='lat' dir='ltr'>suosque</span> <span class='ocrx_word' id='word_1_335' title='bbox 1731 793 1885 872; x_wconf 91' lang='lat' dir='ltr'>plenarios</span> <span class='ocrx_word' id='word_1_336' title='bbox 1899 802 1930 856; x_wconf 87' lang='lat' dir='ltr'>et</span> <span class='ocrx_word' id='word_1_337' title='bbox 1945 795 2083 873; x_wconf 91' lang='lat' dir='ltr'>integros</span> 
     </span>
     <span class='ocr_line' id='line_1_62' title="bbox 1335 885 2084 964; baseline 0.005 -17"><span class='ocrx_word' id='word_1_338' title='bbox 1335 885 1462 948; x_wconf 85' lang='lat' dir='ltr'>allectus</span> <span class='ocrx_word' id='word_1_339' title='bbox 1489 887 1592 948; x_wconf 92' lang='lat' dir='ltr'>sortiri</span> <span class='ocrx_word' id='word_1_340' title='bbox 1621 892 1651 948; x_wconf 91' lang='lat' dir='ltr'>et</span> <span class='ocrx_word' id='word_1_341' title='bbox 1679 887 1839 962; x_wconf 90' lang='lat' dir='ltr'>obtinere,</span> <span class='ocrx_word' id='word_1_342' title='bbox 1873 905 1907 950; x_wconf 92' lang='lat' dir='ltr'>ac</span> <span class='ocrx_word' id='word_1_343' title='bbox 1936 888 2014 964; x_wconf 89' lang='lat' dir='ltr'>illis,</span> <span class='ocrx_word' id='word_1_344' title='bbox 2046 890 2084 952; x_wconf 90' lang='lat' dir='ltr'>ad</span> 
     </span>
     <span class='ocr_line' id='line_1_63' title="bbox 1335 979 2083 1060; baseline 0.003 -20"><span class='ocrx_word' id='word_1_345' title='bbox 1335 994 1413 1056; x_wconf 93' lang='lat' dir='ltr'>quos</span> <span class='ocrx_word' id='word_1_346' title='bbox 1424 985 1539 1058; x_wconf 90' lang='lat' dir='ltr'>spectat</span> <span class='ocrx_word' id='word_1_347' title='bbox 1555 987 1586 1042; x_wconf 91' lang='lat' dir='ltr'>et</span> <span class='ocrx_word' id='word_1_348' title='bbox 1597 996 1652 1058; x_wconf 92' lang='lat' dir='ltr'>pro</span> <span class='ocrx_word' id='word_1_349' title='bbox 1670 988 1809 1059; x_wconf 91' lang='lat' dir='ltr'>tempore</span> <span class='ocrx_word' id='word_1_350' title='bbox 1826 979 2083 1060; x_wconf 89' lang='lat' dir='ltr'>quandocumque</span> 
     </span>
     <span class='ocr_line' id='line_1_64' title="bbox 1334 1071 2083 1154; baseline 0.004 -22"><span class='ocrx_word' id='word_1_351' title='bbox 1334 1071 1494 1149; x_wconf 87' lang='lat' dir='ltr'>spectabit,</span> <span class='ocrx_word' id='word_1_352' title='bbox 1517 1072 1549 1134; x_wconf 94' lang='lat' dir='ltr'>in</span> <span class='ocrx_word' id='word_1_353' title='bbox 1571 1073 1715 1134; x_wconf 90' lang='lat' dir='ltr'>omnibus</span> <span class='ocrx_word' id='word_1_354' title='bbox 1731 1080 1762 1135; x_wconf 93' lang='lat' dir='ltr'>et</span> <span class='ocrx_word' id='word_1_355' title='bbox 1776 1089 1832 1150; x_wconf 91' lang='lat' dir='ltr'>per</span> <span class='ocrx_word' id='word_1_356' title='bbox 1851 1073 1957 1136; x_wconf 89' lang='lat' dir='ltr'>omnia</span> <span class='ocrx_word' id='word_1_357' title='bbox 1970 1074 2083 1154; x_wconf 90' lang='lat' dir='ltr'>plenis-</span> 
     </span>
     <span class='ocr_line' id='line_1_65' title="bbox 1335 1164 2084 1244; baseline 0.007 -19"><span class='ocrx_word' id='word_1_358' title='bbox 1335 1164 1414 1226; x_wconf 89' lang='lat' dir='ltr'>sime</span> <span class='ocrx_word' id='word_1_359' title='bbox 1435 1165 1607 1242; x_wconf 88' lang='lat' dir='ltr'>sullragari,</span> <span class='ocrx_word' id='word_1_360' title='bbox 1630 1172 1661 1228; x_wconf 90' lang='lat' dir='ltr'>et</span> <span class='ocrx_word' id='word_1_361' title='bbox 1675 1167 1713 1228; x_wconf 88' lang='lat' dir='ltr'>ab</span> <span class='ocrx_word' id='word_1_362' title='bbox 1727 1165 1770 1228; x_wconf 91' lang='lat' dir='ltr'>eis</span> <span class='ocrx_word' id='word_1_363' title='bbox 1792 1167 1963 1244; x_wconf 88' lang='lat' dir='ltr'>respective</span> <span class='ocrx_word' id='word_1_364' title='bbox 1983 1168 2084 1230; x_wconf 88' lang='lat' dir='ltr'>invio·</span> 
     </span>
     <span class='ocr_line' id='line_1_66' title="bbox 1336 1258 2084 1340; baseline 0.007 -21"><span class='ocrx_word' id='word_1_365' title='bbox 1336 1258 1468 1322; x_wconf 89' lang='lat' dir='ltr'>labiliter</span> <span class='ocrx_word' id='word_1_366' title='bbox 1489 1261 1657 1337; x_wconf 90' lang='lat' dir='ltr'>observari,</span> <span class='ocrx_word' id='word_1_367' title='bbox 1670 1262 1777 1340; x_wconf 90' lang='lat' dir='ltr'>sicque</span> <span class='ocrx_word' id='word_1_368' title='bbox 1792 1261 1824 1323; x_wconf 94' lang='lat' dir='ltr'>in</span> <span class='ocrx_word' id='word_1_369' title='bbox 1840 1262 2014 1338; x_wconf 87' lang='lat' dir='ltr'>praemissis</span> <span class='ocrx_word' id='word_1_370' title='bbox 2029 1279 2084 1340; x_wconf 93' lang='lat' dir='ltr'>per</span> 
     </span>
     <span class='ocr_line' id='line_1_67' title="bbox 1335 1354 2081 1432; baseline 0.003 -18"><span class='ocrx_word' id='word_1_371' title='bbox 1335 1367 1549 1431; x_wconf 90' lang='lat' dir='ltr'>quoscumque</span> <span class='ocrx_word' id='word_1_372' title='bbox 1559 1354 1675 1417; x_wconf 91' lang='lat' dir='ltr'>iudices</span> <span class='ocrx_word' id='word_1_373' title='bbox 1691 1354 1862 1416; x_wconf 89' lang='lat' dir='ltr'>ordinarios</span> <span class='ocrx_word' id='word_1_374' title='bbox 1873 1361 1904 1416; x_wconf 92' lang='lat' dir='ltr'>et</span> <span class='ocrx_word' id='word_1_375' title='bbox 1915 1355 2081 1432; x_wconf 88' lang='lat' dir='ltr'>delegatos,</span> 
     </span>
     <span class='ocr_line' id='line_1_68' title="bbox 1333 1446 2082 1525; baseline 0.005 -19"><span class='ocrx_word' id='word_1_376' title='bbox 1333 1446 1428 1507; x_wconf 92' lang='lat' dir='ltr'>etiam</span> <span class='ocrx_word' id='word_1_377' title='bbox 1444 1461 1605 1508; x_wconf 90' lang='lat' dir='ltr'>causarum</span> <span class='ocrx_word' id='word_1_378' title='bbox 1620 1446 1724 1524; x_wconf 90' lang='lat' dir='ltr'>palatii</span> <span class='ocrx_word' id='word_1_379' title='bbox 1744 1446 1901 1525; x_wconf 90' lang='lat' dir='ltr'>apostolici</span> <span class='ocrx_word' id='word_1_380' title='bbox 1916 1447 2082 1523; x_wconf 81' lang='lat' dir='ltr'>auditores,</span> 
     </span>
    </p>
   </div>
   <div class='ocr_carea' id='block_1_9' title="bbox 1320 1538 2083 1615">
    <p class='ocr_par' dir='ltr' id='par_1_10' title="bbox 1320 1538 2083 1615">
     <span class='ocr_line' id='line_1_69' title="bbox 1320 1538 2083 1615; baseline -0.004 -11"><span class='ocrx_word' id='word_1_381' title='bbox 1320 1538 1462 1604; x_wconf 67' lang='lat' dir='ltr'>,indicari</span> <span class='ocrx_word' id='word_1_382' title='bbox 1483 1545 1514 1600; x_wconf 92' lang='lat' dir='ltr'>et</span> <span class='ocrx_word' id='word_1_383' title='bbox 1540 1539 1663 1601; x_wconf 83' lang='lat' dir='ltr'>deliniri</span> <span class='ocrx_word' id='word_1_384' title='bbox 1696 1540 1818 1615; x_wconf 91' lang='lat' dir='ltr'>debere,</span> <span class='ocrx_word' id='word_1_385' title='bbox 1841 1557 1875 1602; x_wconf 90' lang='lat' dir='ltr'>ac</span> <span class='ocrx_word' id='word_1_386' title='bbox 1904 1541 2029 1603; x_wconf 89' lang='lat' dir='ltr'>irritum</span> <span class='ocrx_word' id='word_1_387' title='bbox 2052 1547 2083 1602; x_wconf 91' lang='lat' dir='ltr'>et</span> 
     </span>
    </p>
   </div>
   <div class='ocr_carea' id='block_1_10' title="bbox 1331 1630 2335 4512">
    <p class='ocr_par' dir='ltr' id='par_1_11' title="bbox 1333 1630 2082 1892">
     <span class='ocr_line' id='line_1_70' title="bbox 1334 1630 2082 1712; baseline 0.004 -21"><span class='ocrx_word' id='word_1_388' title='bbox 1334 1630 1428 1693; x_wconf 88' lang='lat' dir='ltr'>inane</span> <span class='ocrx_word' id='word_1_389' title='bbox 1441 1632 1467 1692; x_wconf 91' lang='lat' dir='ltr'>si</span> <span class='ocrx_word' id='word_1_390' title='bbox 1485 1648 1573 1695; x_wconf 91' lang='lat' dir='ltr'>secus</span> <span class='ocrx_word' id='word_1_391' title='bbox 1587 1649 1681 1710; x_wconf 92' lang='lat' dir='ltr'>snper</span> <span class='ocrx_word' id='word_1_392' title='bbox 1695 1633 1743 1694; x_wconf 91' lang='lat' dir='ltr'>bis</span> <span class='ocrx_word' id='word_1_393' title='bbox 1757 1650 1773 1694; x_wconf 90' lang='lat' dir='ltr'>a</span> <span class='ocrx_word' id='word_1_394' title='bbox 1789 1649 1958 1712; x_wconf 88' lang='lat' dir='ltr'>quoquam,</span> <span class='ocrx_word' id='word_1_395' title='bbox 1974 1635 2082 1712; x_wconf 91' lang='lat' dir='ltr'>quavis</span> 
     </span>
     <span class='ocr_line' id='line_1_71' title="bbox 1333 1724 2082 1803; baseline 0.007 -19"><span class='ocrx_word' id='word_1_396' title='bbox 1333 1724 1527 1800; x_wconf 89' lang='lat' dir='ltr'>auctoritate,</span> <span class='ocrx_word' id='word_1_397' title='bbox 1548 1725 1684 1787; x_wconf 89' lang='lat' dir='ltr'>scienter</span> <span class='ocrx_word' id='word_1_398' title='bbox 1705 1726 1755 1788; x_wconf 94' lang='lat' dir='ltr'>vel</span> <span class='ocrx_word' id='word_1_399' title='bbox 1777 1726 1968 1803; x_wconf 81' lang='lat' dir='ltr'>ignoranter,</span> <span class='ocrx_word' id='word_1_400' title='bbox 1985 1727 2082 1789; x_wconf 88' lang='lat' dir='ltr'>conti-</span> 
     </span>
     <span class='ocr_line' id='line_1_72' title="bbox 1334 1817 1591 1892; baseline 0.008 -16"><span class='ocrx_word' id='word_1_401' title='bbox 1334 1817 1414 1892; x_wconf 85' lang='lat' dir='ltr'>gerit</span> <span class='ocrx_word' id='word_1_402' title='bbox 1435 1818 1591 1879; x_wconf 90' lang='lat' dir='ltr'>attentari.</span> 
     </span>
    </p>

    <p class='ocr_par' dir='ltr' id='par_1_12' title="bbox 1333 1910 2335 3393">
     <span class='ocr_line' id='line_1_73' title="bbox 1373 1910 2335 1994; baseline 0.004 -24"><span class='ocrx_word' id='word_1_403' title='bbox 1373 1911 1443 1986; x_wconf 68' lang='lat' dir='ltr'>§le</span> <span class='ocrx_word' id='word_1_404' title='bbox 1466 1910 1536 1972; x_wconf 93' lang='lat' dir='ltr'>Non</span> <span class='ocrx_word' id='word_1_405' title='bbox 1557 1913 1749 1976; x_wconf 89' lang='lat' dir='ltr'>obstantibus</span> <span class='ocrx_word' id='word_1_406' title='bbox 1770 1913 1928 1992; x_wconf 87' lang='lat' dir='ltr'>praelatis,</span> <span class='ocrx_word' id='word_1_407' title='bbox 1950 1914 2082 1993; x_wconf 91' lang='lat' dir='ltr'>aliisque</span> <span class='ocrx_word' id='word_1_408' title='bbox 2123 1930 2335 1994; x_wconf 50' lang='lat' dir='ltr'>conversorum</span> 
     </span>
     <span class='ocr_line' id='line_1_74' title="bbox 1334 1983 2246 2081; baseline 0.01 -18"><span class='ocrx_word' id='word_1_409' title='bbox 1334 2002 1494 2080; x_wconf 91' lang='lat' dir='ltr'>quibusvis</span> <span class='ocrx_word' id='word_1_410' title='bbox 1516 2003 1641 2081; x_wconf 89' lang='lat' dir='ltr'>litteris,</span> <span class='ocrx_word' id='word_1_411' title='bbox 1654 2023 1687 2068; x_wconf 94' lang='lat' dir='ltr'>ac</span> <span class='ocrx_word' id='word_1_412' title='bbox 1700 2007 1974 2070; x_wconf 89' lang='lat' dir='ltr'>constitutionibus</span> <span class='ocrx_word' id='word_1_413' title='bbox 1987 2015 2020 2069; x_wconf 91' lang='lat' dir='ltr'>et</span> <span class='ocrx_word' id='word_1_414' title='bbox 2033 2024 2082 2070; x_wconf 94' lang='lat' dir='ltr'>or·</span> <span class='ocrx_word' id='word_1_415' title='bbox 2100 1983 2246 2040; x_wconf 43' lang='grc' dir='ltr'><strong>πωπω·</strong></span> 
     </span>
     <span class='ocr_line' id='line_1_75' title="bbox 1334 2095 2081 2180; baseline 0.012 -24"><span class='ocrx_word' id='word_1_416' title='bbox 1334 2095 1545 2158; x_wconf 83' lang='lat' dir='ltr'>dinationibns</span> <span class='ocrx_word' id='word_1_417' title='bbox 1576 2099 1756 2178; x_wconf 90' lang='lat' dir='ltr'>apostolicis,</span> <span class='ocrx_word' id='word_1_418' title='bbox 1789 2116 1913 2163; x_wconf 93' lang='lat' dir='ltr'>necnon</span> <span class='ocrx_word' id='word_1_419' title='bbox 1935 2102 2081 2180; x_wconf 86' lang='lat' dir='ltr'>praelato·</span> 
     </span>
     <span class='ocr_line' id='line_1_76' title="bbox 1335 2181 2081 2271; baseline 0.008 -21"><span class='ocrx_word' id='word_1_420' title='bbox 1335 2205 1404 2252; x_wconf 92' lang='lat' dir='ltr'>rum</span> <span class='ocrx_word' id='word_1_421' title='bbox 1428 2189 1551 2254; x_wconf 90' lang='lat' dir='ltr'>Ordinis</span> <span class='ocrx_word' id='word_1_422' title='bbox 1567 2199 1597 2252; x_wconf 92' lang='lat' dir='ltr'>et</span> <span class='ocrx_word' id='word_1_423' title='bbox 1614 2193 1791 2270; x_wconf 91' lang='lat' dir='ltr'>provinciae</span> <span class='ocrx_word' id='word_1_424' title='bbox 1805 2194 1971 2271; x_wconf 75' lang='lat' dir='ltr'>QuitensiS,</span> <span class='ocrx_word' id='word_1_425' title='bbox 1988 2181 2081 2256; x_wconf 81' lang='lat' dir='ltr'>etiam</span> 
     </span>
     <span class='ocr_line' id='line_1_77' title="bbox 1335 2284 2081 2366; baseline 0.011 -23"><span class='ocrx_word' id='word_1_426' title='bbox 1335 2284 1528 2360; x_wconf 90' lang='lat' dir='ltr'>iuramento,</span> <span class='ocrx_word' id='word_1_427' title='bbox 1557 2286 1793 2348; x_wconf 82' lang='lat' dir='ltr'>confirmatione</span> <span class='ocrx_word' id='word_1_428' title='bbox 1823 2288 2000 2366; x_wconf 80' lang='lat' dir='ltr'>apostolica,</span> <span class='ocrx_word' id='word_1_429' title='bbox 2031 2291 2081 2351; x_wconf 91' lang='lat' dir='ltr'>vel</span> 
     </span>
     <span class='ocr_line' id='line_1_78' title="bbox 1334 2377 2082 2456; baseline 0.009 -18"><span class='ocrx_word' id='word_1_430' title='bbox 1334 2377 1441 2454; x_wconf 90' lang='lat' dir='ltr'>quavis</span> <span class='ocrx_word' id='word_1_431' title='bbox 1463 2377 1611 2440; x_wconf 87' lang='lat' dir='ltr'>llrmitate</span> <span class='ocrx_word' id='word_1_432' title='bbox 1635 2379 1692 2440; x_wconf 76' lang='lat' dir='ltr'>alii</span> <span class='ocrx_word' id='word_1_433' title='bbox 1713 2379 1874 2456; x_wconf 89' lang='lat' dir='ltr'>roboratis,</span> <span class='ocrx_word' id='word_1_434' title='bbox 1906 2384 2029 2444; x_wconf 90' lang='lat' dir='ltr'>statutis</span> <span class='ocrx_word' id='word_1_435' title='bbox 2050 2390 2082 2445; x_wconf 90' lang='lat' dir='ltr'>et</span> 
     </span>
     <span class='ocr_line' id='line_1_79' title="bbox 1334 2470 2082 2552; baseline 0.011 -22"><span class='ocrx_word' id='word_1_436' title='bbox 1334 2470 1621 2546; x_wconf 90' lang='lat' dir='ltr'>consuetudinibus,</span> <span class='ocrx_word' id='word_1_437' title='bbox 1637 2472 1810 2550; x_wconf 89' lang='lat' dir='ltr'>privilegiis</span> <span class='ocrx_word' id='word_1_438' title='bbox 1824 2489 1959 2552; x_wconf 91' lang='lat' dir='ltr'>quoque,</span> <span class='ocrx_word' id='word_1_439' title='bbox 1980 2475 2082 2538; x_wconf 92' lang='lat' dir='ltr'>indul·</span> 
     </span>
     <span class='ocr_line' id='line_1_80' title="bbox 1336 2561 2083 2647; baseline 0.011 -24"><span class='ocrx_word' id='word_1_440' title='bbox 1336 2561 1373 2624; x_wconf 88' lang='lat' dir='ltr'>tis</span> <span class='ocrx_word' id='word_1_441' title='bbox 1388 2571 1420 2624; x_wconf 90' lang='lat' dir='ltr'>et</span> <span class='ocrx_word' id='word_1_442' title='bbox 1441 2563 1538 2624; x_wconf 89' lang='lat' dir='ltr'>literis</span> <span class='ocrx_word' id='word_1_443' title='bbox 1557 2565 1727 2642; x_wconf 87' lang='lat' dir='ltr'>apostolicis</span> <span class='ocrx_word' id='word_1_444' title='bbox 1745 2566 1778 2627; x_wconf 90' lang='lat' dir='ltr'>in</span> <span class='ocrx_word' id='word_1_445' title='bbox 1793 2567 1984 2629; x_wconf 90' lang='lat' dir='ltr'>contrarium</span> <span class='ocrx_word' id='word_1_446' title='bbox 1997 2584 2083 2647; x_wconf 91' lang='lat' dir='ltr'>prae-</span> 
     </span>
     <span class='ocr_line' id='line_1_81' title="bbox 1335 2655 2081 2735; baseline 0.012 -19"><span class='ocrx_word' id='word_1_447' title='bbox 1335 2655 1501 2718; x_wconf 89' lang='lat' dir='ltr'>missorum</span> <span class='ocrx_word' id='word_1_448' title='bbox 1523 2657 1755 2735; x_wconf 89' lang='lat' dir='ltr'>quomodolibet</span> <span class='ocrx_word' id='word_1_449' title='bbox 1776 2660 1946 2735; x_wconf 89' lang='lat' dir='ltr'>concessis,</span> <span class='ocrx_word' id='word_1_450' title='bbox 1969 2663 2081 2724; x_wconf 85' lang='lat' dir='ltr'>contir-</span> 
     </span>
     <span class='ocr_line' id='line_1_82' title="bbox 1334 2749 2082 2829; baseline 0.013 -21"><span class='ocrx_word' id='word_1_451' title='bbox 1334 2749 1424 2810; x_wconf 91' lang='lat' dir='ltr'>matis</span> <span class='ocrx_word' id='word_1_452' title='bbox 1445 2757 1476 2810; x_wconf 93' lang='lat' dir='ltr'>et</span> <span class='ocrx_word' id='word_1_453' title='bbox 1492 2749 1663 2827; x_wconf 88' lang='lat' dir='ltr'>innovatis;</span> <span class='ocrx_word' id='word_1_454' title='bbox 1686 2752 1798 2829; x_wconf 89' lang='lat' dir='ltr'>quibas</span> <span class='ocrx_word' id='word_1_455' title='bbox 1812 2755 1958 2817; x_wconf 91' lang='lat' dir='ltr'>omnibus</span> <span class='ocrx_word' id='word_1_456' title='bbox 1973 2763 2004 2817; x_wconf 92' lang='lat' dir='ltr'>et</span> <span class='ocrx_word' id='word_1_457' title='bbox 2017 2757 2082 2818; x_wconf 93' lang='lat' dir='ltr'>sin-</span> 
     </span>
     <span class='ocr_line' id='line_1_83' title="bbox 1334 2841 2081 2927; baseline 0.013 -25"><span class='ocrx_word' id='word_1_458' title='bbox 1334 2841 1415 2917; x_wconf 88' lang='lat' dir='ltr'>gulis</span> <span class='ocrx_word' id='word_1_459' title='bbox 1427 2841 1555 2904; x_wconf 91' lang='lat' dir='ltr'>illorum</span> <span class='ocrx_word' id='word_1_460' title='bbox 1567 2850 1690 2904; x_wconf 90' lang='lat' dir='ltr'>tenores</span> <span class='ocrx_word' id='word_1_461' title='bbox 1701 2847 1911 2923; x_wconf 89' lang='lat' dir='ltr'>praesentibus</span> <span class='ocrx_word' id='word_1_462' title='bbox 1922 2864 1978 2925; x_wconf 90' lang='lat' dir='ltr'>pro</span> <span class='ocrx_word' id='word_1_463' title='bbox 1989 2849 2081 2927; x_wconf 92' lang='lat' dir='ltr'>plene</span> 
     </span>
     <span class='ocr_line' id='line_1_84' title="bbox 1334 2935 2081 3015; baseline 0.013 -21"><span class='ocrx_word' id='word_1_464' title='bbox 1334 2943 1364 2995; x_wconf 93' lang='lat' dir='ltr'>et</span> <span class='ocrx_word' id='word_1_465' title='bbox 1374 2935 1565 2997; x_wconf 83' lang='lat' dir='ltr'>sufficienter</span> <span class='ocrx_word' id='word_1_466' title='bbox 1575 2937 1725 3015; x_wconf 85' lang='lat' dir='ltr'>expressis</span> <span class='ocrx_word' id='word_1_467' title='bbox 1741 2940 1824 3001; x_wconf 89' lang='lat' dir='ltr'>acad</span> <span class='ocrx_word' id='word_1_468' title='bbox 1839 2941 1971 3004; x_wconf 89' lang='lat' dir='ltr'>verbnm</span> <span class='ocrx_word' id='word_1_469' title='bbox 1983 2943 2081 3004; x_wconf 91' lang='lat' dir='ltr'>inser-</span> 
     </span>
     <span class='ocr_line' id='line_1_85' title="bbox 1333 3026 2080 3113; baseline 0.019 -27"><span class='ocrx_word' id='word_1_470' title='bbox 1333 3026 1372 3087; x_wconf 90' lang='lat' dir='ltr'>tis</span> <span class='ocrx_word' id='word_1_471' title='bbox 1383 3027 1540 3102; x_wconf 87' lang='lat' dir='ltr'>babentes,</span> <span class='ocrx_word' id='word_1_472' title='bbox 1553 3029 1695 3092; x_wconf 84' lang='lat' dir='ltr'>illisaliirs</span> <span class='ocrx_word' id='word_1_473' title='bbox 1706 3033 1738 3093; x_wconf 93' lang='lat' dir='ltr'>in</span> <span class='ocrx_word' id='word_1_474' title='bbox 1749 3049 1806 3095; x_wconf 88' lang='lat' dir='ltr'>sno</span> <span class='ocrx_word' id='word_1_475' title='bbox 1817 3033 1926 3096; x_wconf 92' lang='lat' dir='ltr'>robore</span> <span class='ocrx_word' id='word_1_476' title='bbox 1937 3050 2080 3113; x_wconf 86' lang='lat' dir='ltr'>perman—</span> 
     </span>
     <span class='ocr_line' id='line_1_86' title="bbox 1333 3121 2081 3202; baseline 0.012 -21"><span class='ocrx_word' id='word_1_477' title='bbox 1333 3121 1424 3196; x_wconf 91' lang='lat' dir='ltr'>suris,</span> <span class='ocrx_word' id='word_1_478' title='bbox 1447 3121 1483 3182; x_wconf 86' lang='lat' dir='ltr'>ad</span> <span class='ocrx_word' id='word_1_479' title='bbox 1505 3124 1745 3199; x_wconf 89' lang='lat' dir='ltr'>praemissorum</span> <span class='ocrx_word' id='word_1_480' title='bbox 1763 3126 1920 3202; x_wconf 89' lang='lat' dir='ltr'>ellectum,</span> <span class='ocrx_word' id='word_1_481' title='bbox 1937 3129 1992 3189; x_wconf 89' lang='lat' dir='ltr'>bac</span> <span class='ocrx_word' id='word_1_482' title='bbox 2015 3129 2081 3190; x_wconf 90' lang='lat' dir='ltr'>vice</span> 
     </span>
     <span class='ocr_line' id='line_1_87' title="bbox 1333 3215 2082 3298; baseline 0.009 -22"><span class='ocrx_word' id='word_1_483' title='bbox 1333 3215 1509 3291; x_wconf 86' lang='lat' dir='ltr'>dumtaxat,</span> <span class='ocrx_word' id='word_1_484' title='bbox 1536 3217 1708 3294; x_wconf 88' lang='lat' dir='ltr'>specialiter</span> <span class='ocrx_word' id='word_1_485' title='bbox 1729 3225 1760 3278; x_wconf 88' lang='lat' dir='ltr'>ot</span> <span class='ocrx_word' id='word_1_486' title='bbox 1784 3235 1927 3298; x_wconf 89' lang='lat' dir='ltr'>expresse</span> <span class='ocrx_word' id='word_1_487' title='bbox 1955 3223 2082 3298; x_wconf 84' lang='lat' dir='ltr'>deroga-</span> 
     </span>
     <span class='ocr_line' id='line_1_88' title="bbox 1333 3309 2077 3393; baseline 0.008 -25"><span class='ocrx_word' id='word_1_488' title='bbox 1333 3323 1419 3383; x_wconf 80' lang='lat' dir='ltr'>mus3</span> <span class='ocrx_word' id='word_1_489' title='bbox 1442 3309 1614 3387; x_wconf 88' lang='lat' dir='ltr'>ceterisque</span> <span class='ocrx_word' id='word_1_490' title='bbox 1635 3311 1796 3372; x_wconf 86' lang='lat' dir='ltr'>contrariis</span> <span class='ocrx_word' id='word_1_491' title='bbox 1817 3313 2077 3393; x_wconf 90' lang='lat' dir='ltr'>quibuscumque.</span> 
     </span>
    </p>

    <p class='ocr_par' dir='ltr' id='par_1_13' title="bbox 1331 3401 2323 4214">
     <span class='ocr_line' id='line_1_89' title="bbox 1373 3401 2323 3486; baseline 0.007 -26"><span class='ocrx_word' id='word_1_492' title='bbox 1373 3403 1391 3476; x_wconf 80' lang='lat'><strong>§</strong></span> <span class='ocrx_word' id='word_1_493' title='bbox 1406 3402 1434 3460; x_wconf 85' lang='lat'>5.</span> <span class='ocrx_word' id='word_1_494' title='bbox 1453 3401 1605 3464; x_wconf 83' lang='lat' dir='ltr'>Volumus</span> <span class='ocrx_word' id='word_1_495' title='bbox 1620 3411 1736 3480; x_wconf 86' lang='lat' dir='ltr'>autem,</span> <span class='ocrx_word' id='word_1_496' title='bbox 1750 3411 1784 3466; x_wconf 93' lang='lat' dir='ltr'>ut</span> <span class='ocrx_word' id='word_1_497' title='bbox 1800 3407 1979 3469; x_wconf 85' lang='lat' dir='ltr'>earumdem</span> <span class='ocrx_word' id='word_1_498' title='bbox 1993 3425 2079 3486; x_wconf 89' lang='lat' dir='ltr'>prae·</span> <span class='ocrx_word' id='word_1_499' title='bbox 2151 3432 2226 3479; x_wconf 76' lang='lat' dir='ltr'>vides</span> <span class='ocrx_word' id='word_1_500' title='bbox 2241 3435 2323 3480; x_wconf 71' lang='lat' dir='ltr'>man-</span> 
     </span>
     <span class='ocr_line' id='line_1_90' title="bbox 1332 3489 2274 3577; baseline 0.006 -17"><span class='ocrx_word' id='word_1_501' title='bbox 1332 3498 1470 3560; x_wconf 89' lang='lat' dir='ltr'>sentinm</span> <span class='ocrx_word' id='word_1_502' title='bbox 1492 3498 1667 3560; x_wconf 87' lang='lat' dir='ltr'>litterarum</span> <span class='ocrx_word' id='word_1_503' title='bbox 1690 3501 1891 3577; x_wconf 84' lang='lat' dir='ltr'>transumptis</span> <span class='ocrx_word' id='word_1_504' title='bbox 1905 3517 1960 3563; x_wconf 90' lang='lat' dir='ltr'>seu</span> <span class='ocrx_word' id='word_1_505' title='bbox 1975 3517 2079 3564; x_wconf 88' lang='lat' dir='ltr'>exem-</span> <span class='ocrx_word' id='word_1_506' title='bbox 2099 3489 2274 3542; x_wconf 73' lang='lat' dir='ltr'>comparum.</span> 
     </span>
     <span class='ocr_line' id='line_1_91' title="bbox 1333 3591 2078 3670; baseline 0.007 -18"><span class='ocrx_word' id='word_1_507' title='bbox 1333 3591 1403 3670; x_wconf 92' lang='lat' dir='ltr'>plis,</span> <span class='ocrx_word' id='word_1_508' title='bbox 1418 3591 1511 3652; x_wconf 88' lang='lat' dir='ltr'>etiam</span> <span class='ocrx_word' id='word_1_509' title='bbox 1528 3591 1695 3668; x_wconf 72' lang='lat' dir='ltr'>impressis</span> <span class='ocrx_word' id='word_1_510' title='bbox 1712 3608 1808 3654; x_wconf 91' lang='lat' dir='ltr'>manu</span> <span class='ocrx_word' id='word_1_511' title='bbox 1823 3593 1953 3655; x_wconf 89' lang='lat' dir='ltr'>alicuius</span> <span class='ocrx_word' id='word_1_512' title='bbox 1968 3597 2078 3657; x_wconf 88' lang='lat' dir='ltr'>notarii</span> 
     </span>
     <span class='ocr_line' id='line_1_92' title="bbox 1333 3684 2080 3764; baseline 0.005 -18"><span class='ocrx_word' id='word_1_513' title='bbox 1333 3684 1447 3764; x_wconf 90' lang='lat' dir='ltr'>publici</span> <span class='ocrx_word' id='word_1_514' title='bbox 1474 3685 1665 3763; x_wconf 89' lang='lat' dir='ltr'>subscriptis,</span> <span class='ocrx_word' id='word_1_515' title='bbox 1694 3692 1724 3746; x_wconf 92' lang='lat' dir='ltr'>et</span> <span class='ocrx_word' id='word_1_516' title='bbox 1744 3685 1849 3762; x_wconf 88' lang='lat' dir='ltr'>sigillo</span> <span class='ocrx_word' id='word_1_517' title='bbox 1877 3702 2025 3764; x_wconf 87' lang='lat' dir='ltr'>personae</span> <span class='ocrx_word' id='word_1_518' title='bbox 2046 3690 2080 3750; x_wconf 94' lang='lat' dir='ltr'>in</span> 
     </span>
     <span class='ocr_line' id='line_1_93' title="bbox 1331 3778 2078 3858; baseline 0.007 -19"><span class='ocrx_word' id='word_1_519' title='bbox 1331 3779 1532 3842; x_wconf 79' lang='lat' dir='ltr'>ecclesiastica</span> <span class='ocrx_word' id='word_1_520' title='bbox 1557 3778 1709 3855; x_wconf 89' lang='lat' dir='ltr'>dignitate</span> <span class='ocrx_word' id='word_1_521' title='bbox 1730 3780 1915 3842; x_wconf 90' lang='lat' dir='ltr'>constitutae</span> <span class='ocrx_word' id='word_1_522' title='bbox 1936 3783 2078 3858; x_wconf 89' lang='lat' dir='ltr'>munitis,</span> 
     </span>
     <span class='ocr_line' id='line_1_94' title="bbox 1333 3871 2079 3954; baseline 0.007 -20"><span class='ocrx_word' id='word_1_523' title='bbox 1333 3874 1440 3936; x_wconf 91' lang='lat' dir='ltr'>eadem</span> <span class='ocrx_word' id='word_1_524' title='bbox 1460 3889 1586 3950; x_wconf 90' lang='lat' dir='ltr'>prorsus</span> <span class='ocrx_word' id='word_1_525' title='bbox 1607 3871 1682 3934; x_wconf 90' lang='lat' dir='ltr'>ildes</span> <span class='ocrx_word' id='word_1_526' title='bbox 1706 3873 1823 3934; x_wconf 92' lang='lat' dir='ltr'>tamin</span> <span class='ocrx_word' id='word_1_527' title='bbox 1848 3873 1960 3936; x_wconf 86' lang='lat' dir='ltr'>iudicio</span> <span class='ocrx_word' id='word_1_528' title='bbox 1986 3891 2079 3954; x_wconf 91' lang='lat' dir='ltr'>qnam</span> 
     </span>
     <span class='ocr_line' id='line_1_95' title="bbox 1333 3965 2080 4048; baseline 0.004 -21"><span class='ocrx_word' id='word_1_529' title='bbox 1333 3972 1420 4028; x_wconf 87' lang='lat' dir='ltr'>extra</span> <span class='ocrx_word' id='word_1_530' title='bbox 1440 3965 1518 4028; x_wconf 90' lang='lat' dir='ltr'>illud</span> <span class='ocrx_word' id='word_1_531' title='bbox 1539 3965 1699 4041; x_wconf 85' lang='lat' dir='ltr'>habeatur,</span> <span class='ocrx_word' id='word_1_532' title='bbox 1720 3981 1798 4044; x_wconf 89' lang='lat' dir='ltr'>quae</span> <span class='ocrx_word' id='word_1_533' title='bbox 1820 3967 1987 4030; x_wconf 89' lang='lat' dir='ltr'>baberetur</span> <span class='ocrx_word' id='word_1_534' title='bbox 2007 3970 2080 4048; x_wconf 91' lang='lat' dir='ltr'>ipsis</span> 
     </span>
     <span class='ocr_line' id='line_1_96' title="bbox 1331 4058 2079 4138; baseline 0.005 -18"><span class='ocrx_word' id='word_1_535' title='bbox 1331 4059 1556 4138; x_wconf 90' lang='lat' dir='ltr'>praesentibus,</span> <span class='ocrx_word' id='word_1_536' title='bbox 1569 4058 1710 4120; x_wconf 91' lang='lat' dir='ltr'>silorent</span> <span class='ocrx_word' id='word_1_537' title='bbox 1731 4059 1887 4122; x_wconf 87' lang='lat' dir='ltr'>exlribitae</span> <span class='ocrx_word' id='word_1_538' title='bbox 1907 4060 1957 4122; x_wconf 90' lang='lat' dir='ltr'>vel</span> <span class='ocrx_word' id='word_1_539' title='bbox 1978 4070 2079 4124; x_wconf 88' lang='lat' dir='ltr'>osten-</span> 
     </span>
     <span class='ocr_line' id='line_1_97' title="bbox 1332 4169 1393 4214; baseline -0.016 -1"><span class='ocrx_word' id='word_1_540' title='bbox 1332 4169 1393 4214; x_wconf 86' lang='lat' dir='ltr'>sae.</span> 
     </span>
    </p>

    <p class='ocr_par' dir='ltr' id='par_1_14' title="bbox 1331 4246 2080 4512">
     <span class='ocr_line' id='line_1_98' title="bbox 1372 4246 2079 4326; baseline 0.006 -18"><span class='ocrx_word' id='word_1_541' title='bbox 1372 4247 1484 4308; x_wconf 86' lang='lat' dir='ltr'>Datum</span> <span class='ocrx_word' id='word_1_542' title='bbox 1515 4246 1644 4322; x_wconf 86' lang='lat' dir='ltr'>Romae,</span> <span class='ocrx_word' id='word_1_543' title='bbox 1675 4247 1756 4326; x_wconf 89' lang='lat' dir='ltr'>apud</span> <span class='ocrx_word' id='word_1_544' title='bbox 1783 4248 1814 4310; x_wconf 90' lang='lat' dir='ltr'>S.</span> <span class='ocrx_word' id='word_1_545' title='bbox 1838 4249 1965 4310; x_wconf 88' lang='lat' dir='ltr'>blariam</span> <span class='ocrx_word' id='word_1_546' title='bbox 1990 4251 2079 4313; x_wconf 85' lang='lat' dir='ltr'>ilaio·</span> 
     </span>
     <span class='ocr_line' id='line_1_99' title="bbox 1331 4340 2080 4418; baseline 0.005 -18"><span class='ocrx_word' id='word_1_547' title='bbox 1331 4355 1411 4414; x_wconf 92' lang='lat' dir='ltr'>rem,</span> <span class='ocrx_word' id='word_1_548' title='bbox 1433 4341 1491 4402; x_wconf 90' lang='lat' dir='ltr'>sub</span> <span class='ocrx_word' id='word_1_549' title='bbox 1505 4341 1620 4402; x_wconf 90' lang='lat' dir='ltr'>annulo</span> <span class='ocrx_word' id='word_1_550' title='bbox 1635 4340 1805 4418; x_wconf 89' lang='lat' dir='ltr'>Piscatoris,</span> <span class='ocrx_word' id='word_1_551' title='bbox 1829 4341 1879 4403; x_wconf 92' lang='lat' dir='ltr'>die</span> <span class='ocrx_word' id='word_1_552' title='bbox 1900 4359 1990 4404; x_wconf 84' lang='lat' dir='ltr'>xxxx.</span> <span class='ocrx_word' id='word_1_553' title='bbox 2012 4342 2080 4404; x_wconf 91' lang='lat' dir='ltr'>iulii</span> 
     </span>
     <span class='ocr_line' id='line_1_100' title="bbox 1332 4434 1957 4512; baseline 0.002 -16"><span class='ocrx_word' id='word_1_554' title='bbox 1332 4449 1467 4510; x_wconf 88' lang='lat' dir='ltr'>nncxc.,</span> <span class='ocrx_word' id='word_1_555' title='bbox 1487 4434 1682 4512; x_wconf 87' lang='lat' dir='ltr'>pontillcatns</span> <span class='ocrx_word' id='word_1_556' title='bbox 1710 4435 1808 4496; x_wconf 91' lang='lat' dir='ltr'>nostri</span> <span class='ocrx_word' id='word_1_557' title='bbox 1832 4451 1914 4497; x_wconf 91' lang='lat' dir='ltr'>anno</span> <span class='ocrx_word' id='word_1_558' title='bbox 1935 4453 1957 4497; x_wconf 92' lang='lat'>1.</span> 
     </span>
    </p>
   </div>
   <div class='ocr_carea' id='block_1_11' title="bbox 1584 4591 1823 4605">
    <p class='ocr_par' dir='ltr' id='par_1_15' title="bbox 1584 4591 1823 4605">
     <span class='ocr_line' id='line_1_101' title="bbox 1584 4591 1823 4605; baseline 0.004 -1"><span class='ocrx_word' id='word_1_559' title='bbox 1584 4591 1823 4605; x_wconf 65' lang='lat' dir='ltr'>-u———nn—</span> 
     </span>
    </p>
   </div>
   <div class='ocr_carea' id='block_1_12' title="bbox 1678 4717 1731 4780">
    <p class='ocr_par' dir='ltr' id='par_1_16' title="bbox 1678 4717 1731 4780">
     <span class='ocr_line' id='line_1_102' title="bbox 1678 4717 1731 4780; baseline 0 -1"><span class='ocrx_word' id='word_1_560' title='bbox 1678 4717 1731 4780; x_wconf 81' lang='lat' dir='ltr'>tlt.</span> 
     </span>
    </p>
   </div>
   <div class='ocr_carea' id='block_1_13' title="bbox 1331 4901 2078 5264">
    <p class='ocr_par' dir='ltr' id='par_1_17' title="bbox 1331 4901 2078 5264">
     <span class='ocr_line' id='line_1_103' title="bbox 1331 4901 2078 4986; baseline 0.008 -24"><span class='ocrx_word' id='word_1_561' title='bbox 1331 4901 1538 4976; x_wconf 78' lang='lat' dir='ltr'>Prohibetur,</span> <span class='ocrx_word' id='word_1_562' title='bbox 1561 4921 1600 4964; x_wconf 85' lang='lat' dir='ltr'>ne</span> <span class='ocrx_word' id='word_1_563' title='bbox 1621 4913 1808 4986; x_wconf 76' lang='lat' dir='ltr'>augeantur</span> <span class='ocrx_word' id='word_1_564' title='bbox 1828 4909 1875 4970; x_wconf 84' lang='lat' dir='ltr'>oet</span> <span class='ocrx_word' id='word_1_565' title='bbox 1892 4905 2078 4972; x_wconf 77' lang='lat' dir='ltr'>diminuan-</span> 
     </span>
     <span class='ocr_line' id='line_1_104' title="bbox 1372 4997 2078 5065; baseline 0.008 -7"><span class='ocrx_word' id='word_1_566' title='bbox 1372 5004 1430 5058; x_wconf 84' lang='lat' dir='ltr'>tur</span> <span class='ocrx_word' id='word_1_567' title='bbox 1449 4999 1519 5059; x_wconf 83' lang='lat' dir='ltr'>sine</span> <span class='ocrx_word' id='word_1_568' title='bbox 1542 4997 1572 5060; x_wconf 88' lang='lat' dir='ltr'>S.</span> <span class='ocrx_word' id='word_1_569' title='bbox 1599 4999 1687 5061; x_wconf 83' lang='lat' dir='ltr'>Sedis</span> <span class='ocrx_word' id='word_1_570' title='bbox 1716 4999 1852 5062; x_wconf 84' lang='lat' dir='ltr'>la&#39;ccutiti</span> <span class='ocrx_word' id='word_1_571' title='bbox 1880 5017 1977 5062; x_wconf 85' lang='lat' dir='ltr'>onero</span> <span class='ocrx_word' id='word_1_572' title='bbox 1998 5004 2078 5065; x_wconf 73' lang='lat' dir='ltr'>satra</span> 
     </span>
     <span class='ocr_line' id='line_1_105' title="bbox 1370 5090 2077 5168; baseline 0.008 -20"><span class='ocrx_word' id='word_1_573' title='bbox 1370 5090 1467 5152; x_wconf 85' lang='lat' dir='ltr'>solita</span> <span class='ocrx_word' id='word_1_574' title='bbox 1499 5091 1630 5153; x_wconf 83' lang='lat' dir='ltr'>aerario</span> <span class='ocrx_word' id='word_1_575' title='bbox 1652 5091 1822 5168; x_wconf 81' lang='lat' dir='ltr'>hospitalis</span> <span class='ocrx_word' id='word_1_576' title='bbox 1851 5092 1964 5155; x_wconf 82' lang='lat' dir='ltr'>Sancti</span> <span class='ocrx_word' id='word_1_577' title='bbox 1989 5095 2077 5156; x_wconf 84' lang='lat' dir='ltr'>loon-</span> 
     </span>
     <span class='ocr_line' id='line_1_106' title="bbox 1370 5182 1810 5264; baseline 0.011 -23"><span class='ocrx_word' id='word_1_578' title='bbox 1370 5182 1422 5243; x_wconf 83' lang='lat' dir='ltr'>ais</span> <span class='ocrx_word' id='word_1_579' title='bbox 1444 5183 1731 5259; x_wconf 67' lang='lat' dir='ltr'>Hierosolymarius·</span> <span class='ocrx_word' id='word_1_580' title='bbox 1753 5185 1810 5264; x_wconf 85' lang='lat' dir='ltr'>(l).</span> 
     </span>
    </p>
   </div>
   <div class='ocr_carea' id='block_1_14' title="bbox 1450 5351 1955 5559">
    <p class='ocr_par' dir='ltr' id='par_1_18' title="bbox 1450 5351 1955 5559">
     <span class='ocr_line' id='line_1_107' title="bbox 1499 5351 1911 5422; baseline 0.002 -2"><span class='ocrx_word' id='word_1_581' title='bbox 1499 5351 1732 5422; x_wconf 70' lang='lat' dir='ltr'>tttttnofill</span> <span class='ocrx_word' id='word_1_582' title='bbox 1758 5354 1818 5422; x_wconf 91' lang='grc' dir='ltr'>ΡΡ.</span> <span class='ocrx_word' id='word_1_583' title='bbox 1843 5354 1911 5422; x_wconf 83' lang='lat' dir='ltr'>llll.</span> 
     </span>
     <span class='ocr_line' id='line_1_108' title="bbox 1450 5477 1955 5559; baseline -0.002 -17"><span class='ocrx_word' id='word_1_584' title='bbox 1450 5477 1486 5543; x_wconf 83' lang='lat' dir='ltr'>od</span> <span class='ocrx_word' id='word_1_585' title='bbox 1509 5482 1681 5559; x_wconf 84' lang='lat' dir='ltr'>perpetuam</span> <span class='ocrx_word' id='word_1_586' title='bbox 1710 5477 1753 5543; x_wconf 91' lang='lat' dir='ltr'>rei</span> <span class='ocrx_word' id='word_1_587' title='bbox 1775 5478 1955 5545; x_wconf 82' lang='lat' dir='ltr'>memoriam.</span> 
     </span>
    </p>
   </div>
   <div class='ocr_carea' id='block_1_15' title="bbox 1331 5651 2311 5828">
    <p class='ocr_par' dir='ltr' id='par_1_19' title="bbox 1331 5651 2311 5828">
     <span class='ocr_line' id='line_1_109' title="bbox 1370 5651 2311 5740; baseline -0.028 -5"><span class='ocrx_word' id='word_1_588' title='bbox 1370 5651 1439 5726; x_wconf 68' lang='lat'>5¹·</span> <span class='ocrx_word' id='word_1_589' title='bbox 1464 5651 1555 5728; x_wconf 85' lang='lat' dir='ltr'>Cum,</span> <span class='ocrx_word' id='word_1_590' title='bbox 1579 5653 1658 5714; x_wconf 85' lang='lat' dir='ltr'>sicut</span> <span class='ocrx_word' id='word_1_591' title='bbox 1678 5653 1862 5734; x_wconf 91' lang='lat' dir='ltr'>accepimus,</span> <span class='ocrx_word' id='word_1_592' title='bbox 1886 5655 2077 5734; x_wconf 88' lang='lat' dir='ltr'>quampluri·</span> <span class='ocrx_word' id='word_1_593' title='bbox 2123 5675 2204 5740; x_wconf 48' lang='lat' dir='ltr'>cauea</span> <span class='ocrx_word' id='word_1_594' title='bbox 2218 5677 2311 5723; x_wconf 79' lang='lat' dir='ltr'>eonsu-</span> 
     </span>
     <span class='ocr_line' id='line_1_110' title="bbox 1331 5731 2212 5828; baseline -0.002 -21"><span class='ocrx_word' id='word_1_595' title='bbox 1331 5759 1398 5806; x_wconf 93' lang='lat' dir='ltr'>mae</span> <span class='ocrx_word' id='word_1_596' title='bbox 1420 5753 1451 5806; x_wconf 92' lang='lat' dir='ltr'>et</span> <span class='ocrx_word' id='word_1_597' title='bbox 1471 5760 1545 5807; x_wconf 87' lang='lat' dir='ltr'>sane</span> <span class='ocrx_word' id='word_1_598' title='bbox 1573 5745 1774 5821; x_wconf 92' lang='lat' dir='ltr'>gravissimae</span> <span class='ocrx_word' id='word_1_599' title='bbox 1801 5763 1973 5827; x_wconf 89' lang='lat' dir='ltr'>expensae,</span> <span class='ocrx_word' id='word_1_600' title='bbox 2002 5765 2077 5828; x_wconf 86' lang='lat' dir='ltr'>quas</span> <span class='ocrx_word' id='word_1_601' title='bbox 2095 5731 2212 5776; x_wconf 56' lang='lat' dir='ltr'><strong>t¹¹¹¹⁰¹²¹⁵·</strong></span> 
     </span>
    </p>
   </div>
   <div class='ocr_carea' id='block_1_16' title="bbox 0 0 2428 6983">
    <p class='ocr_par' dir='ltr' id='par_1_20' title="bbox 0 0 2428 6983">
     <span class='ocr_line' id='line_1_111' title="bbox 0 0 2428 6983; baseline 0 0"><span class='ocrx_word' id='word_1_602' title='bbox 0 0 2428 6983; x_wconf 95' lang='lat' dir='ltr'> </span> 
     </span>
    </p>
   </div>
  </div>
 </body>
</html>
