4844 6990
1019 565 1159 611 CLEMENS
1181 563 1238 609 llll.

359 689 503 756 mationis
525 695 648 750 nostrae
669 687 840 765 patrocinio
857 685 1032 773 plurimum
1053 685 1105 746 de-

358 785 487 859 sideret3
511 798 567 844 nos
588 781 753 859 specialem
776 781 832 857 ipsi
846 778 1023 842 cherubino
1038 793 1105 852 gra-

357 879 435 939 tiam
456 876 555 938 lacere
577 874 729 947 volentes,
752 887 889 950 eumque
910 887 926 930 a
945 869 1104 948 quibusvis

359 966 705 1039 excommunicationis,
729 964 939 1042 suspensionis
961 969 992 1024 et
1008 963 1105 1024 inter·

359 1063 442 1136 dicti,
466 1061 595 1139 aliisque
609 1057 822 1122 ecclesiasticis
841 1056 1017 1130 sententiis,
1033 1071 1104 1116 cen-

358 1157 439 1218 suris
451 1163 482 1217 et
496 1155 614 1234 poenis,
627 1171 642 1214 a
660 1153 727 1214 iure
738 1151 788 1212 vel
800 1151 837 1212 ab
848 1151 986 1223 bomine,
997 1149 1105 1226 quavis

358 1250 516 1312 occasione
538 1247 589 1308 xel
604 1247 691 1308 causa
707 1245 790 1319 latis,
811 1246 835 1306 si
851 1245 963 1323 quibus
977 1257 1105 1320 quomo-

359 1342 474 1406 dolibet
486 1341 651 1404 innodatus
672 1339 787 1414 existit,
809 1340 844 1398 ad
857 1339 1001 1399 ellectum
1020 1351 1107 1414 prae·

357 1437 494 1498 sentium
519 1433 680 1496 literarum
695 1433 916 1511 consequendi,
935 1432 1045 1492 barum
1058 1445 1107 1490 se·

359 1531 404 1590 rie
426 1528 623 1590 absolventes
638 1535 670 1588 et
693 1527 870 1588 absolutum
890 1525 955 1586 lore
977 1539 1105 1586 censen-

360 1631 417 1697 tes,
432 1621 709 1700 supplicationibus
724 1621 791 1681 eius
805 1618 933 1680 nomine
955 1617 1042 1678 nobis
1056 1633 1105 1677 su·

359 1730 414 1793 per
436 1716 492 1776 lroc
513 1713 677 1774 humiliter
702 1712 850 1790 porrectis
873 1710 1032 1782 inclinati,
1055 1710 1105 1770 de-

361 1814 444 1868 creta
474 1805 682 1884 praeinserta,
714 1803 898 1866 auctoritate
924 1801 1105 1879 apostolica,

360 1909 470 1962 tenore
490 1898 712 1977 praesentium,
734 1897 967 1968 confirmamus,
984 1892 1106 1970 illisque

360 1991 541 2069 apostolicae
562 1989 718 2052 firmitatis
739 1989 834 2050 robur
854 1987 1024 2048 adiicimus.

400 2087 419 2161 5
439 2085 467 2147 3.
493 2084 709 2157 Decernentes,
725 2083 847 2143 easdem
860 2089 1035 2159 praesentes
1057 2081 1106 2142 lit-

360 2186 440 2240 teras
463 2178 577 2250 llrmas,
600 2175 713 2237 validas
729 2181 759 2236 et
776 2173 909 2236 efficaces
932 2173 1065 2234 existere
1076 2179 1106 2233 et

360 2271 437 2344 lore,
454 2284 587 2346 suosque
608 2267 761 2345 plenarios
782 2267 908 2328 enectus
924 2273 953 2327 et
969 2265 1106 2342 integros

359 2363 464 2425 sortiri
478 2369 510 2422 et
531 2361 683 2434 obtinere,
700 2376 733 2420 ac
756 2359 826 2434 illis,
842 2361 877 2421 ad
899 2375 976 2437 quos
991 2366 1107 2434 spectat

360 2465 391 2518 et
412 2471 467 2534 pro
490 2461 630 2532 tempore
655 2455 913 2530 quandocumque
940 2451 1105 2530 spectabit,

360 2549 393 2611 in
409 2548 554 2610 omnibus
569 2555 600 2608 et
613 2563 668 2624 per
683 2547 786 2608 omnia
801 2546 981 2623 plenissime
999 2545 1107 2606 suilra-

360 2641 437 2718 gari3
459 2641 564 2718 sicque
585 2640 617 2700 in
640 2639 811 2716 praemissis
826 2653 880 2716 per
895 2653 1106 2716 quoscumque

359 2733 476 2796 iudices
493 2732 664 2794 ordinarios
685 2739 716 2793 et
737 2731 903 2808 delegatos,
927 2731 1018 2792 etiam
1038 2747 1107 2792 cau-

359 2843 464 2888 sarum
486 2825 590 2903 palatii
612 2823 769 2902 apostolici
790 2825 955 2898 auditores,
979 2822 1107 2885 iudicari

361 2929 391 2982 et
412 2919 535 2981 deliniri
557 2918 686 2991 debere,
712 2934 745 2978 ac
766 2917 892 2978 irritum
913 2925 944 2978 et
969 2917 1060 2976 inane
1081 2915 1107 2975 si

360 3029 447 3075 secus
466 3010 625 3088 superbis
646 3027 662 3070 a
683 3025 850 3087 quoquam,
875 3009 983 3086 quavis
1004 3015 1106 3070 aucto·

360 3106 461 3180 ritate,
488 3103 622 3166 scienter
650 3103 699 3163 vel
721 3102 917 3178 ignoranter,
941 3100 1107 3176 contigerit

360 3195 515 3259 attentari.
545 3233 551 3252 .

400 3289 419 3364 5
439 3289 468 3349 l.
493 3287 561 3350 Non
582 3287 774 3351 obstantibus
788 3286 1061 3350 constitutionibus
1076 3290 1107 3345 et

360 3380 606 3444 ordinationibus
620 3381 793 3458 apostolicis
804 3389 846 3455 et,
861 3388 1016 3458 quatenns
1031 3391 1107 3454 opus

360 3475 411 3550 sit,
437 3473 509 3537 dicti
533 3473 668 3548 Ordinis,
698 3473 789 3536 etiam
817 3474 1005 3550 iuramento,
1034 3489 1106 3536 con-

361 3567 538 3630 firmatione
562 3567 735 3645 apostolica,
762 3566 812 3626 rel
838 3567 945 3644 quavis
960 3567 1106 3630 firmitate

362 3659 419 3720 alia
440 3659 600 3732 roboratis,
622 3659 756 3733 statutis,
773 3667 804 3720 et
819 3660 1105 3734 consuetudinibus,

361 3751 532 3830 privilegiis
553 3767 688 3830 quoque,
709 3752 836 3814 indultis
858 3760 890 3814 et
904 3753 1016 3814 litteris
1037 3769 1108 3830 apo-

361 3844 475 3906 stolicis
500 3845 533 3905 in
555 3845 746 3906 contrarium
768 3845 1006 3921 praemissorum
1032 3861 1106 3922 quo·

361 3937 530 3999 modolibet
551 3936 719 4010 concessis,
749 3937 938 3997 confirmatis
962 3943 993 3996 et
1018 3937 1106 3998 inno-

361 4031 449 4090 ralis.
474 4029 589 4105 Quibus
614 4029 757 4090 omnibus
778 4036 809 4090 et
823 4027 965 4104 singulis,
979 4029 1106 4090 illorum

362 4129 484 4183 tenores
505 4120 717 4199 praesentibus
736 4136 790 4198 pro
805 4121 897 4199 plene
911 4129 941 4183 et
952 4121 1106 4184 sullicien-

362 4223 409 4276 ter
437 4215 587 4292 expressis
607 4231 641 4276 ac
666 4215 702 4275 de
724 4214 818 4276 verbo
840 4214 874 4274 ad
904 4215 1037 4277 verbum
1059 4217 1106 4276 in-

360 4307 451 4368 sertis
479 4306 642 4381 babentes,
670 4307 731 4369 illis
759 4307 831 4368 alids
856 4308 887 4370 in
913 4325 968 4369 suo
996 4307 1105 4368 robore

360 4400 589 4478 permansuris,
616 4401 652 4461 ad
678 4401 919 4477 praemissorum
948 4400 1104 4474 ellectum,

361 4493 416 4554 bac
438 4492 506 4554 vice
530 4492 688 4553 dumtaxat
716 4492 889 4570 specialiter
910 4501 941 4554 et
964 4510 1107 4571 expresse

361 4585 564 4660 derogamus,
588 4584 775 4678 ceterisque0
789 4584 951 4646 contrariis
982 4586 1106 4663 quibus-

257 4749 267 4769 ·
361 4693 506 4754 cumque.

401 4770 513 4831 Datum
538 4771 664 4844 Romae,
691 4771 770 4848 apud
799 4771 829 4834 S.
861 4771 988 4833 llariarn
1016 4773 1106 4834 blaio-

361 4878 441 4936 rem,
453 4862 511 4924 sub
522 4862 637 4924 annulo
652 4862 822 4936 Piscatoris,
836 4863 885 4925 die
897 4879 962 4924 xvi.
977 4865 1107 4926 ianuarii

361 4969 575 5030 uocemue,
599 4955 793 5033 pontificatus
809 4956 907 5016 nostri
924 4972 1008 5018 anno
1022 4973 1065 5018 vr.

677 5238 789 5300 XXlX.

363 5421 539 5500 Confirmat
555 5423 717 5486 decretum
739 5423 1004 5504 Coaqrcqetionis
1018 5424 1104 5500 Epis.

401 5523 431 5577 et
453 5515 627 5596 Regulam,
651 5535 709 5595 quo
736 5516 927 5595 prohibetur
948 5518 983 5578 in
1013 5520 1107 5598 [atu-

401 5625 476 5670 rum
491 5612 634 5688 capitolo
651 5613 794 5691 peperoli
813 5612 944 5675 Ordinis
959 5613 1106 5690 fratrum

402 5701 626 5766 Eremitarum
650 5705 681 5768 S.
694 5705 874 5784 Augustini
897 5702 1104 5765 incalceato·

353 5944 357 5951 -
402 5915 432 5971 (1)
447 5916 484 5959 Ex
498 5915 602 5972 Regeet.
618 5914 646 5960 in
660 5915 735 5960 Arcb.
750 5917 823 5960 brev.

1828 543 1885 606 471
1938 545 1991 597 An.
2007 545 2036 596 0.
2059 545 2128 598 1736

1199 697 1273 743 rum
1305 679 1570 759 concremationis
1600 678 1774 756 Hispaniae
1802 687 1832 742 ct
1855 679 1906 742 ln·
1948 667 1953 676 ’

1200 775 1343 845 diuitem,
1361 773 1531 851 quominus
1554 773 1703 834 concedat
1726 773 1906 850 prouincia·

1200 869 1287 930 letata
1309 866 1500 928 boracrorios
1521 864 1578 946 (l).

1353 1034 1539 1103 ctElllEllS
1563 1036 1622 1103 ΡΡ.
1649 1033 1707 1102 llll.

1299 1159 1762 1230 mmmmmmm

1201 1339 1220 1412 ἓ
1243 1337 1269 1398 l.
1289 1331 1394 1414 Nupe'r
1406 1353 1461 1415 pro
1476 1345 1562 1415 parte
1574 1337 1677 1400 dilecti
1690 1339 1745 1400 nlii
1758 1339 1906 1415 lllpbonsi
1991 1353 2093 1416 suasus
2112 1354 2139 1418 aa

1161 1447 1176 1489 a
1198 1429 1392 1506 llagdalcna,
1421 1429 1522 1490 fratris
1554 1446 1697 1508 expresse
1726 1431 1854 1510 prolessi
1872 1449 1908 1494 ac
1927 1416 2084 1557 2÷3i¹x¹a¹tss¹³e⁰r¹
2096 1409 2140 1505 31¹]

1161 1522 1265 1584 vicarii
1288 1522 1442 1597 generalis
1468 1525 1717 1599 congregationis
1746 1525 1907 1602 Hispaniae
1926 1511 2141 1620 {¹⁰}‘up2'0vlssssif

1160 1623 1193 1676 er
1215 1617 1371 1676 inurar-um
1393 1615 1515 1677 arcanas
1531 1617 1738 1678 naamitarum
1757 1617 1787 1680 s.
1801 1619 1908 1694 nugu—
1926 1589 2141 1718 peponesque

1160 1707 1233 1768 stini
1256 1707 1513 1770 biscalceatorum
1536 1717 1801 1786 nuncupatorum,
1825 1711 1905 1772 Con·
1926 1683 2142 1826 3ffi3³aoiar02u233

1162 1800 1332 1876 gregationi
1362 1800 1587 1862 venerabilium
1620 1801 1753 1862 fratrum
1785 1812 1907 1864 nostro·
1946 1789 1960 1824 ¹·

1161 1909 1232 1952 rum
1254 1891 1286 1954 S.
1304 1890 1338 1952 R.
1358 1893 1392 1952 E.
1418 1892 1628 1955 Cardinalium
1644 1894 1778 1969 negotiis
1792 1903 1822 1955 et
1837 1911 1910 1956 con-

1161 1984 1380 2046 sultationibus
1404 1983 1625 2063 Episcoporum
1650 1995 1681 2047 et
1706 1986 1907 2062 Regularium

1161 2079 1349 2156 praepositae
1363 2079 1512 2156 exposito,
1529 2078 1609 2158 quod
1630 2080 1770 2158 pluribus
1784 2081 1822 2141 ab
1836 2081 1909 2144 binc

1161 2170 1251 2230 aunis
1272 2171 1305 2230 in
1323 2170 1428 2230 eadem
1446 2171 1693 2246 congregatione
1708 2173 1820 2234 abusus
1835 2189 1908 2236 con·

1161 2259 1281 2348 ier-endi
1303 2261 1464 2324 nonnullis
1485 2263 1636 2340 religiosis
1652 2265 1908 2342 congregationis

1161 2355 1323 2432 praelatae,
1348 2357 1400 2434 qui
1423 2372 1538 2417 munus
1560 2358 1695 2419 ministri
1711 2360 1909 2436 provincialis

1161 2449 1292 2510 minime
1313 2457 1527 2524 exercuerant,
1545 2452 1668 2526 gradus,
1686 2451 1830 2527 bonores,
1854 2469 1907 2514 vo-

1161 2557 1240 2616 cem,
1253 2540 1415 2619 pririlegia
1427 2549 1457 2604 et
1473 2543 1698 2621 exemptiones,
1711 2545 1823 2622 quibus
1834 2561 1908 2621 gan-

1161 2636 1235 2696 dere
1256 2633 1396 2696 solebant
1411 2635 1456 2696 illi
1472 2637 1525 2713 qui
1547 2637 1786 2714 provincialatus
1802 2637 1909 2700 buius-

1161 2727 1245 2790 modi
1266 2743 1399 2788 munere
1420 2727 1520 2790 iuncti
1536 2729 1675 2801 luerunt,
1693 2747 1763 2793 cum
1779 2733 1909 2794 nominc

1162 2820 1400 2898 provincialium
1432 2822 1688 2898 honorariorum,
1722 2824 1904 2902 irrepserat,

1163 2920 1326 2990 totumque
1343 2914 1371 2976 id
1393 2917 1425 2976 in
1441 2916 1666 2978 detrimentum
1690 2917 1841 2993 regularis
1855 2918 1907 2979 ob-

1161 3007 1335 3068 servantiae
1356 3007 1561 3080 redundabat,
1584 3009 1762 3072 ambitionis
1783 3029 1905 3074 causam

1162 3099 1336 3176 praebebat,
1349 3107 1380 3159 et
1396 3100 1427 3161 in
1439 3100 1599 3178 religionis
1614 3103 1737 3164 ruinam
1752 3103 1906 3178 tendebat,

1162 3191 1246 3252 inter
1268 3191 1426 3268 religiosos
1455 3195 1605 3256 invidiam
1630 3196 1811 3270 concitabat,
1835 3213 1910 3259 ncc-

1162 3299 1225 3345 non
1248 3284 1280 3344 in
1303 3285 1411 3346 multis
1428 3286 1549 3348 dissidia
1565 3287 1697 3362 fovebat,
1716 3287 1827 3350 videns
1842 3307 1907 3352 non

1161 3391 1228 3437 esse
1260 3378 1445 3439 necessarios
1473 3378 1590 3441 labores
1612 3381 1644 3443 in
1673 3381 1826 3458 religione
1852 3399 1907 3461 pro

1161 3470 1356 3547 acquirendis
1377 3471 1437 3532 illis
1458 3471 1627 3534 honoribus
1649 3482 1680 3534 et
1702 3475 1909 3554 exemptioni-

1162 3562 1218 3624 bus
1240 3563 1291 3641 qui
1320 3561 1359 3624 de
1380 3564 1450 3624 inre
1475 3564 1578 3625 solum
1601 3563 1661 3625 illis
1687 3567 1908 3646 impertieban-

1162 3662 1230 3729 tur,
1264 3655 1356 3733 idque
1383 3655 1515 3717 aliarum
1553 3656 1783 3721 dissensionum
1818 3677 1906 3723 causa

1161 3745 1278 3808 fuerat:

1200 3839 1268 3914 §2
1293 3840 1332 3900 Et
1354 3841 1386 3900 in
1408 3841 1514 3903 eidem
1530 3845 1723 3922 expositione
1741 3845 1906 3908 subiuncta
1987 3861 2139 3905 procurator

1161 3934 1241 4010 quod
1264 3933 1434 4012 capitulum
1450 3937 1595 4010 generale
1617 3938 1713 4000 dictae
1733 3939 1906 4016 Congrega·
1925 3911 2140 4023 {gffi‘fnffssgpiiil

1162 4025 1253 4086 tionis
1276 4025 1324 4086 die
1346 4041 1399 4085 xx.
1424 4027 1496 4086 maii
1518 4029 1659 4105 proxime
1681 4031 1807 4091 venturi
1829 4031 1909 4092 cele-
1926 4024 1973 4066 ⁰³¹·

1161 4117 1315 4180 brandum
1336 4119 1494 4198 e1·at‚ipse
1514 4121 1689 4198 blpbonsus
1712 4123 1907 4200 praevidebat

1161 4213 1254 4289 quod,
1278 4211 1361 4272 iuxta
1390 4211 1522 4273 abusum
1551 4217 1740 4290 praedictum
1763 4217 1795 4278 in
1821 4225 1907 4279 ante-

1161 4303 1342 4366 cedentibus
1373 4305 1515 4382 capitulis
1545 4307 1774 4384 introductum,
1805 4309 1906 4373 forsan

1161 4395 1254 4474 aliqui
1278 4412 1341 4457 non
1371 4398 1532 4474 deficiant,
1562 4400 1616 4477 qui
1638 4400 1756 4462 similes
1782 4402 1905 4478 gradus,

1161 4490 1293 4550 bonores
1315 4498 1347 4551 et
1368 4492 1581 4569 exemptiones
1600 4493 1817 4556 ministrorum
1838 4511 1907 4574 pro-

1162 4582 1357 4658 vincialium,
1381 4584 1494 4662 absque
1516 4601 1553 4646 co
1576 4588 1656 4664 quod
1680 4588 1815 4650 ministri
1837 4605 1908 4667 pro-

1162 4675 1309 4738 vinciales
1325 4675 1455 4750 luerint,
1471 4678 1680 4756 postularent3
1705 4680 1835 4758 ideoque
1851 4697 1906 4759 pro

1161 4777 1247 4846 parte
1269 4769 1408 4832 eiusdem
1429 4771 1578 4848 alphonsi
1601 4773 1752 4850 praelatae
1771 4777 1907 4852 Congre-

1163 4861 1279 4936 gationi
1292 4863 1503 4925 cardinalium
1517 4865 1698 4944 supplicato,
1712 4877 1758 4943 ut,
1771 4869 1806 4929 ad
1822 4884 1906 4946 prae-

1163 4955 1346 5018 cludendam
1368 4957 1492 5019 ianuam
1507 4960 1542 5020 ad
1560 4966 1620 5020 tarn
1639 4961 1825 5038 perniciosas
1841 4978 1908 5038 pos-

1163 5049 1329 5112 tulationes
1341 5058 1372 5111 et
1393 5052 1428 5112 ad
1446 5053 1672 5130 providendum
1689 5061 1734 5114 tot
1749 5055 1905 5130 abusibus,

1162 5151 1224 5206 lam
1239 5144 1354 5206 vicario
1370 5145 1520 5220 generali,
1537 5163 1569 5205 ac
1584 5149 1769 5224 cuicumque
1784 5147 1835 5207 alii
1851 5162 1907 5224 pro

1163 5246 1302 5315 tempore
1323 5239 1470 5300 existenti
1492 5241 1660 5316 superiori,
1683 5257 1776 5319 quam
1799 5240 1906 5302 delini·

1163 5330 1280 5391 toribus
1302 5347 1335 5392 ac
1356 5331 1495 5408 capitulis
1516 5333 1754 5409 provincialibus
1769 5339 1799 5394 et
1815 5347 1907 5409 gene-

1163 5423 1277 5483 ralibus
1298 5424 1415 5484 slmiles
1437 5425 1549 5501 gradus
1561 5433 1591 5486 et
1606 5428 1821 5504 exemptiones
1835 5443 1908 5489 con·

1163 5513 1281 5576 ierendi
1303 5515 1477 5578 facultatem
1501 5518 1641 5579 interdici
1662 5519 1833 5596 plurimum
1855 5537 1907 5581 cu-

1163 5608 1282 5686 piebat,
1305 5617 1336 5670 et
1357 5627 1444 5684 casu,
1467 5627 1529 5688 quo
1551 5611 1596 5671 illi
1626 5612 1768 5690 deinceps
1800 5616 1906 5672 contra

1163 5701 1402 5780 prohibitionem
1424 5703 1593 5782 praelatam
1620 5703 1772 5766 eiusmodi
1794 5701 1917 5781 gradus'
