4866 6980
102 579 159 630 Αιι.
174 579 206 630 O.
229 579 298 632 1679

115 1932 270 1981 clausulae.

965 589 1176 638 ladooerlvllts
1197 589 1241 635 Xl.

329 719 539 784 cardinalium
570 717 702 794 negotiis
733 721 764 780 et
794 713 1072 778 consultationibus

328 814 550 892 Episcoporum
563 818 595 872 et
610 809 812 890 Regularium
827 808 1071 888 praepositorum

326 907 468 982 consilio,
483 905 588 968 omnia
610 913 641 967 et
661 903 784 980 singula
799 905 931 978 decreta,
947 909 1071 974 statuta,

326 1001 536 1063 ordinationes
557 1007 588 1062 et
615 999 834 1062 declarationes
866 1015 900 1060 ac
927 996 1073 1058 articulos

327 1103 357 1156 et
377 1094 508 1174 capitula
533 1095 732 1172 praeinserta,
755 1091 935 1154 auctoritato
957 1099 1073 1169 aposto·

327 1189 392 1262 lica,
417 1197 524 1250 tenore
555 1187 779 1266 praesentium,
800 1187 1022 1248 confirmamus
1043 1191 1074 1246 et

326 1283 542 1361 approbamus,
555 1281 677 1360 illisque
692 1279 879 1342 inviolabilis
893 1279 1074 1357 apostolicae

329 1376 484 1438 firmitatis
498 1376 593 1438 robur
606 1375 777 1448 adimimus,
793 1390 827 1435 ac
841 1389 951 1434 omnes
966 1382 996 1434 et
1011 1373 1073 1434 sin·

329 1470 417 1546 gulos
438 1470 515 1531 iuris
532 1477 563 1530 el
578 1468 647 1530 lacti
662 1467 809 1542 deiectus,
826 1467 920 1528 etiarn
935 1467 1074 1528 substan-

330 1565 426 1639 tiales,
448 1563 548 1642 siqui
570 1563 702 1641 desuper
729 1559 960 1640 quomodolibet
982 1560 1074 1622 inler-

330 1657 485 1730 venerint,
508 1655 703 1734 supplemus;
726 1654 808 1715 salvi
825 1661 926 1716 tamen
943 1654 975 1714 in
992 1669 1076 1731 prae-

330 1750 430 1813 missis
458 1749 640 1812 auctoritate
658 1747 925 1824 ¹congregationis
953 1762 1075 1808 eorum-

328 1847 400 1908 dem
423 1842 641 1907 cardinalium.

369 1937 437 2012 §ln
461 1937 668 1998 Decernentes
695 1935 772 2014 ipsas
794 1941 970 2013 praesentes
995 1934 1076 1997 litte-

331 2049 377 2093 ras
397 2045 520 2108 semper
539 2029 658 2102 firmas,
681 2028 795 2090 validas
816 2037 847 2091 et
863 2027 998 2090 efficaces
1012 2027 1076 2088 exi·

329 2133 411 2186 slere
432 2131 463 2185 et
484 2122 561 2198 lore,
577 2139 710 2201 suosque
725 2122 878 2202 plenarios
894 2131 924 2184 et
940 2123 1077 2198 integros

329 2218 456 2280 ellectus
477 2217 581 2278 sortiri
598 2225 630 2277 et
645 2215 797 2290 obtinere,
813 2234 847 2278 ac
861 2216 932 2291 illis,
949 2216 985 2278 ad
1001 2231 1077 2293 quos

328 2318 444 2391 spectat
455 2317 486 2372 et
497 2327 553 2390 pro
568 2317 707 2390 tenpore
722 2310 980 2389 quandocumque
994 2325 1078 2386 speo-

330 2403 417 2477 tabit,
440 2403 472 2464 in
498 2403 644 2464 omnibus
665 2409 696 2464 et
723 2419 778 2480 per
806 2403 909 2464 omnia
937 2399 1079 2481 plenissi-

330 2513 381 2558 me
400 2495 575 2572 suflragari,
597 2504 629 2557 et
649 2496 686 2556 ab
707 2496 750 2558 eis
765 2496 934 2575 respective
951 2494 1080 2556 iuviola-

331 2591 434 2652 biliter
456 2589 624 2664 observari,
644 2589 751 2668 sicque
775 2591 808 2651 in
830 2589 1004 2668 praemissis
1024 2605 1078 2667 per

331 2697 543 2762 quoscumque
571 2682 687 2744 iudices
714 2682 886 2745 ordinarios
906 2691 937 2745 et
959 2682 1080 2758 delega-

332 2783 390 2850 tos,
411 2775 507 2836 etiam
527 2791 687 2837 causarum
709 2775 811 2854 palatii
822 2775 981 2853 'apostolici
996 2773 1079 2836 audi·

332 2876 426 2944 tores,
442 2869 568 2930 iudicari
583 2875 614 2930 et
628 2867 753 2931 deliniri
768 2870 891 2944 debere,
907 2885 941 2930 ac
956 2867 1080 2930 irritum

333 2971 364 3024 et
380 2964 471 3025 inane
485 2963 510 3024 si
523 2979 611 3026 secus
624 2978 718 3040 super
733 2962 781 3024 als
796 2979 811 3024 a
827 2977 994 3042 quoquam,
1007 2977 1080 3039 qua-

332 3061 380 3122 vis
407 3058 605 3131 auctoritate,
636 3057 770 3118 scienter
799 3055 849 3118 vel
881 3055 1079 3131 ignoranter,

333 3151 676 3228 contigeritetteutari.

124 3251 315 3297 censurarum
374 3249 393 3324 ξ
412 3247 442 3308 5.
463 3245 532 3308 Nou
551 3245 745 3307 obstantibus
759 3244 945 3322 praemissis,
961 3261 994 3305 ac
1010 3259 1081 3306 con·

110 3307 238 3362 derogatio.

333 3339 546 3404 stitutionibus
567 3345 599 3400 et
625 3337 871 3400 ordinationibus
896 3337 1080 3416 apostolicis,

335 3451 458 3498 necnon
472 3433 699 3513 praedictorum
710 3431 832 3494 Ordinis
846 3438 877 3492 et
891 3429 1079 3510 provinciae,

333 3529 438 3591 aliisve
460 3525 631 3605 quibusvis,
647 3525 740 3588 etiam
761 3523 948 3599 iuramento,
970 3523 1082 3586 contir-

336 3621 472 3686 matione
487 3617 660 3698 apostolica,
677 3617 727 3679 vel
742 3616 849 3696 quavis
864 3617 1010 3680 firmitate
1024 3617 1081 3678 alia

335 3714 493 3788 roboratis,
516 3711 639 3774 statutis
660 3717 690 3772 et
712 3709 998 3786 consuetudinibus,
1020 3711 1084 3788 pri·

336 3807 457 3884 vilegiis
478 3821 603 3884 quoque
630 3803 759 3866 indultis
779 3811 811 3866 et
833 3804 943 3866 litteris
964 3813 1082 3884 apesto-

335 3901 401 3964 licis
421 3899 454 3962 ιιι
475 3897 667 3962 contrarium
691 3898 931 3975 praemissorum
955 3912 1082 3976 querno·

336 3993 450 4056 delibet
470 3991 633 4065 concessis,
648 3989 836 4053 condrmads
854 3997 885 4052 et
908 3989 1080 4067 innovata,

337 4087 449 4166 quibus
470 4084 614 4147 omuibus
635 4090 666 4146 et
686 4084 828 4162 singulis,
854 4083 981 4146 illorum
998 4091 1083 4146 leno

337 4196 387 4242 res
410 4175 622 4258 praesentibus
650 4194 705 4258 pro
726 4177 818 4257 plene
837 4184 870 4238 et
892 4177 1083 4239 sufficienter

336 4271 487 4351 expressis
508 4279 539 4333 et
560 4271 684 4332 insertis
704 4271 862 4347 habentes,
883 4269 942 4332 illis
963 4270 1035 4332 alias
1050 4270 1082 4332 in

337 4381 393 4428 suo
418 4367 528 4427 robore
553 4363 765 4444 permansuris
785 4365 822 4427 ad
843 4363 1084 4443 praemissorum

339 4459 496 4535 ellectum,
512 4459 567 4521 hac
582 4458 650 4520 vice
672 4459 842 4532 dumtaxat,
858 4457 1031 4535 specialiter
1052 4465 1084 4518 et

339 4567 484 4630 expresse
503 4553 703 4629 derogamUS,
726 4551 898 4630 ceterisque
919 4549 1083 4615 contrariis

339 4645 597 4724 quibuscamque.

379 4739 398 4814 ἓ
418 4739 448 4800 O.
470 4737 620 4802 'Volumus
634 4745 739 4801 autem
754 4745 789 4800 ut
803 4739 984 4801 earumdem
1000 4753 1083 4816 prae·

337 4833 478 4896 sentium
493 4831 669 4894 litterarum
684 4832 895 4911 transumptis,
911 4849 966 4893 scu
981 4847 1084 4894 exem-

338 4927 408 5005 plis,
428 4926 522 4988 etiam
544 4926 712 5004 impressis,
735 4941 830 4988 manu
850 4925 978 4988 alicuius
1000 4933 1085 4987 nota·

339 5020 378 5082 rii
399 5019 513 5098 publici
533 5019 729 5098 subscriptis,
752 5026 783 5080 et
808 5019 909 5096 sigillo
936 5035 1086 5098 personae

340 5113 373 5174 in
400 5111 601 5175 ecclesiastica
632 5112 783 5189 dignitate
807 5113 993 5174 constitutae
1017 5129 1086 5174 mu·

341 5206 426 5281 aitis,
455 5207 562 5268 eadem
589 5221 716 5284 prorsus
738 5205 812 5266 fides
834 5213 896 5266 tam
917 5205 950 5266 in
973 5203 1086 5266 iudicio

341 5316 435 5378 quam
455 5306 541 5362 extra
563 5299 638 5362 iilud
653 5299 812 5374 habeatur,
828 5315 906 5376 quae
920 5298 1086 5360 haberetur

341 5393 414 5472 ipsis
441 5393 665 5470 praesentibus,
687 5392 835 5454 silerent
859 5391 1015 5454 exhibitae
1036 5392 1086 5453 vel

343 5491 491 5548 ostensae.

382 5581 494 5642 [latum
515 5579 640 5654 Romae,
656 5581 735 5658 apud
758 5579 788 5642 S.
806 5578 945 5652 Petrum,
961 5578 1019 5640 sub
1034 5595 1088 5640 an-

343 5672 419 5734 nulo
444 5673 564 5747 Piscat.‚
587 5673 637 5734 die
662 5689 739 5734 ιιιιι.
767 5672 870 5734 martii
895 5687 1086 5746 dccxxxix,

343 5767 539 5846 pontificatus
567 5766 665 5828 nostri
685 5783 767 5828 anno
789 5783 836 5827 ιιι.

1816 571 1855 634 39

1462 709 1540 774 llll.

1131 898 1305 978 Confirmet
1330 898 1483 977 quosdam
1505 899 1725 962 ordinationes
1747 915 1875 980 pertere-

1170 993 1210 1054 ιιι
1235 993 1366 1054 Ordinis
1390 993 1612 1056 Ειιιιιιιιιιιιιιι
1640 993 1670 1054 S.
1697 993 1876 1072 Augustini

1170 1087 1258 1148 circe
1291 1087 1456 1148 electiones
1485 1088 1688 1164 superiorum
1711 1094 1739 1148 et
1764 1084 1876 1167 efficia·

1171 1179 1252 1240 tinen
1274 1180 1310 1240 in
1340 1180 1505 1255 Onitensi,
1538 1181 1676 1258 aliisque
1710 1181 1876 1242 ludicram

1171 1272 1347 1350 prouinciis
1368 1273 1425 1354 (l).

1296 1391 1704 1514 ¹rnnaeervvroseate.

1277 1565 1313 1634 ad
1335 1566 1465 1634 laturam
1488 1568 1530 1634 rei
1553 1569 1732 1636 nemoriani.

1172 1742 1240 1816 §l
1266 1743 1386 1820 Exponi
1414 1744 1501 1806 nobis
1528 1760 1628 1824 nuper
1657 1745 1727 1806 lecit
1749 1745 1878 1807 dilectus

1133 1835 1215 1898 tilius
1235 1843 1416 1914 procurator
1437 1838 1590 1913 generalis
1611 1837 1733 1900 Ordinis
1748 1837 1878 1900 fratrum

1133 1929 1343 1992 Eremitarum
1365 1930 1395 1993 S.
1414 1931 1592 2008 Augustini,
1608 1933 1701 2008 quod,
1718 1934 1753 1993 ad
1770 1932 1879 1994 tollen·

1133 2023 1182 2084 das
1204 2039 1312 2086 omnes
1333 2025 1558 2086 controversias
1586 2041 1663 2104 quae
1685 2025 1717 2086 in
1738 2027 1879 2101 Quitensi

1132 2115 1263 2195 aliisque
1284 2117 1442 2180 indiarum
1474 2119 1639 2195 provinciis
1665 2119 1738 2182 dicti
1759 2119 1881 2182 Ordinis

1132 2211 1210 2272 circa
1239 2209 1428 2274 electionum
1460 2213 1709 2275 confirmationes
1730 2231 1746 2274 a
1769 2215 1880 2292 praesi-

1134 2303 1278 2368 dentibus
1308 2320 1400 2366 seua
1429 2307 1699 2370 confirmatoribus
1731 2307 1881 2369 iaciendas

1134 2395 1208 2456 oriri
1231 2405 1364 2474 possent,
1388 2399 1517 2461 dilectus
1539 2401 1631 2462 eliam
1648 2401 1730 2462 filius
1746 2399 1881 2460 Domini-

1134 2506 1188 2550 ous
1210 2489 1405 2552 Valvasorius
1427 2493 1511 2568 prior
1532 2493 1686 2570 generalis
1708 2493 1779 2556 dicti
1796 2493 1881 2556 Ordi-

1135 2584 1183 2644 nis
1205 2584 1372 2648 nonnullas
1394 2586 1603 2648 ordinationes
1624 2587 1695 2650 lecit
1716 2603 1772 2666 per
1793 2605 1881 2666 quas·

1135 2679 1205 2740 dam
1225 2694 1295 2740 suas
1316 2686 1456 2757 patentes
1477 2680 1595 2744 litteras
1624 2681 1740 2744 tenoris
1761 2683 1815 2760 qui
1836 2699 1883 2744 se-

1135 2772 1255 2851 quitur,
1278 2771 1440 2835 videlicet:

1175 2865 1352 2944 «Magister
1373 2865 1468 2928 irater
1488 2868 1667 2932 Dominicus
1686 2869 1883 2934 valvasorius

1136 2959 1383 3035 mediolanensis,
1407 2962 1500 3023 totius
1522 2962 1644 3026 Ordinis
1673 2963 1882 3028 Eremitarum

1136 3055 1232 3116 sancti
1255 3055 1348 3134 patris
1376 3055 1474 3118 nostri
1496 3055 1662 3132 Augustini
1685 3059 1769 3137 prior
1790 3075 1884 3135 gene-

1136 3146 1217 3208 ralis.
1242 3147 1306 3208 Etsi
1327 3149 1363 3210 ad
1386 3147 1553 3210 tollendam
1574 3167 1590 3210 a
1608 3150 1739 3212 subditis
1754 3153 1883 3214 occasio-

1137 3255 1210 3302 nem
1233 3238 1414 3318 insurgendi
1437 3251 1542 3305 contra
1570 3253 1689 3322 patrem
1712 3247 1884 3324 provincia-

1136 3332 1198 3394 lem
1220 3350 1274 3396 seu
1296 3343 1448 3397 rectorem
1470 3338 1647 3414 provinciae
1661 3347 1692 3402 et
1707 3340 1781 3401 alios
1794 3357 1884 3419 supe·

1137 3427 1232 3488 riores
1253 3428 1285 3489 in
1306 3429 1448 3508 capitulis
1479 3432 1719 3510 provincialibus
1740 3432 1791 3496 vel
1812 3435 1884 3496 aliis

1137 3524 1169 3585 in
1199 3523 1339 3598 Ouitensi
1366 3530 1398 3584 et
1429 3523 1496 3586 aliis
1528 3525 1685 3588 ludiarum
1717 3527 1884 3606 provinciis

1137 3617 1310 3694 respective
1337 3616 1451 3680 electos
1478 3623 1509 3679 et
1535 3621 1748 3696 confirmatos,
1777 3621 1884 3699 eisque

1137 3709 1270 3772 debitam
1292 3709 1499 3774 obedientiam
1519 3713 1577 3774 sub
1598 3715 1716 3776 motivo
1732 3713 1884 3776 nullitatis

1138 3803 1297 3866 electionis
1328 3803 1510 3882 denegandi,
1538 3821 1593 3885 per
1621 3807 1884 3870 constitutionem

1137 3897 1321 3960 sanctissimi
1352 3897 1469 3962 domini
1500 3900 1599 3962 nostri
1631 3901 1802 3963 innocentii
1831 3901 1886 3962 Pa·

1138 4006 1193 4069 pae
1215 3991 1265 4054 xl.
1289 3989 1420 4053 feliciter
1440 3993 1600 4069 regnantis
1617 3995 1675 4057 sub
1690 4009 1776 4056 xxxv.
1795 4011 1885 4056 men-

1137 4084 1178 4146 sis
1199 4084 1302 4146 martii
1320 4099 1518 4148 uocxxxvrn.
1537 4087 1737 4166 incipientem
1754 4088 1884 4165 deponi·

1138 4174 1239 4248 stabis,
1261 4185 1334 4254 etc,
1357 4180 1394 4240 ad
1415 4187 1551 4242 nostram
1566 4182 1748 4244 instantiam
1763 4197 1887 4242 emana-

1138 4275 1211 4343 tam‚
1234 4269 1306 4332 salis
1333 4279 1507 4350 opportune
1533 4271 1616 4336 inter
1646 4273 1704 4336 alia
1735 4281 1885 4352 perpetuo

1138 4369 1290 4426 statutum
1320 4365 1370 4440 sit,
1400 4367 1492 4444 quod,
1514 4366 1540 4427 si
1562 4367 1594 4428 in
1623 4367 1784 4446 praedictis
1814 4368 1885 4442 Qui·

1140 4455 1220 4518 tensi
1239 4465 1270 4520 et
1285 4457 1351 4520 aliis
1366 4459 1523 4522 indiarum
1538 4461 1706 4539 provinciis
1721 4461 1886 4523 electiones

1139 4549 1234 4629 patris
1261 4549 1458 4628 provincialis
1486 4560 1517 4614 et
1537 4553 1671 4616 aliorum
1696 4569 1751 4634 per
1776 4555 1887 4616 scruti-

1140 4643 1230 4706 nium
1250 4651 1405 4708 secretum
1426 4662 1442 4706 a
1463 4647 1571 4708 maiori
1599 4654 1684 4726 parte
1713 4648 1885 4710 electorum

1140 4737 1233 4799 iactae
1255 4745 1287 4800 et
1307 4755 1324 4798 a
1348 4745 1435 4817 patre
1462 4739 1657 4818 praesidente
1686 4743 1886 4804 confirmatae

1140 4829 1272 4906 luerint,
1305 4847 1412 4894 omnes
1444 4841 1474 4896 et
1499 4834 1616 4911 singuli
1647 4835 1699 4897 alii
1731 4834 1884 4909 delectus,

1140 4925 1233 4986 etiam
1254 4925 1480 5002 substantiales,
1503 4927 1580 4988 iuris
1601 4935 1632 4990 et
1657 4927 1738 5002 lacti,
1760 4927 1786 4990 si
1807 4926 1887 4989 lorte

1140 5018 1173 5080 in
1205 5019 1365 5096 praedictis
1398 5019 1603 5084 electionibus
1637 5020 1884 5095 intervenerint,

1140 5110 1278 5190 suppleri
1300 5112 1526 5190 intelligantur,
1549 5123 1581 5176 et
1602 5131 1656 5194 pro
1671 5114 1820 5194 suppletis
1834 5113 1886 5174 ha-

1141 5203 1272 5266 beantur
1299 5205 1479 5268 interimet
1500 5225 1662 5288 quousque
1688 5225 1781 5287 super
1801 5223 1885 5286 prae·

1139 5297 1292 5361 dictarum
1306 5299 1496 5362 electionum
1510 5301 1667 5364 validitate
1681 5301 1730 5362 vel
1745 5300 1887 5363 nullitate

1140 5393 1176 5454 ad
1198 5391 1365 5470 praedictas
1379 5394 1558 5468 Quitenscm
1572 5411 1627 5456 seu
1641 5393 1713 5456 alias
1729 5395 1886 5456 indiarum

1141 5486 1315 5564 provincias
1339 5488 1510 5566 respective
1534 5496 1637 5550 nostra
1662 5487 1711 5550 vel
1734 5503 1888 5550 successo·

1142 5595 1213 5641 rum
1245 5588 1425 5642 nostrorum
1460 5581 1677 5644 determinatio
1708 5582 1886 5660 perveniat,

1142 5679 1234 5750 prout
1254 5673 1287 5734 in
1309 5673 1460 5752 praedioli
1488 5674 1718 5737 Constitutione
1738 5675 1889 5737 Innocen-

1143 5765 1225 5828 tiand
1247 5765 1338 5830 latius
1352 5767 1543 5842 continetur,
1558 5769 1594 5830 ad
1609 5783 1714 5846 quam,
1729 5778 1802 5845 etc.;
1818 5770 1887 5848 quia

384 5983 415 6038 (l)
430 5983 467 6027 Ex
481 5985 543 6040 leeg.
559 5983 586 6027 iu
600 5984 675 6028 Area.
691 5987 763 6028 Brev.
779 5986 831 6028 Hac
844 5984 876 6028 de
890 5995 919 6028 re
933 5986 1018 6029 coast.
1036 5987 1142 6036 sepone
1157 5987 1239 6032 nobis,
1256 5987 1282 6029 el
1297 5987 1381 6030 const.
1399 5989 1432 6029 ln
1446 5995 1574 6038 supreme
1593 5987 1741 6030 militantis.

1906 570 1958 622 Au.
1973 572 2003 624 O.
2026 571 2095 622 1680

1955 1743 2051 1787 causae
2072 1751 2110 1786 se·

1898 1797 2035 1853 quantiam
2046 1795 2112 1840 ordl-

1899 1850 2044 1896 nationum.

1916 2874 2118 2938 statutumfllue

1902 2933 1943 2976 rat
1957 2940 1972 2974 a
1987 2927 2118 2980 Pontitlee,

1902 2987 1931 3029 ut
1952 2982 2037 3028 valide
2059 2993 2119 3026 ceu-

1902 3041 2020 3082 serentur
2049 3035 2117 3080 elec-

1903 3090 1986 3136 tiones
2027 3099 2117 3134 omnes

1901 3144 2067 3189 conllrmatae
2100 3153 2116 3188 a

1902 3195 2114 3254 praesidentibus,

1902 3251 1982 3296 donec
2008 3250 2114 3296 innote-

1902 3308 1981 3366 sceret
1999 3303 2114 3348 delinitio

1902 3358 1994 3458 ριιοιιι
2011 3367 2114 3412 genera-
