4836 6998
120 561 175 616 An.
190 565 220 618 0.
241 559 311 616 1725

340 696 440 772 inere,
462 703 553 777 prout
575 693 608 758 iu
623 696 695 776 ipsis
710 694 883 776 apostoIIcis
897 695 1009 758 litteris
1023 695 1087 774 ple-

341 791 412 854 nius
433 797 464 852 et
486 789 612 852 uberius
632 790 822 854 continetur.

142 901 237 964 nativa
254 909 323 956 arao-
381 884 450 959 δι.
475 885 553 948 Cum
579 891 695 958 eutem,
718 885 797 946 sicut
824 885 1008 962 accepimus,
1032 899 1087 963 per

110 951 323 1055 ffimseonur-
341 975 520 1040 huiusmodi
542 977 766 1052 concessiones,
788 976 1013 1055 ampliationes,
1036 978 1086 1039 de-

341 1069 533 1138 clarationes.
560 1069 1087 1144 extensiones,communicationes

341 1172 373 1226 et
393 1163 654 1236 confirmationes,
677 1161 777 1224 adbuc
797 1161 993 1224 omnimodae
1008 1163 1088 1224 cius-

250 1321 255 1330 ,
342 1258 414 1320 dem
434 1255 556 1319 Ordinis
571 1263 602 1318 et
617 1255 699 1318 iilius
713 1255 922 1334 professorum
937 1255 1087 1335 tranquil-

343 1481 430 1538 (prout
443 1479 596 1536 contingere
611 1481 638 1527 iu
653 1480 821 1539 multiloquio
835 1481 978 1537 consuevit)
995 1481 1038 1526 die
1052 1481 1088 1527 la·

341 1559 388 1604 pso
402 1549 429 1594 iu
444 1559 511 1602 sera,
526 1560 586 1596 cunr
605 1549 680 1594 debet
702 1549 848 1606 recogitare
862 1549 925 1605 quid
939 1548 1037 1603 iecerit,
1052 1549 1088 1593 di-

340 1619 383 1661 cat
398 1617 483 1662 tribus
504 1617 603 1663 vicibus
624 1617 771 1662 oraticnem
793 1616 961 1670 dominicam,
981 1621 1088 1673 propter

341 1685 446 1730 incaute
459 1685 528 1730 iacta
542 1684 695 1730 huiusmodi
711 1683 868 1730 iuramenta.
885 1686 984 1730 Memor
998 1687 1087 1729 autem

342 1751 377 1796 sit
390 1751 510 1808 quilibet,
525 1754 555 1797 ut
568 1751 601 1797 ad
624 1751 713 1797 divina
735 1751 860 1808 obsequia
882 1750 1010 1796 familiam
1033 1761 1089 1807 pro

342 1817 428 1874 priam
442 1818 604 1864 exhortetur.

370 1942 405 1984 Dc
419 1942 556 1986 audenda
575 1943 658 1984 missa
671 1945 696 1986 et
709 1943 914 1994 concrepatione
931 1943 1059 1992 socienda.

644 2049 709 2092 CAP.
725 2050 788 2094 XIII.

139 2164 173 2209 pe
187 2163 266 2209 mim
281 2173 325 2208 aa
384 2154 503 2200 Universi
517 2154 574 2200 sani
590 2154 685 2200 iratres
699 2157 726 2202 et
741 2167 844 2202 sorores
858 2155 1046 2212 cuiuscumque
1057 2154 1091 2200 ci·

111 2217 214 2280 ‹ia'eradu¹
226 2219 248 2262 et
270 2226 326 2262 coa·
344 2221 435 2266 uitatis
448 2224 496 2268 aut
511 2222 569 2276 loci,
586 2221 678 2282 diebus
697 2223 810 2278 siugulis
826 2222 858 2276 (si
872 2223 1006 2268 commode
1021 2223 1091 2280 pote·

109 2274 262 2333 9I‘9‘m0m
284 2269 326 2325 [θ’
343 2289 415 2343 ruutt
431 2289 525 2334 Missae
539 2289 651 2334 officium
666 2289 784 2342 audiant,
794 2293 820 2334 et
832 2300 920 2334 meuse
930 2288 1048 2346 quolibet
1057 2287 1090 2332 ad

109 2325 210 2370 ‘mm
343 2355 479 2400 ecclesiam
494 2356 548 2402 sive
563 2356 628 2410 loca,
642 2357 675 2401 ad
690 2367 778 2411 qaam,
788 2357 828 2400 vel
843 2356 876 2400 ad
891 2366 957 2412 quae
973 2354 1091 2400 minIstri

342 2421 493 2468 curaverint
511 2422 644 2476 intimare,
659 2423 814 2468 conveniant
836 2421 977 2468 missarum
999 2423 1091 2467 solem-

343 2489 388 2534 nia
403 2489 469 2534 iuibi
483 2489 609 2536 audituri.
626 2490 809 2546 Unusquisque
823 2491 913 2534 autem
926 2489 1027 2534 usualis
1039 2499 1093 2533 nro·

343 2558 419 2601 netas
433 2557 571 2602 denarium
586 2556 707 2602 missario
721 2556 831 2604 tribuat.
841 2557 886 2613 qui
896 2557 1033 2614 pecuniam
1044 2557 1092 2602 hu-

343 2621 457 2667 iusmodi
477 2623 593 2678 colligat,
608 2625 634 2668 et
648 2634 707 2668 eam
722 2623 753 2668 de
774 2623 884 2670 consilio
906 2623 1090 2668 ministrorum

343 2689 413 2734 iuter
422 2689 518 2736 iratres
528 2695 554 2734 et
564 2701 667 2734 sorores
677 2693 833 2747 paupertate
843 2693 975 2746 gravatos,
983 2691 1009 2736 et
1018 2701 1091 2747 prae

343 2757 418 2814 cipue
433 2757 607 2810 infirmantes,
622 2768 652 2802 ao
666 2768 718 2811 eos,
733 2757 778 2813 qui
792 2757 892 2804 funeris
902 2769 993 2802 carere
1002 2757 1091 2813 digno

344 2827 455 2868 sonatur
468 2823 592 2880 exequiis
607 2827 634 2868 et
647 2823 740 2869 deiude
755 2823 825 2868 inter
839 2835 967 2881 pauperes
976 2824 1044 2870 alios
1055 2825 1092 2870 di·

343 2891 433 2936 vidant
453 2895 636 2947 congruenter.
658 2889 773 2936 offerant
794 2887 902 2947 iusuper
923 2891 954 2936 de
976 2891 1032 2948 ipsa
1051 2903 1092 2948 pe·

343 2959 422 3004 cunia
435 2957 566 3003 scelestae
589 2961 757 3004 memoratae.
775 2961 896 3015 Turnoque
912 2957 943 3014 (si
957 2959 1091 3004 commode

344 3025 477 3081 poterunt)
492 3024 579 3069 virum
594 3023 748 3080 religiosum
763 3027 789 3069 et
804 3024 829 3069 in
844 3025 924 3069 verbo
938 3025 1092 3082 Deicompe·

344 3093 431 3136 tenter
445 3091 606 3136 instructum
617 3091 713 3136 babere
724 3094 873 3147 procurent,
882 3091 927 3148 qui
938 3103 981 3136 eos
991 3091 1024 3137 ad
1035 3103 1093 3148 poe·

344 3157 485 3204 nitentium
499 3159 526 3202 et
540 3156 737 3204 misericordiae
756 3169 835 3214 opera
849 3159 992 3203 exercenda
1007 3159 1093 3204 horte*

344 3230 398 3282 tur,
419 3226 520 3280 solicite
541 3227 647 3272 moueat
661 3228 687 3270 et
708 3225 822 3270 inducat.
845 3226 953 3270 studeat
971 3225 1092 3283 quilibet,

344 3295 406 3340 dum
429 3293 522 3338 Missae
543 3293 693 3338 celebratur
713 3291 835 3346 odicium,
850 3295 876 3338 et
890 3293 1091 3350 praedicationis

344 3361 454 3406 verbum
469 3358 632 3416 proponitur,
647 3369 753 3404 servare
767 3357 919 3412 silentium3
936 3359 1051 3406 orationi
1066 3363 1092 3405 et

344 3427 427 3472 officio
441 3427 476 3472 ιιι
489 3425 615 3476 intentus,
631 3425 682 3470 nisi
696 3435 755 3470 cum
770 3426 917 3470 communis
929 3427 1033 3473 utilitas
1043 3427 1093 3474 Ira·

345 3493 479 3540 tenuitatis
494 3493 627 3550 impediat.

466 3617 503 3659 De
515 3615 647 3664 fratribus
661 3617 817 3668 infirmiori
832 3616 970 3664 &stracti-s.

647 3723 711 3766 car.
727 3721 788 3765 XIV.

132 3839 168 3883 De
181 3835 291 3899 inmte
305 3837 328 3882 et
385 3833 448 3875 cum
469 3831 559 3876 autem
581 3839 740 3886 quemquam
759 3839 790 3874 ex
810 3828 937 3875 matribus
959 3829 1092 3876 infirmari

109 3891 226 3948 exequias
240 3889 328 3946 denta-
345 3895 495 3952 contigerit
506 3893 623 3940 ministri
637 3905 684 3951 per
698 3907 726 3938 se
740 3895 780 3938 vel
795 3905 842 3952 per
856 3895 950 3950 alium,
964 3907 1010 3940 ssu
1025 3897 1092 3942 alios

111 3949 219 3990 ‘mm-
346 3963 378 4016 (si
392 3963 441 4006 hoc
455 3961 492 4006 eis
505 3960 629 4006 intlrmus
644 3961 734 4006 iecerit
749 3960 879 4016 intimarit
895 3963 976 4006 seusei
992 3963 1018 4006 in
1033 3963 1092 4008 beb-

345 4028 464 4078 domada.
479 4027 588 4071 visitare
609 4028 750 4072 teneantur
770 4029 918 4082 aegrotum,
934 4027 1020 4084 Ipsum
1035 4029 1094 4073 soli·

345 4094 396 4139 cite
410 4093 443 4138 ad
457 4091 636 4148 recipiendum
652 4090 842 4147 poeniteutiam
859 4092 946 4148 (prout
960 4093 1056 4138 melius
1066 4095 1092 4138 et

345 4159 474 4206 efficacius
489 4157 611 4215 expedire
625 4157 786 4214 putaverint)
802 4158 964 4214 inducentes,
979 4171 1094 4206 necessa·

345 4227 387 4273 ria
407 4226 448 4271 illi
465 4226 496 4270 de
517 4223 591 4269 bonis
613 4223 797 4270 communibus
818 4225 1001 4271 miuistraudo.
1023 4228 1094 4273 Etsi

345 4293 480 4351 praetatus
501 4293 624 4337 ludrmus
644 4291 676 4336 de
697 4293 830 4348 praesenti
850 4293 909 4338 luce
930 4294 1093 4350 migraverit,

346 4361 473 4406 iratribus
487 4362 513 4405 et
528 4359 663 4404 sororibus
680 4362 742 4404 tuuc
756 4359 782 4404 in
797 4360 904 4406 civitate
919 4362 960 4406 vel
973 4361 1037 4416 loco,
1048 4361 1094 4406 ubi

281 4439 284 4447 ·
346 4438 406 4472 eum
422 4425 564 4483 contigerit
578 4425 654 4480 mori,
664 4427 846 4482 praesentibus
856 4427 1003 4483 nuntietur,
1014 4431 1044 4473 ut
1054 4428 1095 4472 de

347 4493 432 4538 iuncti
445 4493 563 4549 exequiis
578 4497 719 4549 procurent
734 4493 909 4550 personaliter
923 4494 1057 4540 interesse.
1074 4499 1093 4539 Α

346 4559 451 4615 quibus,
466 4559 546 4603 donec
556 4557 696 4603 Miserarum
707 4557 806 4603 suerint
814 4559 947 4605 celebrata
957 4561 1093 4615 solemnia,

347 4627 373 4670 et
387 4635 481 4682 corpus
495 4625 600 4670 tumulo
614 4625 757 4678 conditum,
767 4637 819 4672 non
832 4627 960 4672 recedant.
972 4630 1024 4673 lloc
1034 4639 1098 4684 quo·-

347 4703 398 4748 que
411 4692 481 4737 circa
501 4701 605 4736 sorores
626 4689 747 4736 infirmae
762 4694 788 4736 et
802 4691 955 4738 decedentes
972 4694 1094 4738 volumus

347 4757 488 4803 observari.
505 4759 644 4802 Praeterea
658 4755 730 4802 intra
745 4760 803 4803 octo
817 4758 872 4804 dies
887 4761 945 4816 riost
960 4759 1043 4816 ipsius
1057 4772 1095 4806 se-

348 4824 416 4880 pulti
425 4825 528 4869 obicum
539 4823 690 4870 immediate
701 4827 848 4880 sequentes,
858 4825 969 4882 quilibet
980 4827 1093 4873 fratrum

348 4892 374 4935 et
388 4901 510 4935 sororum
524 4889 642 4946 ipsarum
656 4889 726 4934 dicat
740 4900 787 4946 pro
796 4889 885 4936 anima
896 4891 962 4947 eius,
973 4893 1093 4938 sacerdos

348 4955 469 5002 videlicet
483 4955 592 5002 missam
606 4966 695 5010 unam,
709 4955 794 5000 sciens
808 4958 973 5014 psalterium,
988 4963 1015 5002 50
1028 4960 1095 5016 psal-

348 5035 413 5075 mos,
427 5026 454 5069 et
467 5023 592 5068 illiterati
613 5022 722 5068 totidem
742 5025 823 5067 Pater
843 5030 941 5075 noster,
959 5029 985 5070 et
1000 5025 1027 5071 ιιι
1043 5027 1094 5071 tine

347 5088 487 5136 cuiuslibet
509 5093 637 5142 nequam
659 5093 797 5134 aeternam
820 5089 954 5136 adiiciant.
980 5095 1012 5138 at
1036 5095 1094 5149 post

347 5158 419 5213 baec,
434 5157 502 5202 intra
515 5167 615 5202 annum
630 5166 677 5212 pro
692 5155 805 5200 fratrum
819 5159 846 5201 et
861 5169 982 5204 sororum
992 5161 1048 5204 tam
1059 5160 1095 5204 vi·

347 5234 542 5280 ennumquam
563 5222 745 5267 ‹ieiunotorurn
767 5223 861 5276 salute,
877 5226 931 5268 tres
951 5224 1045 5270 mtssas
1059 5226 1094 5272 Ia·

346 5291 418 5336 ciant
431 5289 567 5335 celebrari.
584 5289 632 5339 Qui
644 5299 704 5333 vero
715 5289 872 5344 psalterium
883 5291 1015 5346 sciverint,
1026 5293 1093 5338 illud

347 5358 443 5412 oleant,
457 5357 483 5402 et
497 5355 595 5402 caeteri
608 5357 756 5400 orationem
771 5355 928 5402 dominicam
944 5359 1042 5404 centies
1057 5361 1094 5404 di·

347 5435 407 5468 cere
424 5434 475 5468 uon
495 5423 770 5476 cantreciacensem
790 5427 929 5468 aeternam
945 5424 971 5468 iu
987 5424 1038 5470 iiue
1052 5438 1093 5471 cu·
1176 5455 1180 5464 ·

347 5487 455 5536 iuslibet
469 5488 593 5536 addituri.

627 5611 663 5654 De
676 5612 815 5654 ministrae.
903 5672 904 5676 Ἰ

654 5717 718 5760 οΑΡ.
733 5718 783 5790 XII.

186 5837 218 5885 ορ
240 5836 329 5896 „marg
386 5822 533 5871 Mimsteria
547 5833 649 5881 quoque
663 5819 693 5868 a'c
702 5823 757 5868 aila
767 5822 858 5878 officia,
868 5803 935 5881 quae
945 5823 1092 5881 praesentis

109 5895 182 5938 recte
214 5892 328 5938 admini-
346 5892 475 5938 formulae
489 5892 571 5936 series
585 5891 717 5948 exprimit,
732 5890 856 5948 imposita
870 5889 921 5938 sibi
931 5891 1042 5949 quisque
1052 5892 1092 5936 de

111 5945 238 5994 Slrssiidss·
347 5961 405 6003 vote
419 5957 553 6018 suscipiat,
563 5961 689 6016 curetque
704 5955 817 6002 fideliter
831 5969 958 6002 exercere.
972 5957 1090 6002 Otiicium

968 575 1164 623 aeuanrcrus
1186 577 1256 624 XIII.

1809 559 1868 628 379
1918 563 1971 620 tn.
1986 565 2016 620 O.
2039 559 2107 620 1725

1140 695 1220 758 litati
1242 695 1346 774 piene,
1370 695 1523 772 uideret,
1547 713 1610 760 non
1631 699 1821 786 consulatur,
1843 717 1887 762 as·

1139 789 1316 852 serentibus
1331 791 1503 866 nonnullis,
1521 794 1632 868 gratias
1651 803 1682 856 et
1697 793 1814 856 indulta
1830 793 1889 855 bu-

1141 883 1272 946 iusmodi
1293 899 1356 944 nou
1379 900 1445 946 esse
1467 885 1499 946 in
1521 903 1592 960 usu,
1608 885 1659 948 vei
1674 894 1813 950 revocata
1835 896 1888 949 aut

1141 977 1280 1038 restricta
1310 976 1421 1052 fuisse,
1456 994 1513 1040 nec
1534 979 1566 1040 ei
1591 988 1677 1058 parte
1708 980 1887 1055 subsistere,

1141 1085 1218 1148 quae
1248 1069 1464 1146 directionem,
1491 1087 1597 1134 curam
1619 1081 1648 1135 et
1674 1073 1817 1150 regimen
1838 1089 1888 1134 eo·

1141 1162 1284 1224 rumdam
1307 1163 1533 1226 'sortiariarum
1548 1167 1718 1241 concernit,
1735 1166 1800 1228 sive
1816 1168 1890 1229 Ter-

1142 1255 1246 1318 tiarios
1268 1264 1390 1318 tautum
1413 1257 1582 1334 regulares,
1599 1276 1653 1321 seu
1667 1259 1725 1322 sub
1738 1259 1887 1335 clausuri,

1142 1482 1231 1526 autem
1253 1479 1392 1528 cuiuslibet
1413 1482 1480 1528 certi
1500 1481 1626 1540 temporis
1647 1481 1732 1539 spatio
1746 1481 1887 1527 limItetur.

1142 1547 1236 1592 Nullus
1251 1547 1373 1593 minister
1395 1548 1554 1594 instituatur
1567 1549 1600 1594 ad
1615 1549 1697 1593 vitam
1713 1549 1757 1594 sed
1772 1549 1829 1594 eius
1844 1549 1889 1594 mi-

1142 1613 1283 1659 nisterium
1297 1617 1399 1660 certum
1415 1618 1520 1672 tempus
1534 1615 1745 1672 consprebeadat.

1191 1739 1226 1780 Dc
1240 1741 1390 1781 visitatione
1403 1741 1427 1787 et
1441 1740 1603 1782 correctione
1617 1739 1838 1790 delinquentium.

1444 1847 1508 1888 CAP.
1525 1846 1586 1888 xvl.

1185 1949 1219 1993 cd
1234 1950 1298 1996 haec
1312 1949 1430 1995 ministri
1444 1951 1470 1996 et
1485 1949 1581 1996 fratres
1595 1961 1626 1996 ac
1640 1961 1743 1996 sorores
1765 1947 1890 2004 civitatis,
1922 1943 1955 1990 be
1968 1943 2122 2008 comestione

1143 2017 1169 2060 et
1182 2016 1233 2060 loci
1253 2017 1403 2070 cuiuslibet,
1424 2017 1457 2062 ad
1478 2016 1657 2062 visitationem
1680 2015 1890 2061 commanentia
1909 1998 2117 2057 delmifflIWm·

1142 2083 1231 2139 aliquo
1246 2083 1302 2129 loco
1316 2083 1449 2140 religioso,
1464 2083 1506 2128 vel
1519 2083 1636 2134 ecclesia,
1647 2083 1691 2128 ubi
1702 2084 1788 2128 Iocum
1801 2083 1891 2128 huius·

1143 2150 1214 2196 modi
1227 2152 1368 2207 contigerit
1388 2153 1485 2206 deesse,
1504 2151 1668 2206 conveniant,
1684 2155 1710 2196 et
1725 2151 1889 2198 visitatorem

1143 2215 1257 2262 babeant
1278 2219 1449 2274 sacerdotem,
1464 2218 1509 2275 qui
1523 2218 1636 2263 alicuius
1657 2219 1816 2276 approbatae
1831 2220 1891 2264 reli-

1143 2281 1229 2338 gicnis
1244 2283 1349 2338 existat,
1364 2285 1460 2341 quique
1476 2284 1530 2328 illie
1543 2284 1574 2328 de
1584 2285 1732 2330 commissIs
1742 2285 1890 2330 excessibus

1144 2348 1266 2405 iniungat
1280 2351 1468 2406 poenitentiam
1484 2351 1637 2396 salutarem.
1657 2353 1707 2396 Nec
1721 2351 1807 2408 quivis
1821 2351 1890 2396 alius

1144 2415 1227 2470 possit
1241 2415 1279 2460 eis
1294 2416 1446 2462 huiusmodi
1460 2416 1620 2462 visitationis
1635 2417 1748 2463 officium
1759 2417 1889 2463 exhibere.

1145 2482 1210 2534 Quia
1225 2494 1285 2528 vero
1301 2494 1426 2540 praeseus
1441 2483 1543 2528 vivendi
1565 2483 1649 2528 forma
1663 2483 1860 2529 iustitutionem
1875 2496 1891 2530 a

1144 2553 1169 2594 Β.
1185 2548 1324 2595 rraucisco
1339 2549 1486 2606 praelibato
1501 2551 1623 2606 suscepit,
1634 2549 1807 2605 consulimus,
1817 2555 1846 2596 nt
1857 2551 1892 2595 vi·

1144 2616 1268 2662 sitatores
1283 2619 1309 2662 et
1324 2617 1509 2663 informatores
1523 2619 1555 2664 de
1576 2619 1690 2664 fratrum
1707 2617 1837 2662 acinorum
1852 2629 1892 2663 or-

1144 2683 1204 2728 dine
1218 2685 1398 2740 assumantur,
1413 2696 1477 2742 quos
1492 2685 1613 2730 custodes
1622 2685 1664 2730 vel
1674 2685 1815 2741 guardiam
1825 2687 1892 2732 eius·

1144 2750 1203 2795 dem
1219 2750 1332 2806 Ordinis,
1344 2762 1404 2796 cum
1419 2763 1497 2808 super
1508 2753 1556 2797 hoc
1566 2751 1688 2809 requisiti
1698 2751 1805 2808 suerint,
1815 2755 1892 2798 duxe-

1145 2815 1199 2862 rint
1212 2816 1392 2872 assignandos.
1415 2818 1542 2864 Nolumus
1557 2824 1646 2865 tamen
1661 2819 1890 2876 congregationem

1145 2883 1297 2928 huiusmodi
1311 2893 1327 2928 a
1340 2885 1408 2930 laico
1423 2884 1533 2932 visitari.
1555 2885 1710 2930 Huiusmodi
1728 2888 1817 2930 autem
1832 2885 1892 2930 viei-

1145 2949 1254 2996 tatiouis
1269 2951 1381 2998 odicium
1397 2952 1479 2998 semel
1493 2956 1647 2998 exerceatur
1662 2952 1689 2997 in
1699 2963 1776 3006 anuo,
1787 2953 1839 2998 nisi
1850 2965 1892 2998 ue-

1144 3016 1267 3062 cessitate
1288 3017 1379 3076 aliqua
1400 3020 1526 3066 suadente
1547 3020 1628 3065 caeru
1649 3020 1749 3077 pluries
1766 3020 1890 3066 iacienda.

1145 3084 1339 3142 lucorrigibiles
1361 3097 1422 3132 vero
1443 3097 1473 3132 ac
1487 3087 1665 3132 inobedientes
1688 3086 1799 3131 monitio
1820 3087 1891 3132 trina

1145 3151 1303 3206 praeveniat.
1320 3152 1368 3202 Qui
1382 3152 1406 3196 si
1420 3163 1448 3196 se
1461 3153 1594 3208 corrigere
1614 3165 1664 3198 non
1685 3152 1846 3206 curaverint,
1860 3154 1891 3197 de

1145 3215 1228 3272 ipsius
1241 3218 1454 3274 congregationis
1465 3221 1597 3265 consortio
1607 3220 1774 3277 expelluntur
1785 3219 1892 3264 omuino

1145 3282 1176 3327 de
1190 3284 1299 3328 consilio
1313 3285 1496 3331 discretorum.
1570 3327 1576 3342 ,

1221 3407 1256 3450 De
1270 3409 1387 3450 citandis
1402 3409 1492 3460 lutatis
1509 3413 1580 3455 inter·
1593 3421 1620 3454 se
1633 3416 1657 3454 et
1671 3421 1734 3455 cum
1747 3414 1816 3456 attis.

1441 3517 1505 3559 CAP.
1521 3518 1594 3562 xvu.

1185 3617 1274 3664 Vitent
1295 3620 1403 3678 iusuper
1423 3621 1520 3668 iratres
1535 3625 1561 3668 et
1576 3634 1680 3669 sorores
1702 3623 1786 3679 (irrata
1808 3626 1892 3682 posse)
1936 3627 1968 3674 Ite
1982 3627 2076 3688 tutaris
2090 3629 2125 3674 ui-

1145 3685 1233 3742 litigia
1246 3687 1317 3731 inter
1330 3700 1366 3743 se,
1381 3688 1429 3733 illa
1445 3689 1476 3744 tsi
1491 3690 1615 3736 srrscItari
1628 3692 1778 3746 contigerit)
1791 3692 1893 3737 sollcite
1912 3683 2006 3728 “ilidii-

1145 3751 1307 3798 dirimendo:
1328 3755 1455 3812 alioquin,
1477 3756 1508 3800 de
1530 3757 1588 3802 iure
1610 3768 1699 3802 coram
1720 3758 1767 3803 illo
1789 3771 1894 3815 respou-

1145 3818 1232 3874 deant,
1245 3819 1315 3875 apud
1329 3831 1406 3876 quem
1421 3823 1536 3878 potestas
1551 3823 1649 3868 residet
1664 3823 1804 3870 iudicandi.

1216 3999 1220 4008 ‚
1260 3957 1414 4005 ostentaret
1426 3965 1477 4008 per
1491 3967 1557 4009 quos
1572 3961 1601 4001 tn
1615 3959 1782 4002 abstinentiis

1390 4031 1469 4074 posse
1482 4023 1642 4076 danencurt.

1434 4158 1498 4200 CAP.
1518 4157 1602 4202 XVIII.

1187 4285 1319 4332 ordmerii
1333 4290 1423 4333 autem
1438 4289 1564 4344 locorum,
1580 4287 1620 4335 vel
1634 4289 1764 4340 visitator.
1774 4301 1833 4335 curu
1844 4292 1893 4337 sra-
1947 4297 1980 4344 ορ
1995 4297 2124 4358 diepam.

1148 4353 1233 4398 tribus
1247 4357 1274 4398 et
1287 4355 1423 4400 sororibus
1442 4357 1581 4412 universis,
1597 4357 1623 4402 in
1638 4358 1815 4411 abstinentiis
1830 4359 1893 4404 ieiu·
1912 4350 2058 4416 liddttjrttt
2068 4353 2124 4400 abs-

1147 4419 1198 4464 alis
1213 4423 1239 4464 et
1252 4421 1456 4468 austeritatibus
1469 4424 1539 4478 aIIIs,
1554 4425 1580 4468 et
1589 4435 1683 4469 caussa
1692 4423 1813 4482 legitima
1825 4427 1891 4482 (curn
1912 4407 2042 4452 nimum·

1146 4486 1268 4542 expedire
1283 4486 1404 4544 viderint)
1419 4491 1543 4545 poterunt
1557 4488 1716 4546 dispensare.

1225 4624 1297 4672 Qrtod
1311 4625 1431 4666 ministri
1444 4633 1539 4668 eoricus
1554 4627 1710 4675 manifestus
1724 4629 1818 4680 crrtpas

1359 4692 1521 4734 dentatacient
1540 4694 1678 4736 visitatori.

1448 4825 1512 4868 CAP.
1529 4827 1591 4870 XIX.

1188 4953 1302 5000 btiuistri
1316 4967 1377 5001 vero
1387 4957 1539 5003 manifestas
1549 4957 1662 5004 fratrum
1673 4961 1699 5004 et
1710 4969 1831 5004 sororum
1842 4959 1894 5004 cul·
1941 4971 1973 5015 pe
1990 4969 2125 5030 emt-,eya

1148 5031 1194 5076 pas
1208 5019 1340 5066 visitatori
1354 5023 1511 5068 denuncient
1527 5025 1678 5081 puniendas.
1699 5027 1731 5069 st
1746 5026 1769 5070 si
1783 5025 1894 5083 quisque
1914 5023 2016 5072 ditibus.

1148 5086 1336 5144 lucorrigibilis
1356 5088 1444 5144 fuerit,
1466 5093 1524 5147 post
1546 5091 1633 5136 trinae
1653 5091 1840 5136 admonitionis
1857 5093 1894 5136 iu·

1147 5155 1274 5200 stantiam
1288 5167 1304 5200 a
1319 5156 1450 5202 minIstris
1471 5157 1510 5212 (de
1525 5158 1699 5203 discretorum
1721 5159 1834 5204 fratrum
1849 5159 1894 5206 ali·
1984 5215 1988 5222 Ι

1147 5233 1259 5278 quorum
1274 5221 1392 5277 consilio)
1409 5223 1541 5269 visitatori
1550 5223 1690 5270 nunciatur
1700 5225 1794 5280 eidem,
1805 5225 1836 5270 de
1846 5226 1894 5271 Ira-

1147 5287 1282 5332 ternitatis
1296 5288 1428 5334 consortio
1448 5283 1610 5335 abiiciendus
1623 5289 1657 5335 ab
1671 5291 1735 5347 ipso,
1754 5294 1780 5336 ct
1796 5292 1822 5336 iu
1836 5303 1894 5337 cou-

1147 5353 1300 5410 gregatione
1315 5356 1481 5411 postmodum
1499 5357 1679 5413 publicandus.

1241 5493 1358 5542 Qualiter
1372 5479 1401 5536 In
1413 5495 1558 5545 praedictas
1575 5505 1652 5539 nemo
1667 5497 1801 5548 obteratur

1358 5562 1394 5604 ad
1407 5563 1516 5613 euripum
1530 5565 1679 5607 mortalem.

1452 5695 1515 5738 CAP.
1534 5695 1584 5738 XX.

1178 5819 1324 5888 'caeterum
1339 5825 1364 5870 in
1376 5827 1528 5882 praemissis
1538 5827 1668 5884 omnibus,
1678 5828 1711 5874 ad
1721 5838 1788 5886 quac
1797 5829 1893 5876 iratres
1933 5839 1965 5888 pe
1977 5853 2030 5888 „072
2044 5841 2126 5889 oum.

1148 5892 1229 5936 vestri
1243 5892 1343 5937 ordinis
1358 5904 1408 5938 nori
1424 5905 1454 5938 ex
1469 5893 1565 5938 divinis
1577 5896 1723 5953 praeceptis
1733 5897 1774 5943 vel
1785 5899 1893 5944 statutIs
1912 5895 2034 5942 vantibus
2053 5907 2126 5958 requ-

1151 5961 1274 6004 tonentur
1295 5959 1432 6018 Ecclesiae,
1448 5954 1551 6006 n'ullum
1573 5961 1690 6020 ipsorum
1705 5965 1738 6009 ad
1753 5967 1893 6012 mortalem
1914 5949 1972 5996 Iam·
2088 5957 2090 5959 ’
