4848 6990
967 631 1178 676 muocnnrrus
1200 629 1243 674 11.
1802 611 1858 676 115
1910 613 2008 668 1111.
2030 614 2099 668 1688

326 765 381 812 111
402 748 571 826 collegium
592 748 769 811 huiusmodi
790 747 912 812 fundari
929 746 1073 827 approba·
1128 746 1207 808 lium
1228 748 1399 826 supplicem
1421 746 1574 823 libellum,
1595 748 1653 812 sibi
1678 763 1772 826 super
1792 763 1877 826 prae-

325 842 439 916 vimus,
461 859 495 904 ac
523 838 622 904 multa
648 841 812 920 privilegia
833 849 864 904 et
885 840 995 918 gratias
1016 855 1072 918 pro
1127 841 1229 904 missis
1249 847 1439 918 porrectum,
1461 842 1582 904 remisit
1603 841 1716 905 dilecto
1736 841 1800 903 frlio
1822 857 1878 904 no-

325 951 361 999 ao
391 935 521 1010 collegio
552 949 817 1008 concesseramus,
850 942 943 1013 prout
973 933 1073 996 dictus
1126 941 1190 996 stro
1212 933 1331 996 Palutio
1353 934 1440 998 Sil.
1465 935 1499 996 E.
1525 934 1678 998 cardinali
1699 934 1737 996 de
1752 935 1878 998 Alteriis

325 1027 462 1104 ignatius
476 1033 657 1104 procurator
671 1041 710 1088 11
724 1025 804 1088 binis
818 1025 932 1088 nostris
948 1025 1070 1101 litteris,
1127 1033 1317 1106 nuncupato,
1340 1026 1462 1090 Ordinis
1490 1027 1637 1105 praedicti
1666 1029 1746 1106 apud
1768 1043 1824 1092 nos
1845 1035 1877 1090 et

325 1121 396 1184 unis
417 1119 562 1182 videlicet
581 1119 663 1182 dicto
684 1133 766 1181 anno
788 1135 979 1194 1111111111,
998 1119 1073 1180 1111·
1128 1119 1240 1184 Sedem
1271 1120 1476 1199 Apostolicam
1503 1121 1685 1199 protectori,
1715 1127 1765 1194 ut,
1795 1121 1878 1182 veris

325 1213 368 1276 ris
387 1228 464 1274 vero
484 1227 567 1274 anno
588 1226 772 1274 nnccxxxv.
796 1212 968 1290 respective
987 1212 1019 1274 in
1034 1213 1075 1274 si·
1127 1213 1332 1276 existentibus
1352 1213 1495 1288 narratis,
1511 1215 1590 1276 circa
1604 1213 1793 1292 supradictas
1810 1230 1876 1275 ora·

325 1306 392 1368 mili
412 1305 512 1366 formd
532 1304 640 1366 Brevis
661 1305 824 1382 expeditis,
839 1311 981 1366 constare
995 1321 1072 1366 asse·
1128 1305 1203 1368 toris
1224 1323 1329 1385 preces
1350 1307 1380 1370 id
1401 1313 1553 1370 statueret
1573 1306 1656 1385 quod
1676 1321 1732 1384 pro
1753 1323 1810 1368 suo
1830 1324 1878 1368 ar-

325 1399 422 1473 rebat,
444 1405 475 1459 et
496 1397 629 1460 subinde
660 1398 764 1474 regius
786 1399 821 1460 ad
849 1396 879 1459 id
907 1403 1073 1459 accesserat
1127 1399 1219 1461 bitrio
1246 1405 1278 1462 et
1308 1398 1472 1478 prudentia
1503 1400 1535 1461 in
1566 1399 1700 1462 Domino
1730 1399 1876 1479 expedire

324 1507 481 1567 assensus3
513 1491 711 1570 postmodum
742 1507 817 1553 vero
845 1490 956 1553 iratres
976 1491 1073 1554 dictae
1126 1490 1307 1565 censuisset,
1330 1497 1423 1568 prout
1445 1491 1478 1554 in
1499 1491 1594 1569 ipsius
1619 1489 1877 1568 congregationis

325 1583 513 1664 provinciae,
534 1590 570 1646 ut
590 1583 729 1646 fundatio
750 1583 873 1660 collegii
894 1581 1073 1646 huiusmodi
1127 1585 1250 1646 decreto
1277 1583 1409 1662 desuper
1436 1584 1485 1646 die
1506 1599 1570 1646 niv.
1601 1583 1781 1646 novembris
1807 1599 1876 1661 pro-

325 1680 361 1740 ad
386 1693 480 1739 suum
511 1677 657 1738 effectum
687 1677 902 1751 reduceretur,
934 1677 1073 1754 primum
1128 1676 1210 1738 xime
1231 1677 1390 1754 praeteriti
1417 1685 1558 1740 emanato
1590 1677 1779 1740 continetur.
1809 1677 1877 1755 lpse

324 1777 497 1832 conventus
519 1769 551 1832 S.
574 1770 658 1830 Petri
681 1768 823 1847 ldartpris
848 1770 947 1832 dictae
967 1767 1072 1830 civita·
1127 1783 1200 1830 vero
1229 1768 1365 1832 Palutius
1395 1770 1565 1832 cardinalis
1586 1778 1617 1832 et
1639 1775 1807 1848 protector,
1829 1768 1877 1829 vi·

326 1864 363 1926 tis
383 1863 540 1939 Onitensis
570 1862 692 1924 Ordinis
723 1862 869 1939 praedicti
900 1863 1012 1934 situm,
1042 1869 1072 1923 et
1127 1877 1201 1937 gore
1216 1861 1367 1924 facultatis
1381 1862 1438 1924 sibi
1454 1878 1625 1937 concessae,
1640 1863 1798 1925 decretum
1811 1861 1875 1925 edi·
1897 1873 2110 1969 tlpccqctuncar-

324 1959 470 2037 quasdam
491 1957 598 2018 domos
617 1955 674 2034 ipsi
688 1954 858 2018 conventui
871 1955 999 2028 vicinas,
1015 1970 1071 2032 pro
1127 1955 1172 2016 dit
1192 1956 1309 2018 tenoris
1330 1956 1384 2033 qui
1405 1957 1558 2034 sequitur,
1575 1956 1733 2018 videlicet:
1757 1955 1875 2016 «Palu
1896 1935 1994 2025 131ῗῖ8
2009 1927 2111 1972 ¹³¹⁰‘oe'

325 2051 388 2130 ipsa
409 2049 592 2112 fundatione
613 2049 687 2110 dicti
712 2048 845 2124 collegii,
867 2055 898 2110 et
919 2047 1072 2126 quoddam
1128 2049 1188 2110 tius
1210 2049 1294 2110 tituli
1311 2049 1451 2112 basilicae
1466 2049 1497 2112 S.
1515 2049 1627 2112 llariae
1642 2049 1876 2127 Transtyberim

324 2141 502 2223 praedium,
533 2159 589 2204 seu
619 2141 858 2220 possessionem,
893 2132 1070 2211 11111111,
1127 2142 1288 2220 presbyter
1317 2141 1487 2204 cardinalis
1514 2144 1550 2205 de
1573 2142 1699 2204 diteriis
1722 2142 1752 2206 S.
1777 2143 1813 2204 lt.
1839 2143 1873 2204 lt.

325 2243 552 2314 nuncupatum,
575 2241 606 2296 et
627 2235 662 2295 ad
684 2235 803 2298 dictum
821 2241 1014 2295 conventum
1029 2233 1071 2294 le·
1127 2235 1325 2308 camerarius,
1353 2253 1387 2296 ac
1416 2235 1510 2296 totius
1537 2235 1659 2298 Ordinis
1688 2236 1877 2298 Praedicato-

325 2329 434 2406 gitime
453 2335 605 2406 spectans,
628 2343 683 2404 pro
704 2327 842 2402 congrua
863 2326 947 2387 illius
968 2341 1071 2403 perso·
1126 2344 1198 2390 rum
1220 2327 1299 2404 apud
1322 2329 1467 2390 Sanctam
1486 2327 1598 2390 Sedem
1613 2335 1778 2407 protector.
1796 2329 1878 2391 Cum

325 2437 437 2483 narum
448 2420 685 2493 sustentatione,
695 2417 807 2480 deinde
817 2418 975 2496 provincia
987 2435 1072 2496 prae-
1127 2437 1165 2482 ex
1187 2429 1272 2499 parte
1295 2420 1472 2499 provinciae
1494 2421 1526 2483 S.
1543 2421 1727 2484 (latbarinae
1745 2421 1878 2498 virginis

314 2516 403 2577 dicta
428 2514 592 2592 quamdam
618 2512 811 2574 conficiendo
837 2527 955 2572 saccaro
981 2510 1072 2572 fabri·
1127 2521 1158 2574 et
1180 2515 1325 2592 martyris
1347 2515 1384 2576 de
1403 2514 1506 2589 Quito,
1522 2514 1555 2576 in
1569 2513 1663 2576 lndiis
1678 2515 1879 2577 Occidentali-

324 2624 403 2682 cam,
424 2623 479 2669 scu
501 2607 688 2681 machinam,
705 2607 737 2667 in
756 2605 835 2666 valle
849 2606 887 2668 de
902 2605 1023 2682 Pisque,
1039 2622 1071 2668 ac
1127 2606 1201 2682 bus,
1231 2605 1364 2668 fratrum
1386 2605 1650 2680 Praedicatorum,
1674 2623 1777 2668 sacrae
1798 2607 1878 2668 Gon·

324 2701 399 2764 duas
424 2698 646 2778 possessiones,
676 2714 772 2762 unam
797 2698 830 2760 in
859 2697 1071 2760 iurisdictione
1128 2699 1302 2776 gregationi
1328 2699 1653 2760 eminentissimorum
1675 2705 1706 2760 et
1731 2715 1879 2762 reveren·

324 2794 362 2856 de
384 2794 484 2865 Losa,
512 2808 567 2870 pro
589 2791 826 2854 manutentione
855 2789 1071 2852 cathedratico·
1127 2791 1327 2854 dissimorum
1349 2792 1380 2854 S.
1397 2792 1433 2852 ll.
1452 2792 1486 2852 Ε.
1511 2791 1723 2854 cardinalium
1744 2791 1878 2868 negotiis

325 2903 397 2950 rum
417 2900 577 2950 sacrorum
596 2900 754 2947 canonum
775 2885 807 2946 in
829 2883 910 2945 dicto
929 2883 1071 2960 collegio,
1127 2893 1158 2946 et
1178 2883 1459 2946 consultationibus
1481 2885 1705 2963 Episcopornm
1726 2886 1877 2962 1111111-

324 2981 453 3044 alteram
475 2995 550 3040 vcro
571 2979 603 3040 in
624 2978 704 3040 valle
724 2979 763 3039 de
789 2977 965 3056 Sangolque
990 2993 1071 3040 nun·
1127 2977 1239 3039 larium
1260 2978 1506 3055 praepositorum
1527 2993 1583 3056 per
1604 2979 1813 3042 reverendum
1828 2995 1879 3057 pa·

324 3082 478 3152 cupatam,
501 3073 586 3135 iuxta
607 3087 678 3134 snos
700 3080 790 3134 notos
811 3071 888 3134 lines
903 3072 976 3132 sitas
991 3070 1072 3132 etad
1127 3079 1208 3132 trem
1224 3070 1410 3146 magistrum
1424 3069 1551 3132 fratrem
1565 3071 1724 3147 ignatium
1735 3072 1877 3148 1110111-

325 3169 435 3230 dictam
447 3165 640 3245 provinciam
652 3165 792 3242 legitime
805 3171 989 3243 spectantes,
1002 3180 1073 3226 nec»
1126 3164 1195 3226 sada
1217 3163 1301 3224 illius
1322 3171 1554 3242 procuratorem
1576 3172 1607 3226 11
1628 3165 1827 3228 definitorem
1845 3166 1879 3228 in

325 3277 389 3324 non
403 3259 498 3339 aliqui
513 3259 652 3322 eiusdem
663 3258 785 3322 Ordinis
796 3259 905 3320 fratres
919 3256 1072 3320 nonnulla
1126 3257 1182 3318 trac
1212 3257 1296 3320 ouria
1327 3265 1522 3336 praesentem
1554 3258 1730 3336 expositum
1761 3259 1874 3334 fuerit,

325 3353 519 3432 particularia
541 3350 676 3429 deposita
696 3351 754 3412 sibi
777 3359 942 3424 reservata,
964 3365 1020 3412 scu
1035 3351 1071 3412 ad
1126 3349 1207 3428 quod
1222 3367 1261 3411 11
1276 3351 1474 3413 concessione
1488 3351 1674 3413 sanctissimi
1688 3351 1808 3414 domini
1823 3369 1878 3414 no·

325 3461 433 3509 eorum
464 3461 556 3506 usum
588 3443 752 3522 permissa,
784 3460 818 3505 ac
848 3445 975 3506 demum
1007 3444 1071 3521 ipse
1125 3443 1182 3504 stri
1210 3443 1384 3506 innocentii
1412 3444 1463 3506 lll.
1492 3451 1523 3506 et
1552 3445 1766 3506 munificentia
1795 3447 1878 3522 regis

324 3539 461 3615 ignatius
492 3543 682 3616 procurator,
705 3534 743 3598 de
764 3536 887 3598 licentiat
912 3536 961 3598 sui
981 3551 1071 3613 supe·
1126 3534 1267 3596 catholici
1288 3535 1389 3598 Caroli
1410 3537 1446 3598 ll.
1464 3536 1631 3614 collegium
1653 3538 1685 3600 in
1708 3535 1877 3600 1111111111-

323 3630 428 3704 rioris,
449 3629 603 3707 copiosam
628 3627 857 3702 bibliothecam,
878 3645 950 3690 cum
970 3629 1072 3690 diver·
1127 3633 1189 3690 tate
1218 3627 1358 3702 Onitensi
1387 3630 1446 3690 sub
1477 3631 1690 3692 moderamine
1720 3631 1877 3693 dictorum

324 3725 365 3786 sis
387 3723 513 3802 picturis
535 3722 567 3782 in
588 3721 668 3782 almi
700 3721 783 3782 Urbe
809 3722 913 3784 nostrai
935 3720 1020 3782 factis
1040 3727 1071 3781 et
1126 3719 1258 3783 fratrum
1279 3719 1530 3784 Praedicatorum
1556 3737 1729 3802 corumque
1750 3724 1876 3800 regimi-

323 3817 391 3878 aliis
413 3816 505 3878 rebus
525 3831 580 3876 seu
601 3813 793 3876 ornamentis
815 3830 871 3892 pro
892 3813 979 3876 cultu
994 3813 1069 3875 divi·
1126 3829 1178 3888 ne,
1191 3821 1222 3874 et
1236 3813 1294 3874 sub
1310 3813 1400 3876 titulo
1414 3815 1448 3876 B.
1464 3815 1661 3890 ferdinandi,
1675 3814 1779 3878 Sancti
1795 3821 1881 3878 nun·'

325 3927 379 3985 no,
395 3911 476 3972 dicto
492 3908 623 3984 collegio
638 3909 840 3981 donaverant,
855 3917 1071 3970 concesserant
1090 3949 1093 3956 -
1126 3906 1240 3985 cupali,
1263 3923 1336 3968 cum
1357 3907 1425 3969 1111
1446 3915 1476 3970 11
1497 3909 1663 3986 privilegio
1683 3909 1717 3970 in
1732 3909 1878 3972 omnibus

324 4011 355 4066 et
375 4003 608 4078 assignaverant
628 3999 815 4078 respective,
837 3998 1071 4076 capitulumque
1126 3999 1263 4062 scientiis
1284 4017 1498 4078 quoscumque
1521 4003 1683 4065 studentes
1704 4003 1875 4077 laureandi,

324 4094 515 4174 provinciale
541 4093 635 4171 ipsius
657 4093 835 4170 provinciae
859 4092 998 4154 fructum
1019 4108 1071 4154 cu·
1126 4109 1160 4154 ac
1191 4092 1269 4168 aliis,
1301 4093 1415 4172 quibus
1446 4094 1665 4158 universitates
1696 4095 1825 4157 Limana
1846 4101 1876 4156 et

323 4191 443 4254 iusdam
474 4188 585 4251 consuis
615 4186 731 4260 annui,
763 4185 799 4248 ad
827 4185 1071 4263 quadringentos
1127 4184 1280 4246 blericana
1302 4187 1479 4263 potiuntur,
1502 4203 1644 4266 quaeque
1658 4188 1725 4249 aliis
1740 4187 1877 4263 collegiis

324 4297 470 4345 nummos
481 4296 574 4358 pezae
590 4288 782 4357 nuncupatos
794 4278 954 4340 annuatim
966 4293 1071 4340 ascen·
1126 4277 1319 4353 regularibus
1340 4295 1357 4338 a
1377 4279 1513 4357 praefato
1534 4295 1608 4356 rege
1628 4281 1778 4342 catholico
1798 4280 1877 4342 suis-

322 4377 462 4450 dentem,
485 4375 518 4436 in
538 4373 685 4436 fabricam
706 4371 780 4434 dicti
800 4371 934 4448 collegii,
957 4369 1071 4449 quoad·
1126 4387 1187 4448 que
1207 4373 1488 4450 praedecessoribus
1509 4389 1652 4436 concessa
1673 4373 1772 4449 fuere,
1794 4389 1873 4437 erec-

322 4485 422 4547 usque
442 4468 493 4530 illa
514 4467 739 4540 absolveretur,
761 4465 996 4544 impendendos,
1019 4480 1070 4542 ap·
1126 4471 1194 4525 tum
1225 4463 1319 4526 fuerit
1341 4473 1372 4527 et
1398 4466 1591 4542 institutum,
1625 4482 1680 4528 seu
1713 4466 1817 4528 verius
1838 4465 1877 4528 de

322 4563 506 4641 plicaverat3
531 4567 564 4622 et
591 4560 624 4620 in
645 4559 753 4621 eidem
780 4558 974 4636 expositione
999 4557 1070 4620 sub·
1125 4557 1268 4634 proximo
1290 4558 1367 4635 erigi
1388 4577 1422 4621 ac
1443 4559 1565 4622 institui
1586 4559 1705 4636 debeat,
1725 4567 1818 4638 atque
1838 4561 1876 4624 ad

322 4657 439 4731 iuncto,
461 4655 555 4733 quod,
577 4670 650 4716 cum
671 4667 767 4732 prope
787 4659 867 4714 osset
882 4659 917 4714 ut
931 4651 1070 4716 fundatio
1125 4649 1194 4726 hoc,
1211 4656 1246 4712 ut
1267 4651 1406 4713 fundatio
1427 4652 1606 4715 huiusmodi
1627 4661 1825 4732 sequeretur,
1841 4670 1876 4714 ac

320 4747 443 4824 collegii
471 4746 649 4810 huiusmodi
676 4744 890 4807 absolveretur
916 4744 949 4806 in
970 4745 1070 4822 publi·
1125 4744 1161 4807 ad
1183 4745 1414 4806 moderatorum
1429 4745 1513 4808 illius
1529 4746 1740 4808 universitatis
1754 4753 1876 4808 susten·

321 4859 389 4904 cam
411 4841 504 4904 totius
525 4842 610 4904 illius
637 4839 727 4917 regni
759 4838 923 4914 Quinensis
954 4839 1069 4901 utilita-
1125 4837 1294 4912 tationem,
1325 4845 1499 4902 conventus
1531 4840 1564 4903 8.
1597 4838 1680 4902 Petri
1712 4839 1873 4917 llartpris,

321 4947 397 5013 tem,
420 4937 515 5000 iidem
536 4935 646 4996 fratres
671 4934 770 4996 dictae
797 4933 985 5012 provinciae,
1009 4949 1070 5011 quo
1125 4929 1266 4992 eiusdem
1287 4932 1420 4995 civitatis
1441 4941 1472 4995 et
1497 4933 1631 5009 Ordinis,
1654 4932 1801 5011 quasdam
1823 4933 1876 4994 do·

321 5031 439 5094 1111111
461 5029 626 5104 collegium
648 5035 835 5108 perpetuum
856 5027 890 5087 in
911 5027 1000 5089 dictis
1018 5027 1070 5088 bc-
1126 5038 1192 5084 mos
1213 5025 1308 5086 simul
1330 5026 1432 5088 unitas
1454 5026 1577 5089 1111111
1598 5025 1632 5088 11
1654 5025 1877 5104 1111118111-

320 5124 370 5188 nis
397 5129 428 5186 et
455 5122 697 5202 possessionibus
724 5119 943 5196 stabilitatem,
972 5119 1071 5182 firmi-
1125 5117 1233 5180 minici
1247 5119 1387 5182 eiusdem
1402 5120 1546 5194 civitatis,
1559 5135 1699 5198 quaeque
1709 5125 1784 5181 sunt
1795 5114 1875 5180 dicto

320 5225 418 5280 tatem
444 5224 474 5278 et
501 5215 700 5278 securitatem
728 5222 983 5292 consequeretur,
1012 5231 1070 5292 nec
1125 5213 1296 5276 conventui
1317 5215 1542 5290 conterminae,
1565 5214 1623 5276 sub
1643 5212 1693 5274 die
1714 5227 1875 5273 1111111-

320 5309 489 5388 quidquam
511 5309 576 5372 ullo
604 5324 744 5387 unquam
771 5317 909 5387 tempore
935 5309 1069 5370 circaea
1126 5307 1208 5384 gusti
1236 5322 1413 5370 1111111111.
1444 5307 1525 5370 dicto
1553 5305 1683 5384 collegio
1712 5304 1876 5368 donaverit

320 5401 464 5464 innovari
483 5408 596 5481 posset,
612 5401 776 5479 cupiebant
790 5401 982 5476 donationes,
998 5417 1068 5463 con·
1125 5407 1217 5479 atque
1238 5400 1417 5474 contulerit,
1440 5417 1474 5462 ac
1493 5408 1652 5479 praeterea
1675 5408 1737 5462 tres
1758 5414 1874 5478 posses-

320 5495 474 5558 cessiones
496 5501 527 5556 et
551 5493 773 5570 assignationes
800 5509 893 5572 supra
919 5502 1067 5568 narratas,
1123 5493 1238 5568 siones,
1260 5509 1316 5555 seu
1337 5494 1459 5572 praedia
1480 5495 1599 5556 stabilia
1620 5492 1656 5554 ad
1678 5493 1781 5572 ipsum
1802 5507 1876 5554 con·

318 5586 533 5666 quamdudum
554 5589 603 5666 (ut
624 5585 724 5650 dictus
745 5587 883 5664 ignatius
902 5584 1069 5664 asserebat)
1125 5596 1258 5649 ventum
1278 5586 1457 5665 spectantia,
1474 5586 1532 5649 sita
1554 5587 1586 5648 in
1608 5586 1688 5648 valle
1703 5585 1873 5659 Tochacbe,

318 5699 334 5742 a
355 5681 467 5743 dilecto
488 5680 552 5742 filio
579 5683 730 5744 moderno
759 5681 907 5757 magistro
929 5680 1068 5757 generali
1124 5679 1208 5742 aliud
1229 5680 1262 5741 in
1283 5680 1364 5742 valle
1386 5681 1566 5759 Sangolqui,
1582 5688 1615 5742 et
1637 5680 1765 5742 tertium
1780 5679 1813 5742 in
1828 5679 1875 5741 iu·

318 5774 392 5837 dicti
412 5773 534 5838 Ordinis
556 5775 748 5853 approbatas,
770 5789 825 5836 seu
847 5774 921 5836 aliis
942 5774 980 5835 de
1001 5773 1067 5836 eius
1124 5771 1303 5836 risdictione
1330 5775 1368 5837 de
1395 5774 1488 5850 Lora,
1511 5779 1542 5836 et
1563 5773 1646 5836 ultra
1675 5774 1750 5836 haec
1781 5774 1874 5835 etiam

318 5865 565 5943 11111111111111,
588 5884 604 5927 a
625 5867 705 5930 dictat
726 5867 975 5944 congregatione
996 5883 1068 5928 con·
1123 5866 1291 5946 pistrinum
1313 5870 1350 5932 ad
1370 5885 1463 5931 usum
1490 5867 1602 5931 saccari
1628 5883 1701 5930 cum
1721 5867 1785 5932 suis
1806 5883 1875 5946 per-

318 5959 451 6022 firmari:
486 5968 656 6024 memorata
687 5960 894 6040 Congregatio
926 5959 1068 6024 (11111111-
1123 5959 1277 6036 tinentiis,
1297 5961 1379 6039 quod
1399 5960 1558 6040 hispanice
1573 5966 1773 6039 nuncupatur
1787 5959 1874 6039 inge-
