4848 6990
101 489 158 541 un,
174 490 205 541 C.
227 489 298 540 lesu

328 624 437 686 ellectu
458 623 677 699 restituerent;
697 630 728 684 et
742 623 825 698 alias,
842 629 934 700 prout
948 621 1075 684 uberius

327 716 505 778 continetur
526 715 560 776 in
581 715 676 794 ipsius
697 714 813 778 Urbani
834 715 1076 796 praedecessoris

330 809 438 872 litteris
459 809 593 888 desuper
613 809 645 872 iu
668 809 773 872 eadem
789 808 887 870 sormi
902 809 1009 870 Brevis
1023 825 1075 871 ex-

328 903 447 983 peditis,
480 904 608 978 tenoris,
640 904 693 981 qui
725 903 878 982 sequitur,
908 903 1072 965 videlicet:

329 997 511 1061 connixos
525 997 579 1059 PP.
594 997 686 1071 lllll,
703 998 739 1059 ad
754 1005 935 1076 perpetuam
951 997 996 1059 rei
1011 1012 1075 1058 me·

328 1092 470 1153 moriam.
499 1091 601 1162 Atina,
632 1099 690 1153 etc.
721 1091 776 1170 (l).
808 1093 919 1154 Datum
948 1092 1074 1166 Romae,

329 1186 406 1264 apud
429 1184 461 1247 S.
478 1185 617 1256 Petrum,
638 1185 695 1247 sub
709 1186 826 1249 annulo
841 1185 1011 1260 Piscatoris,
1027 1185 1076 1246 die

330 1293 419 1340 xvxn.
449 1277 528 1340 iunii
557 1294 723 1353 xoexxm,
752 1279 949 1356 pontificatus
979 1278 1076 1340 nostri

329 1389 411 1434 anno
433 1389 499 1434 xxx.

659 1453 698 1515 ll.
722 1454 757 1516 ll.
783 1455 1017 1518 llxmacnos.»

87 1566 261 1666 {⁰033th
281 1569 311 1614 ut
369 1561 439 1635 §2-
468 1561 547 1624 Cum
578 1567 694 1636 autern,
726 1561 807 1624 sicut
838 1561 967 1624 dilectus
996 1545 1077 1624 filius

249 1658 254 1665 '
329 1654 503 1716 Bemardus
524 1654 669 1733 Iosephus
690 1655 902 1718 elesa-Maria
916 1655 1011 1716 irater
1025 1671 1077 1716 ex-

328 1761 431 1824 presse
458 1748 613 1824 professus
644 1746 765 1812 Ordinis
794 1749 951 1812 lllinnrum
974 1749 1078 1812 Sancti

329 1841 480 1903 Franclsci
516 1840 555 1904 de
590 1841 789 1906 observantis
827 1841 1077 1904 Reformatorum

330 1941 594 2014 nuncupatorum,
618 1953 652 1997 ac
671 1937 821 1998 carissimi
837 1937 868 1998 in
884 1936 1007 1999 Christo
1022 1935 1077 1997 lilii

330 2029 427 2090 nostri
459 2028 560 2092 Caroli
591 2030 806 2109 Hispaniarum
834 2031 916 2108 regis
937 2030 1077 2093 catholici

330 2123 538 2198 concionator,
559 2139 616 2185 nec
639 2139 702 2185 non
718 2123 880 2187 tribunalis
894 2129 1015 2186 sanctae
1029 2124 1080 2200 ln·

330 2214 506 2291 quisitionis
527 2216 730 2294 qualificator,
750 2233 783 2279 ac
804 2217 1033 2280 commissarius
1046 2223 1078 2277 et

332 2319 512 2386 procurator
532 2309 686 2387 generalis
707 2311 740 2372 iu
761 2311 898 2373 Romami
919 2311 1012 2374 Curii
1033 2318 1078 2372 to-

332 2401 392 2461 tius
412 2399 545 2463 familiae
566 2403 703 2466 eiusdem
726 2405 972 2480 Terraesanctae,
990 2403 1078 2465 nobis

332 2509 433 2572 nuper
463 2497 575 2573 exponi
602 2496 684 2570 lecit,
707 2497 741 2560 in
764 2497 894 2560 diversis
921 2497 1077 2561 christiani

331 2587 413 2650 orbis
434 2589 572 2668 partibus
592 2590 732 2671 plerique
754 2607 803 2654 res
823 2599 855 2654 et
869 2592 948 2654 bona
963 2591 1000 2652 ad
1014 2590 1079 2653 loca

333 2681 509 2744 huiusmodi
536 2685 705 2761 spectantia
726 2703 790 2748 non
811 2685 879 2748 siue
907 2686 993 2763 gravi
1015 2685 1078 2746 ani·

333 2789 455 2837 marum
475 2793 603 2840 suarum
624 2779 763 2856 pernicie
784 2796 817 2842 ac
839 2779 1022 2844 eorumdem
1036 2779 1081 2841 lo-

332 2885 441 2932 corum
468 2872 580 2933 damno
608 2888 756 2952 occupare
782 2873 912 2936 minime
934 2873 1077 2948 timeant,

301 2979 365 3024 .ac
385 2964 515 3044 proinde
545 2967 609 3044 lpse
636 2968 811 3031 Bernartius
837 2969 995 3047 Iosephus,
1017 2983 1079 3047 quo

332 3058 482 3135 praefatae
502 3059 618 3122 Urbani
638 3063 877 3140 praedecessoris
893 3061 1014 3124 litterae
1028 3077 1079 3123 ex·

333 3153 430 3213 actius
460 3151 498 3215 de
528 3161 632 3216 cetero
665 3156 888 3232 observentur,
924 3155 991 3218 illas
1024 3171 1080 3236 per

333 3261 389 3306 nos
409 3248 588 3310 confirmari
610 3255 642 3310 et
664 3249 806 3312 innovari
835 3250 1007 3328 plurimum
1029 3251 1079 3312 de·

332 3338 462 3401 sideret:
487 3357 554 3416 nos,
581 3341 639 3421 piis
667 3341 806 3404 eiusdem
833 3343 980 3405 Bernardi
1002 3343 1081 3405 lose-

333 3431 386 3509 plxi
414 3433 494 3496 votis
521 3434 576 3496 hac
604 3435 635 3496 in
663 3451 712 3509 re,
742 3443 896 3514 quantum
924 3451 996 3498 cum
1023 3437 1081 3498 Ilo-

334 3525 420 3587 mino
440 3541 615 3604 possumus,
637 3527 774 3606 benigne
794 3545 943 3604 annuere,
966 3529 1083 3608 ipsum-

334 3635 395 3697 que
416 3619 607 3682 Bernardum
623 3621 788 3700 losephum
802 3623 983 3702 specialibus
997 3622 1080 3685 lavo·

336 3713 420 3776 ribus
439 3721 471 3775 et
491 3715 597 3791 gratiis
613 3717 756 3795 prosequi
770 3716 921 3793 volentes,
938 3725 969 3779 et
983 3735 999 3780 a
1013 3720 1080 3797 qui-

337 3807 439 3869 busvis
460 3809 800 3882 excommunicationis,
823 3811 1032 3889 suspensionis
1050 3821 1081 3875 et

336 3899 503 3974 interdicti,
525 3901 654 3979 aliisque
675 3902 886 3965 ecclesiasticis
905 3906 1079 3981 sententiis,

335 3993 474 4054 censuris
495 4001 526 4055 et
550 3995 668 4072 poeuis,
685 4011 700 4056 a
722 3995 791 4059 iure
811 3995 862 4057 vel
883 3996 920 4059 ab
941 3997 1079 4072 homine,

336 4087 443 4164 {quavis
463 4088 621 4150 occasione
642 4089 693 4150 vel
715 4089 803 4152 causi
824 4089 903 4164 latis,
923 4091 948 4150 si
969 4091 1081 4169 quibus

335 4178 566 4257 quomodolibet
592 4181 755 4244 innodatus
783 4181 904 4257 existit,
926 4183 961 4244 ad
989 4183 1077 4244 ellec-

337 4279 404 4333 tum
416 4275 626 4351 praesentium
642 4277 801 4338 dumtaxat
816 4276 1079 4355 consequendum,

335 4366 447 4429 harum
466 4367 547 4430 serie
566 4367 761 4430 absolventes
779 4377 810 4431 et
823 4369 1000 4432 absolutum
1015 4369 1081 4432 lore

378 4611 406 4667 (1)
422 4608 533 4668 Reliqua
548 4610 605 4657 vide
620 4622 668 4657 suo
681 4611 746 4669 loco,
761 4611 810 4658 vol.
827 4615 854 4669 l.,
869 4623 926 4670 pag.
942 4615 988 4658 224.

448 6025 499 6077 luc.
517 6027 586 6076 Punl.
602 6027 633 6075 da
649 6028 723 6088 Prop.
738 6025 800 6074 l'a'de
813 6025 895 6073 Partis
909 6027 927 6075 t.
942 6024 996 6074 vol.
1011 6027 1041 6075 ll.

959 503 1152 550 ALEXANDER
1174 501 1243 548 vill.

1803 477 1859 542 137
1911 475 1965 530 An.
1979 479 2010 534 (l.
2032 480 2100 533 1690

1131 625 1305 696 censentes,
1317 619 1591 700 supplicationibus
1606 616 1673 679 eius
1687 613 1814 678 nomine
1826 629 1880 675 no-

1132 717 1176 779 bis
1198 733 1292 796 super
1313 719 1368 778 boc
1386 715 1548 778 humiliter
1563 713 1712 792 porrectis
1727 711 1879 785 inclinati,

1131 811 1334 889 praeinsertas
1355 809 1471 871 Urbani
1492 807 1733 889 praedecessoris
1751 806 1879 878 litteras,

1131 903 1296 982 omniaque
1318 909 1349 964 et
1369 901 1491 979 singula
1513 903 1545 964 in
1568 901 1612 963 eis
1629 906 1786 974 contenta,
1802 899 1881 962 dicta

1131 997 1322 1072 auctoritate,
1349 1002 1459 1056 tenore
1485 995 1707 1073 praesentium,
1736 992 1882 1073 approba·

1135 1107 1201 1152 mus
1223 1096 1254 1151 et
1279 1089 1499 1152 consumamus
1526 1105 1560 1151 ac
1580 1089 1777 1161 innovamus,
1805 1085 1880 1148 illis·

1132 1199 1192 1263 que
1213 1171 1401 1246 inviolabilis
1418 1182 1601 1262 apostolicae
1616 1181 1771 1244 firmitatis
1786 1177 1881 1242 robur

1132 1279 1301 1340 adiicimus.

1171 1375 1190 1450 5
1211 1374 1240 1435 3.
1257 1372 1468 1436 Decerueutes
1483 1371 1597 1450 pariter
1612 1371 1690 1450 ipsas
1706 1374 1881 1449 praesentes

1133 1467 1250 1529 litteras
1270 1482 1393 1546 semper
1414 1468 1530 1542 firmas,
1551 1465 1667 1528 validas
1689 1473 1719 1527 et
1745 1463 1881 1526 efficaces

1132 1561 1265 1622 existere
1286 1567 1317 1622 et
1338 1560 1414 1635 lore,
1437 1574 1570 1639 suosque
1585 1558 1738 1637 plenarios
1753 1566 1784 1620 et
1802 1559 1881 1620 inte-

1135 1671 1204 1732 gros
1226 1655 1353 1718 effectus
1374 1654 1479 1716 sortiri
1494 1662 1524 1716 et
1539 1653 1692 1728 obtinere,
1709 1669 1741 1714 ac
1757 1652 1830 1727 illis,
1846 1650 1882 1712 ad

1134 1764 1211 1826 quos
1231 1755 1345 1828 spectat
1368 1757 1399 1810 et
1420 1764 1476 1826 pro
1504 1758 1645 1826 tempore
1673 1747 1883 1826 quandocum-

1134 1859 1195 1920 que
1225 1841 1383 1919 spectabit,
1407 1842 1440 1904 in
1467 1841 1611 1904 omuibus
1632 1847 1663 1902 et
1691 1856 1747 1919 per
1778 1840 1882 1902 omnia

1134 1935 1314 2014 plenissime
1334 1935 1505 2013 suflragari,
1522 1943 1553 1998 et
1574 1935 1611 1998 ab
1631 1935 1693 1996 illis
1711 1933 1883 2012 respective

1943 1367 2086 1416 Clausulas.

1134 2029 1355 2092 inviolabiliter
1374 2037 1407 2092 et
1429 2029 1609 2092 inconcusse
1635 2028 1802 2102 observari,
1825 2026 1883 2088 sic-

1133 2139 1194 2203 que
1215 2123 1248 2184 in
1269 2123 1443 2202 praemissis
1464 2139 1519 2202 per
1540 2138 1750 2201 quoscumque
1767 2120 1882 2183 iudices

1133 2217 1303 2280 ordinarios
1335 2225 1365 2278 et
1396 2217 1563 2293 delegatos,
1595 2215 1690 2277 etiam
1721 2227 1883 2276 causarum

1135 2311 1235 2389 palatii
1258 2309 1414 2389 apostolici
1436 2310 1601 2384 auditores,
1619 2309 1746 2370 iudicari
1764 2315 1794 2370 et
1809 2308 1882 2370 deii-

1135 2403 1196 2466 uiri
1222 2403 1344 2478 debere,
1374 2421 1407 2466 ac
1434 2403 1559 2466 irritum
1580 2409 1611 2464 et
1632 2403 1725 2464 inane
1746 2401 1771 2462 si
1793 2417 1883 2464 secus
1938 2463 1941 2470 ,

1134 2512 1228 2575 super
1254 2497 1301 2558 liis
1322 2513 1338 2556 a
1359 2513 1527 2576 quoquam,
1550 2495 1658 2575 quavis
1688 2494 1882 2567 auctoritate,

1134 2591 1268 2654 scienter
1295 2590 1346 2653 vel
1373 2591 1565 2668 ignoranter,
1594 2588 1761 2665 contigerit
1785 2595 1883 2649 atten-

1136 2684 1203 2745 tari.

1174 2777 1243 2853 gl.
1266 2777 1335 2840 Non
1358 2777 1549 2840 obstantibus
1563 2775 1837 2840 constitutionibus
1852 2781 1883 2837 et
1903 2778 2114 2888 ogrffsffirommm

1135 2871 1382 2935 ordinationibus
1413 2871 1594 2951 apostolicis,
1618 2885 1760 2934 necnon
1783 2870 1884 2930 omni·
2038 2869 2042 2877 '

1137 2967 1191 3028 bus
1212 2973 1244 3028 et
1270 2965 1402 3043 singulis
1428 2965 1499 3041 illis,
1528 2982 1606 3044 quae
1630 2965 1663 3027 in
1685 2964 1884 3043 praeinsertis

1136 3059 1251 3121 Urbani
1272 3060 1510 3137 praedecessoris
1525 3059 1639 3121 litteris
1652 3073 1793 3121 concessa
1808 3063 1884 3119 sunt

1137 3169 1200 3215 non
1227 3153 1357 3229 obstare,
1381 3153 1554 3233 ceterisque
1574 3153 1735 3216 contrariis
1757 3152 1909 3239 quibus-3

1136 3261 1282 3324 cumque.

1176 3341 1195 3416 g
1216 3340 1246 3400 d.
1267 3339 1420 3404 Volumus
1434 3347 1539 3404 autem
1554 3347 1589 3403 ut
1604 3341 1783 3403 earumdem
1799 3357 1885 3420 prae·
1950 3347 2023 3394 Fides
2045 3352 2116 3394 tran-

1136 3434 1275 3495 sentium
1289 3434 1466 3498 litterarum
1481 3434 1695 3513 transumptis,
1710 3449 1765 3496 seu
1781 3449 1884 3496 exem·
1903 3404 2072 3460 sumptorum.
2135 3437 2136 3440 ’

1136 3527 1206 3606 plis,
1229 3529 1322 3590 etiam
1343 3524 1512 3607 impressis,
1535 3543 1631 3590 manu
1652 3527 1884 3590 alicuius'nota-

1137 3621 1175 3682 rii
1196 3620 1310 3701 publici
1336 3621 1525 3700 subscriptis,
1549 3628 1579 3683 et
1607 3621 1709 3698 sigillo
1735 3637 1884 3701 personae

1138 3715 1169 3776 in
1194 3714 1395 3777 ecclesiastica
1423 3715 1573 3792 dignitate
1602 3716 1789 3778 constitutae
1815 3731 1884 3779 mu-

1136 3807 1227 3882 nitis,
1249 3809 1357 3870 eadem
1378 3825 1503 3887 prorsus
1528 3809 1603 3872 fides
1628 3809 1745 3871 tamin
1770 3808 1884 3872 iudicio

1136 3917 1229 3978 quam
1256 3909 1343 3963 extra
1370 3901 1447 3966 illud
1476 3902 1636 3978 habeatur,
1659 3919 1736 3981 quae
1758 3903 1885 3964 babere-

1137 4003 1188 4056 tur
1212 3995 1283 4074 ipsis
1308 3995 1532 4074 praesentibus,
1555 3996 1704 4059 silerent
1730 3997 1885 4059 exhibitae

1136 4087 1186 4150 vel
1208 4094 1356 4151 ostensae.

1175 4183 1287 4246 Datum
1314 4183 1440 4260 Romae,
1471 4186 1550 4264 apud
1580 4185 1610 4248 S.
1638 4183 1764 4246 Mariam
1793 4185 1884 4248 llaio·

1137 4291 1214 4350 rem,
1236 4275 1295 4339 sub
1314 4277 1431 4342 annulo
1453 4278 1625 4354 Piscatoris,
1642 4279 1691 4340 die
1707 4295 1738 4340 x.
1755 4294 1884 4340 novem-

1138 4369 1199 4432 bris
1220 4385 1356 4445 uncxe.,
1375 4369 1572 4450 pontificatus
1593 4372 1694 4434 nostri
1715 4387 1797 4434 anno
1819 4385 1854 4432 n.
