<?xml version="1.0" encoding="UTF-8"?>
<!DOCTYPE html PUBLIC "-//W3C//DTD XHTML 1.0 Transitional//EN"
    "http://www.w3.org/TR/xhtml1/DTD/xhtml1-transitional.dtd">
<html xmlns="http://www.w3.org/1999/xhtml" xml:lang="en" lang="en">
 <head>
  <title>
</title>
<meta http-equiv="Content-Type" content="text/html;charset=utf-8" />
  <meta name='ocr-system' content='tesseract 3.04.00' />
  <meta name='ocr-capabilities' content='ocr_page ocr_carea ocr_par ocr_line ocrx_word'/>
</head>
<body>
  <div class='ocr_page' id='page_1' title='image "./iurispontificii04martgoog_0267.png"; bbox 0 0 4880 6982; ppageno 0'>
   <div class='ocr_carea' id='block_1_1' title="bbox 111 1341 242 1496">
    <p class='ocr_par' dir='ltr' id='par_1_1' title="bbox 111 1341 242 1496">
     <span class='ocr_line' id='line_1_1' title="bbox 114 1341 181 1386; baseline 0 0"><span class='ocrx_word' id='word_1_1' title='bbox 114 1341 181 1386; x_wconf 82' lang='lat' dir='ltr'><strong>tiam</strong></span> 
     </span>
     <span class='ocr_line' id='line_1_2' title="bbox 111 1394 187 1440; baseline 0 -2"><span class='ocrx_word' id='word_1_2' title='bbox 111 1394 187 1440; x_wconf 75' lang='lat' dir='ltr'><strong>chms</strong></span> 
     </span>
     <span class='ocr_line' id='line_1_3' title="bbox 112 1449 242 1496; baseline 0.031 -4"><span class='ocrx_word' id='word_1_3' title='bbox 112 1449 242 1496; x_wconf 81' lang='lat' dir='ltr'><strong>concedit</strong></span> 
     </span>
    </p>
   </div>
   <div class='ocr_carea' id='block_1_2' title="bbox 113 4336 236 4434">
    <p class='ocr_par' dir='ltr' id='par_1_2' title="bbox 113 4336 236 4434">
     <span class='ocr_line' id='line_1_4' title="bbox 113 4336 216 4394; baseline -0.019 -12"><span class='ocrx_word' id='word_1_4' title='bbox 113 4336 216 4394; x_wconf 85' lang='lat' dir='ltr'><strong>pariter</strong></span> 
     </span>
     <span class='ocr_line' id='line_1_5' title="bbox 186 4389 236 4434; baseline -0.02 0"><span class='ocrx_word' id='word_1_5' title='bbox 186 4389 236 4434; x_wconf 85' lang='lat' dir='ltr'><strong>len.</strong></span> 
     </span>
    </p>
   </div>
   <div class='ocr_carea' id='block_1_3' title="bbox 113 4444 241 4500">
    <p class='ocr_par' dir='ltr' id='par_1_3' title="bbox 113 4444 241 4500">
     <span class='ocr_line' id='line_1_6' title="bbox 113 4444 241 4500; baseline -0.023 -10"><span class='ocrx_word' id='word_1_6' title='bbox 113 4454 165 4500; x_wconf 84' lang='lat' dir='ltr'><strong>geu</strong></span> <span class='ocrx_word' id='word_1_7' title='bbox 181 4444 241 4488; x_wconf 84' lang='lat' dir='ltr'><strong>fam.</strong></span> 
     </span>
    </p>
   </div>
   <div class='ocr_carea' id='block_1_4' title="bbox 1025 612 1233 658">
    <p class='ocr_par' dir='ltr' id='par_1_4' title="bbox 1025 612 1233 658">
     <span class='ocr_line' id='line_1_7' title="bbox 1025 612 1233 658; baseline 0.005 -1"><span class='ocrx_word' id='word_1_8' title='bbox 1025 613 1168 658; x_wconf 74' lang='lat' dir='ltr'><strong>CLEMENS</strong></span> <span class='ocrx_word' id='word_1_9' title='bbox 1189 612 1233 658; x_wconf 74' lang='lat' dir='ltr'><strong>xl.</strong></span> 
     </span>
    </p>
   </div>
   <div class='ocr_carea' id='block_1_5' title="bbox 351 725 1099 1270">
    <p class='ocr_par' dir='ltr' id='par_1_5' title="bbox 351 725 1099 1270">
     <span class='ocr_line' id='line_1_8' title="bbox 353 725 1099 808; baseline 0.005 -22"><span class='ocrx_word' id='word_1_10' title='bbox 353 725 510 804; x_wconf 86' lang='lat' dir='ltr'><strong>generalis</strong></span> <span class='ocrx_word' id='word_1_11' title='bbox 531 727 659 790; x_wconf 90' lang='lat' dir='ltr'><strong>nomine</strong></span> <span class='ocrx_word' id='word_1_12' title='bbox 675 728 763 792; x_wconf 91' lang='lat' dir='ltr'><strong>nobis</strong></span> <span class='ocrx_word' id='word_1_13' title='bbox 776 745 871 808; x_wconf 89' lang='lat' dir='ltr'><strong>super</strong></span> <span class='ocrx_word' id='word_1_14' title='bbox 892 729 951 792; x_wconf 91' lang='lat' dir='ltr'><strong>hoc</strong></span> <span class='ocrx_word' id='word_1_15' title='bbox 971 729 1099 790; x_wconf 91' lang='lat' dir='ltr'><strong>humili·</strong></span> 
     </span>
     <span class='ocr_line' id='line_1_9' title="bbox 352 821 1098 901; baseline 0.003 -21"><span class='ocrx_word' id='word_1_16' title='bbox 352 826 403 882; x_wconf 88' lang='lat' dir='ltr'><strong>ter</strong></span> <span class='ocrx_word' id='word_1_17' title='bbox 423 821 574 898; x_wconf 81' lang='lat' dir='ltr'><strong>porrectis</strong></span> <span class='ocrx_word' id='word_1_18' title='bbox 594 821 746 896; x_wconf 91' lang='lat' dir='ltr'><strong>inclinati,</strong></span> <span class='ocrx_word' id='word_1_19' title='bbox 769 839 802 883; x_wconf 92' lang='lat' dir='ltr'><strong>ac</strong></span> <span class='ocrx_word' id='word_1_20' title='bbox 823 822 996 886; x_wconf 93' lang='lat' dir='ltr'><strong>multorum</strong></span> <span class='ocrx_word' id='word_1_21' title='bbox 1011 838 1098 901; x_wconf 91' lang='lat' dir='ltr'><strong>prae-</strong></span> 
     </span>
     <span class='ocr_line' id='line_1_10' title="bbox 352 913 1098 978; baseline 0.007 -4"><span class='ocrx_word' id='word_1_22' title='bbox 352 913 551 976; x_wconf 90' lang='lat' dir='ltr'><strong>decessorum</strong></span> <span class='ocrx_word' id='word_1_23' title='bbox 577 922 757 977; x_wconf 90' lang='lat' dir='ltr'><strong>nostrorum</strong></span> <span class='ocrx_word' id='word_1_24' title='bbox 784 914 998 978; x_wconf 85' lang='lat' dir='ltr'><strong>Romanorum</strong></span> <span class='ocrx_word' id='word_1_25' title='bbox 1019 916 1098 978; x_wconf 89' lang='lat' dir='ltr'><strong>Pon·</strong></span> 
     </span>
     <span class='ocr_line' id='line_1_11' title="bbox 353 1006 1099 1086; baseline -0.001 -18"><span class='ocrx_word' id='word_1_26' title='bbox 353 1006 473 1069; x_wconf 89' lang='lat' dir='ltr'><strong>tiflcum</strong></span> <span class='ocrx_word' id='word_1_27' title='bbox 494 1007 634 1083; x_wconf 89' lang='lat' dir='ltr'><strong>vestigiis</strong></span> <span class='ocrx_word' id='word_1_28' title='bbox 655 1007 875 1083; x_wconf 89' lang='lat' dir='ltr'><strong>inhaerentes,</strong></span> <span class='ocrx_word' id='word_1_29' title='bbox 898 1007 935 1069; x_wconf 92' lang='lat' dir='ltr'><strong>de</strong></span> <span class='ocrx_word' id='word_1_30' title='bbox 958 1007 1099 1086; x_wconf 91' lang='lat' dir='ltr'><strong>omnipo-</strong></span> 
     </span>
     <span class='ocr_line' id='line_1_12' title="bbox 352 1099 1097 1176; baseline 0 -14"><span class='ocrx_word' id='word_1_31' title='bbox 352 1099 447 1162; x_wconf 92' lang='lat' dir='ltr'><strong>tentis</strong></span> <span class='ocrx_word' id='word_1_32' title='bbox 478 1099 533 1162; x_wconf 88' lang='lat' dir='ltr'><strong>Dei</strong></span> <span class='ocrx_word' id='word_1_33' title='bbox 565 1099 849 1176; x_wconf 60' lang='lat' dir='ltr'><strong>misericordiane</strong></span> <span class='ocrx_word' id='word_1_34' title='bbox 877 1101 936 1161; x_wconf 89' lang='lat' dir='ltr'><strong>BB.</strong></span> <span class='ocrx_word' id='word_1_35' title='bbox 961 1101 1044 1162; x_wconf 92' lang='lat' dir='ltr'><strong>Petri</strong></span> <span class='ocrx_word' id='word_1_36' title='bbox 1065 1107 1097 1162; x_wconf 94' lang='lat' dir='ltr'><strong>et</strong></span> 
     </span>
     <span class='ocr_line' id='line_1_13' title="bbox 351 1191 1094 1270; baseline 0.001 -17"><span class='ocrx_word' id='word_1_37' title='bbox 351 1192 437 1255; x_wconf 89' lang='lat' dir='ltr'><strong>Pauli</strong></span> <span class='ocrx_word' id='word_1_38' title='bbox 459 1191 676 1270; x_wconf 77' lang='lat' dir='ltr'><strong>Apostolorum</strong></span> <span class='ocrx_word' id='word_1_39' title='bbox 692 1194 759 1255; x_wconf 92' lang='lat' dir='ltr'><strong>eius</strong></span> <span class='ocrx_word' id='word_1_40' title='bbox 773 1195 955 1254; x_wconf 91' lang='lat' dir='ltr'><strong>auctoritate</strong></span> <span class='ocrx_word' id='word_1_41' title='bbox 971 1193 1094 1256; x_wconf 88' lang='lat' dir='ltr'><strong>confisi:</strong></span> 
     </span>
    </p>
   </div>
   <div class='ocr_carea' id='block_1_6' title="bbox 189 1283 1098 1388">
    <p class='ocr_par' dir='ltr' id='par_1_6' title="bbox 189 1283 1098 1388">
     <span class='ocr_line' id='line_1_14' title="bbox 189 1283 1098 1388; baseline 0.007 -48"><span class='ocrx_word' id='word_1_42' title='bbox 189 1287 332 1388; x_wconf 56' lang='lat' dir='ltr'><strong>¹?ffllss&#39;ffi</strong></span> <span class='ocrx_word' id='word_1_43' title='bbox 390 1285 410 1358; x_wconf 75' lang='lat'>5</span> <span class='ocrx_word' id='word_1_44' title='bbox 433 1284 460 1346; x_wconf 91' lang='lat' dir='ltr'><strong>l.</strong></span> <span class='ocrx_word' id='word_1_45' title='bbox 483 1283 634 1347; x_wconf 82' lang='lat' dir='ltr'>Omnibus</span> <span class='ocrx_word' id='word_1_46' title='bbox 656 1285 908 1348; x_wconf 85' lang='lat' dir='ltr'><strong>christifidelibus</strong></span> <span class='ocrx_word' id='word_1_47' title='bbox 923 1287 956 1347; x_wconf 93' lang='lat' dir='ltr'><strong>in</strong></span> <span class='ocrx_word' id='word_1_48' title='bbox 972 1285 1098 1364; x_wconf 90' lang='lat' dir='ltr'><strong>quibus-</strong></span> 
     </span>
    </p>
   </div>
   <div class='ocr_carea' id='block_1_7' title="bbox 201 1377 1096 1456">
    <p class='ocr_par' dir='ltr' id='par_1_7' title="bbox 201 1377 1096 1456">
     <span class='ocr_line' id='line_1_15' title="bbox 201 1377 1096 1456; baseline 0 -16"><span class='ocrx_word' id='word_1_49' title='bbox 201 1395 331 1443; x_wconf 73' lang='lat' dir='ltr'><strong>mearrnus</strong></span> <span class='ocrx_word' id='word_1_50' title='bbox 351 1391 486 1454; x_wconf 86' lang='lat' dir='ltr'><strong>cumque</strong></span> <span class='ocrx_word' id='word_1_51' title='bbox 505 1377 617 1442; x_wconf 81' lang='lat' dir='ltr'>Oceani</span> <span class='ocrx_word' id='word_1_52' title='bbox 632 1377 726 1440; x_wconf 90' lang='lat' dir='ltr'><strong>lndiis</strong></span> <span class='ocrx_word' id='word_1_53' title='bbox 740 1386 792 1440; x_wconf 91' lang='lat' dir='ltr'><strong>aut</strong></span> <span class='ocrx_word' id='word_1_54' title='bbox 808 1379 954 1442; x_wconf 90' lang='lat' dir='ltr'><strong>Sinarum</strong></span> <span class='ocrx_word' id='word_1_55' title='bbox 969 1379 1096 1456; x_wconf 82' lang='lat' dir='ltr'><strong>regione</strong></span> 
     </span>
    </p>
   </div>
   <div class='ocr_carea' id='block_1_8' title="bbox 349 1469 1099 4254">
    <p class='ocr_par' dir='ltr' id='par_1_8' title="bbox 349 1469 1099 4254">
     <span class='ocr_line' id='line_1_16' title="bbox 350 1469 1098 1549; baseline 0.004 -18"><span class='ocrx_word' id='word_1_56' title='bbox 350 1469 403 1532; x_wconf 91' lang='lat' dir='ltr'><strong>vel</strong></span> <span class='ocrx_word' id='word_1_57' title='bbox 425 1469 549 1532; x_wconf 83' lang='lat' dir='ltr'><strong>Brasiliai</strong></span> <span class='ocrx_word' id='word_1_58' title='bbox 570 1471 747 1534; x_wconf 87' lang='lat' dir='ltr'><strong>constitutis</strong></span> <span class='ocrx_word' id='word_1_59' title='bbox 769 1472 982 1549; x_wconf 90' lang='lat' dir='ltr'><strong>praesentibus</strong></span> <span class='ocrx_word' id='word_1_60' title='bbox 997 1480 1029 1533; x_wconf 90' lang='lat' dir='ltr'><strong>et</strong></span> <span class='ocrx_word' id='word_1_61' title='bbox 1051 1471 1098 1534; x_wconf 93' lang='lat' dir='ltr'><strong>fu·</strong></span> 
     </span>
     <span class='ocr_line' id='line_1_17' title="bbox 353 1565 1097 1642; baseline 0 -16"><span class='ocrx_word' id='word_1_62' title='bbox 353 1565 443 1638; x_wconf 87' lang='lat' dir='ltr'><strong>turis,</strong></span> <span class='ocrx_word' id='word_1_63' title='bbox 466 1580 542 1626; x_wconf 90' lang='lat' dir='ltr'><strong>vere</strong></span> <span class='ocrx_word' id='word_1_64' title='bbox 569 1565 804 1642; x_wconf 91' lang='lat' dir='ltr'><strong>poenitentibus</strong></span> <span class='ocrx_word' id='word_1_65' title='bbox 826 1573 858 1628; x_wconf 88' lang='lat' dir='ltr'><strong>et</strong></span> <span class='ocrx_word' id='word_1_66' title='bbox 878 1565 1040 1639; x_wconf 89' lang='lat' dir='ltr'><strong>confessis,</strong></span> <span class='ocrx_word' id='word_1_67' title='bbox 1065 1581 1097 1626; x_wconf 90' lang='lat' dir='ltr'><strong>ac</strong></span> 
     </span>
     <span class='ocr_line' id='line_1_18' title="bbox 349 1657 1097 1736; baseline 0.004 -19"><span class='ocrx_word' id='word_1_68' title='bbox 349 1657 1097 1736; x_wconf 87' lang='lat' dir='ltr'><strong>sacracommunionerefectis,quotlesaliqoem</strong></span> 
     </span>
     <span class='ocr_line' id='line_1_19' title="bbox 350 1749 1097 1814; baseline 0.003 -4"><span class='ocrx_word' id='word_1_69' title='bbox 350 1765 391 1812; x_wconf 83' lang='lat' dir='ltr'><strong>er</strong></span> <span class='ocrx_word' id='word_1_70' title='bbox 419 1749 603 1812; x_wconf 85' lang='lat' dir='ltr'><strong>infidelitate</strong></span> <span class='ocrx_word' id='word_1_71' title='bbox 631 1757 662 1811; x_wconf 89' lang='lat' dir='ltr'><strong>et</strong></span> <span class='ocrx_word' id='word_1_72' title='bbox 691 1751 860 1814; x_wconf 79' lang='lat' dir='ltr'><strong>idololatria</strong></span> <span class='ocrx_word' id='word_1_73' title='bbox 887 1753 923 1814; x_wconf 91' lang='lat' dir='ltr'><strong>ad</strong></span> <span class='ocrx_word' id='word_1_74' title='bbox 952 1752 1020 1814; x_wconf 88' lang='lat' dir='ltr'><strong>veri</strong></span> <span class='ocrx_word' id='word_1_75' title='bbox 1042 1751 1097 1812; x_wconf 89' lang='lat' dir='ltr'><strong>bei</strong></span> 
     </span>
     <span class='ocr_line' id='line_1_20' title="bbox 352 1845 1097 1926; baseline -0.003 -18"><span class='ocrx_word' id='word_1_76' title='bbox 352 1845 565 1922; x_wconf 82' lang='lat' dir='ltr'><strong>cognitionem</strong></span> <span class='ocrx_word' id='word_1_77' title='bbox 597 1845 798 1920; x_wconf 83' lang='lat' dir='ltr'><strong>reduxerint,</strong></span> <span class='ocrx_word' id='word_1_78' title='bbox 825 1845 1015 1926; x_wconf 87' lang='lat' dir='ltr'><strong>plenariam;</strong></span> <span class='ocrx_word' id='word_1_79' title='bbox 1039 1861 1097 1908; x_wconf 89' lang='lat' dir='ltr'><strong>nec</strong></span> 
     </span>
     <span class='ocr_line' id='line_1_21' title="bbox 351 1939 1097 2017; baseline -0.004 -15"><span class='ocrx_word' id='word_1_80' title='bbox 351 1955 415 2002; x_wconf 93' lang='lat' dir='ltr'><strong>uon</strong></span> <span class='ocrx_word' id='word_1_81' title='bbox 443 1939 561 2002; x_wconf 90' lang='lat' dir='ltr'><strong>eisdem</strong></span> <span class='ocrx_word' id='word_1_82' title='bbox 591 1939 684 2000; x_wconf 90' lang='lat' dir='ltr'><strong>etiam</strong></span> <span class='ocrx_word' id='word_1_83' title='bbox 714 1954 790 2000; x_wconf 89' lang='lat' dir='ltr'><strong>vere</strong></span> <span class='ocrx_word' id='word_1_84' title='bbox 812 1939 1044 2017; x_wconf 90' lang='lat' dir='ltr'><strong>poenitentibus</strong></span> <span class='ocrx_word' id='word_1_85' title='bbox 1066 1945 1097 2000; x_wconf 94' lang='lat' dir='ltr'><strong>et</strong></span> 
     </span>
     <span class='ocr_line' id='line_1_22' title="bbox 351 2031 1098 2110; baseline -0.004 -15"><span class='ocrx_word' id='word_1_86' title='bbox 351 2032 508 2107; x_wconf 80' lang='lat' dir='ltr'><strong>confessis,</strong></span> <span class='ocrx_word' id='word_1_87' title='bbox 525 2032 556 2095; x_wconf 86' lang='lat' dir='ltr'><strong>S.</strong></span> <span class='ocrx_word' id='word_1_88' title='bbox 566 2032 702 2094; x_wconf 84' lang='lat' dir='ltr'><strong>&#39;fhonrae</strong></span> <span class='ocrx_word' id='word_1_89' title='bbox 716 2032 845 2110; x_wconf 92' lang='lat' dir='ltr'><strong>apostoli</strong></span> <span class='ocrx_word' id='word_1_90' title='bbox 856 2033 889 2094; x_wconf 92' lang='lat' dir='ltr'><strong>in</strong></span> <span class='ocrx_word' id='word_1_91' title='bbox 902 2031 999 2094; x_wconf 92' lang='lat' dir='ltr'><strong>Indiis</strong></span> <span class='ocrx_word' id='word_1_92' title='bbox 1010 2047 1098 2110; x_wconf 92' lang='lat' dir='ltr'><strong>prae·</strong></span> 
     </span>
     <span class='ocr_line' id='line_1_23' title="bbox 350 2125 1096 2206; baseline 0.001 -20"><span class='ocrx_word' id='word_1_93' title='bbox 350 2125 420 2188; x_wconf 90' lang='lat' dir='ltr'><strong>fatis</strong></span> <span class='ocrx_word' id='word_1_94' title='bbox 441 2125 493 2187; x_wconf 90' lang='lat' dir='ltr'><strong>vel</strong></span> <span class='ocrx_word' id='word_1_95' title='bbox 518 2125 652 2206; x_wconf 91' lang='lat' dir='ltr'><strong>aliquam</strong></span> <span class='ocrx_word' id='word_1_96' title='bbox 674 2141 713 2186; x_wconf 85' lang='lat' dir='ltr'><strong>er</strong></span> <span class='ocrx_word' id='word_1_97' title='bbox 735 2126 827 2188; x_wconf 90' lang='lat' dir='ltr'><strong>certis</strong></span> <span class='ocrx_word' id='word_1_98' title='bbox 854 2125 1041 2189; x_wconf 93' lang='lat' dir='ltr'><strong>dilectorum</strong></span> <span class='ocrx_word' id='word_1_99' title='bbox 1063 2125 1096 2187; x_wconf 90' lang='lat' dir='ltr'><strong>fr-</strong></span> 
     </span>
     <span class='ocr_line' id='line_1_24' title="bbox 350 2219 1097 2298; baseline 0 -16"><span class='ocrx_word' id='word_1_100' title='bbox 350 2220 466 2282; x_wconf 89' lang='lat' dir='ltr'><strong>liorum</strong></span> <span class='ocrx_word' id='word_1_101' title='bbox 481 2221 735 2298; x_wconf 78' lang='lat' dir='ltr'><strong>presbyterorum</strong></span> <span class='ocrx_word' id='word_1_102' title='bbox 751 2219 861 2283; x_wconf 89' lang='lat' dir='ltr'><strong>Societ.</strong></span> <span class='ocrx_word' id='word_1_103' title='bbox 880 2221 948 2282; x_wconf 89' lang='lat' dir='ltr'><strong>lesu</strong></span> <span class='ocrx_word' id='word_1_104' title='bbox 960 2219 1097 2282; x_wconf 90' lang='lat' dir='ltr'><strong>ecclesiis</strong></span> 
     </span>
     <span class='ocr_line' id='line_1_25' title="bbox 350 2312 1096 2390; baseline 0 -16"><span class='ocrx_word' id='word_1_105' title='bbox 350 2313 475 2376; x_wconf 89' lang='lat' dir='ltr'><strong>illarum</strong></span> <span class='ocrx_word' id='word_1_106' title='bbox 496 2313 632 2390; x_wconf 91' lang='lat' dir='ltr'><strong>partium</strong></span> <span class='ocrx_word' id='word_1_107' title='bbox 653 2313 717 2374; x_wconf 89' lang='lat' dir='ltr'><strong>fleo</strong></span> <span class='ocrx_word' id='word_1_108' title='bbox 739 2313 790 2375; x_wconf 90' lang='lat' dir='ltr'><strong>vel</strong></span> <span class='ocrx_word' id='word_1_109' title='bbox 805 2313 838 2374; x_wconf 91' lang='lat' dir='ltr'><strong>in</strong></span> <span class='ocrx_word' id='word_1_110' title='bbox 853 2314 1006 2376; x_wconf 88' lang='lat' dir='ltr'><strong>bonorem</strong></span> <span class='ocrx_word' id='word_1_111' title='bbox 1022 2312 1096 2375; x_wconf 93' lang='lat' dir='ltr'><strong>San-</strong></span> 
     </span>
     <span class='ocr_line' id='line_1_26' title="bbox 350 2406 1097 2484; baseline 0 -16"><span class='ocrx_word' id='word_1_112' title='bbox 350 2413 473 2468; x_wconf 91' lang='lat' dir='ltr'><strong>ctorum</strong></span> <span class='ocrx_word' id='word_1_113' title='bbox 488 2407 609 2480; x_wconf 91' lang='lat' dir='ltr'><strong>erectis,</strong></span> <span class='ocrx_word' id='word_1_114' title='bbox 626 2423 763 2468; x_wconf 91' lang='lat' dir='ltr'><strong>necnon</strong></span> <span class='ocrx_word' id='word_1_115' title='bbox 779 2423 888 2468; x_wconf 91' lang='lat' dir='ltr'><strong>omnes</strong></span> <span class='ocrx_word' id='word_1_116' title='bbox 909 2414 938 2468; x_wconf 91' lang='lat' dir='ltr'><strong>et</strong></span> <span class='ocrx_word' id='word_1_117' title='bbox 957 2406 1097 2484; x_wconf 89' lang='lat' dir='ltr'><strong>singulas</strong></span> 
     </span>
     <span class='ocr_line' id='line_1_27' title="bbox 350 2498 1097 2578; baseline 0 -18"><span class='ocrx_word' id='word_1_118' title='bbox 350 2498 528 2564; x_wconf 89' lang='lat' dir='ltr'><strong>huiusmodi</strong></span> <span class='ocrx_word' id='word_1_119' title='bbox 543 2499 686 2562; x_wconf 92' lang='lat' dir='ltr'><strong>ecclesias</strong></span> <span class='ocrx_word' id='word_1_120' title='bbox 700 2499 915 2578; x_wconf 86' lang='lat' dir='ltr'><strong>collegiorum,</strong></span> <span class='ocrx_word' id='word_1_121' title='bbox 932 2501 1097 2562; x_wconf 92' lang='lat' dir='ltr'><strong>domorum</strong></span> 
     </span>
     <span class='ocr_line' id='line_1_28' title="bbox 350 2591 1093 2669; baseline -0.003 -15"><span class='ocrx_word' id='word_1_122' title='bbox 350 2599 381 2654; x_wconf 90' lang='lat' dir='ltr'><strong>et</strong></span> <span class='ocrx_word' id='word_1_123' title='bbox 401 2591 642 2654; x_wconf 90' lang='lat' dir='ltr'><strong>residentiarum</strong></span> <span class='ocrx_word' id='word_1_124' title='bbox 657 2592 799 2654; x_wconf 90' lang='lat' dir='ltr'><strong>eiusdem</strong></span> <span class='ocrx_word' id='word_1_125' title='bbox 814 2592 974 2656; x_wconf 81' lang='lat' dir='ltr'><strong>societatis</strong></span> <span class='ocrx_word' id='word_1_126' title='bbox 996 2593 1093 2669; x_wconf 92' lang='lat' dir='ltr'><strong>regio·</strong></span> 
     </span>
     <span class='ocr_line' id='line_1_29' title="bbox 351 2685 1097 2764; baseline 0 -16"><span class='ocrx_word' id='word_1_127' title='bbox 351 2701 429 2748; x_wconf 93' lang='lat' dir='ltr'><strong>num</strong></span> <span class='ocrx_word' id='word_1_128' title='bbox 451 2685 668 2764; x_wconf 90' lang='lat' dir='ltr'><strong>praefatarum,</strong></span> <span class='ocrx_word' id='word_1_129' title='bbox 684 2687 796 2748; x_wconf 88' lang='lat' dir='ltr'><strong>saltem</strong></span> <span class='ocrx_word' id='word_1_130' title='bbox 811 2687 894 2749; x_wconf 92' lang='lat' dir='ltr'><strong>inter</strong></span> <span class='ocrx_word' id='word_1_131' title='bbox 909 2703 942 2748; x_wconf 92' lang='lat' dir='ltr'><strong>se</strong></span> <span class='ocrx_word' id='word_1_132' title='bbox 958 2703 1013 2764; x_wconf 90' lang='lat' dir='ltr'><strong>per</strong></span> <span class='ocrx_word' id='word_1_133' title='bbox 1026 2703 1097 2748; x_wconf 89' lang='lat' dir='ltr'><strong>cen-</strong></span> 
     </span>
     <span class='ocr_line' id='line_1_30' title="bbox 352 2779 1095 2858; baseline 0 -18"><span class='ocrx_word' id='word_1_134' title='bbox 352 2785 420 2840; x_wconf 92' lang='lat' dir='ltr'><strong>tum</strong></span> <span class='ocrx_word' id='word_1_135' title='bbox 442 2779 586 2842; x_wconf 91' lang='lat' dir='ltr'><strong>milliaria</strong></span> <span class='ocrx_word' id='word_1_136' title='bbox 608 2779 768 2856; x_wconf 89' lang='lat' dir='ltr'><strong>distantes,</strong></span> <span class='ocrx_word' id='word_1_137' title='bbox 792 2789 826 2842; x_wconf 94' lang='lat' dir='ltr'><strong>ut</strong></span> <span class='ocrx_word' id='word_1_138' title='bbox 847 2797 939 2858; x_wconf 92' lang='lat' dir='ltr'><strong>supra</strong></span> <span class='ocrx_word' id='word_1_139' title='bbox 960 2788 1095 2852; x_wconf 77' lang='lat' dir='ltr'><strong>erectaS,</strong></span> 
     </span>
     <span class='ocr_line' id='line_1_31' title="bbox 350 2871 1095 2952; baseline -0.001 -21"><span class='ocrx_word' id='word_1_140' title='bbox 350 2873 482 2950; x_wconf 90' lang='lat' dir='ltr'><strong>singulis</strong></span> <span class='ocrx_word' id='word_1_141' title='bbox 496 2873 586 2935; x_wconf 90' lang='lat' dir='ltr'><strong>annis</strong></span> <span class='ocrx_word' id='word_1_142' title='bbox 601 2880 735 2952; x_wconf 89' lang='lat' dir='ltr'><strong>quatuor</strong></span> <span class='ocrx_word' id='word_1_143' title='bbox 749 2873 859 2936; x_wconf 89' lang='lat' dir='ltr'><strong>diebus</strong></span> <span class='ocrx_word' id='word_1_144' title='bbox 875 2873 960 2934; x_wconf 89' lang='lat' dir='ltr'><strong>festis</strong></span> <span class='ocrx_word' id='word_1_145' title='bbox 976 2871 1095 2934; x_wconf 88' lang='lat' dir='ltr'><strong>Domini</strong></span> 
     </span>
     <span class='ocr_line' id='line_1_32' title="bbox 351 2964 1097 3043; baseline -0.007 -13"><span class='ocrx_word' id='word_1_146' title='bbox 351 2967 461 3040; x_wconf 93' lang='lat' dir='ltr'><strong>nostri,</strong></span> <span class='ocrx_word' id='word_1_147' title='bbox 485 2966 519 3026; x_wconf 89' lang='lat' dir='ltr'><strong>B.</strong></span> <span class='ocrx_word' id='word_1_148' title='bbox 536 2965 647 3029; x_wconf 87' lang='lat' dir='ltr'><strong>blariae</strong></span> <span class='ocrx_word' id='word_1_149' title='bbox 664 2964 815 3043; x_wconf 80' lang='lat' dir='ltr'><strong>Virginis,</strong></span> <span class='ocrx_word' id='word_1_150' title='bbox 838 2973 890 3028; x_wconf 92' lang='lat' dir='ltr'><strong>aut</strong></span> <span class='ocrx_word' id='word_1_151' title='bbox 912 2966 1097 3029; x_wconf 86' lang='lat' dir='ltr'><strong>Sanctorum</strong></span> 
     </span>
     <span class='ocr_line' id='line_1_33' title="bbox 350 3057 1096 3139; baseline -0.001 -18"><span class='ocrx_word' id='word_1_152' title='bbox 350 3076 405 3139; x_wconf 88' lang='lat' dir='ltr'><strong>per</strong></span> <span class='ocrx_word' id='word_1_153' title='bbox 418 3059 515 3122; x_wconf 89' lang='lat' dir='ltr'><strong>dictae</strong></span> <span class='ocrx_word' id='word_1_154' title='bbox 524 3057 683 3121; x_wconf 91' lang='lat' dir='ltr'><strong>Societatis</strong></span> <span class='ocrx_word' id='word_1_155' title='bbox 695 3059 902 3138; x_wconf 91' lang='lat' dir='ltr'><strong>praepositum</strong></span> <span class='ocrx_word' id='word_1_156' title='bbox 915 3059 1096 3136; x_wconf 87' lang='lat' dir='ltr'><strong>generalem</strong></span> 
     </span>
     <span class='ocr_line' id='line_1_34' title="bbox 351 3152 1097 3230; baseline -0.004 -13"><span class='ocrx_word' id='word_1_157' title='bbox 351 3153 560 3230; x_wconf 83' lang='lat' dir='ltr'><strong>designandis,</strong></span> <span class='ocrx_word' id='word_1_158' title='bbox 584 3152 782 3214; x_wconf 75' lang='lat' dir='ltr'><strong>visitantibus</strong></span> <span class='ocrx_word' id='word_1_159' title='bbox 803 3161 833 3214; x_wconf 90' lang='lat' dir='ltr'><strong>et</strong></span> <span class='ocrx_word' id='word_1_160' title='bbox 855 3153 933 3214; x_wconf 92' lang='lat' dir='ltr'><strong>inibi</strong></span> <span class='ocrx_word' id='word_1_161' title='bbox 953 3153 1005 3216; x_wconf 90' lang='lat' dir='ltr'><strong>SS.</strong></span> <span class='ocrx_word' id='word_1_162' title='bbox 1037 3153 1097 3214; x_wconf 90' lang='lat' dir='ltr'><strong>Eu·</strong></span> 
     </span>
     <span class='ocr_line' id='line_1_35' title="bbox 351 3245 1097 3324; baseline -0.004 -15"><span class='ocrx_word' id='word_1_163' title='bbox 351 3245 512 3310; x_wconf 90' lang='lat' dir='ltr'><strong>charistiae</strong></span> <span class='ocrx_word' id='word_1_164' title='bbox 526 3251 758 3307; x_wconf 89' lang='lat' dir='ltr'><strong>sacramentum</strong></span> <span class='ocrx_word' id='word_1_165' title='bbox 772 3245 981 3320; x_wconf 80' lang='lat' dir='ltr'><strong>sumentibus,</strong></span> <span class='ocrx_word' id='word_1_166' title='bbox 997 3254 1028 3306; x_wconf 89' lang='lat' dir='ltr'><strong>et</strong></span> <span class='ocrx_word' id='word_1_167' title='bbox 1042 3262 1097 3324; x_wconf 93' lang='lat' dir='ltr'><strong>pro</strong></span> 
     </span>
     <span class='ocr_line' id='line_1_36' title="bbox 352 3337 1098 3418; baseline 0 -18"><span class='ocrx_word' id='word_1_168' title='bbox 352 3338 520 3416; x_wconf 85' lang='lat' dir='ltr'><strong>gentilium</strong></span> <span class='ocrx_word' id='word_1_169' title='bbox 535 3344 566 3398; x_wconf 94' lang='lat' dir='ltr'><strong>et</strong></span> <span class='ocrx_word' id='word_1_170' title='bbox 577 3337 806 3400; x_wconf 90' lang='lat' dir='ltr'><strong>haereticorum</strong></span> <span class='ocrx_word' id='word_1_171' title='bbox 817 3339 1020 3400; x_wconf 84' lang='lat' dir='ltr'><strong>conversione</strong></span> <span class='ocrx_word' id='word_1_172' title='bbox 1036 3339 1098 3418; x_wconf 92' lang='lat' dir='ltr'><strong>pias</strong></span> 
     </span>
     <span class='ocr_line' id='line_1_37' title="bbox 351 3429 1099 3510; baseline -0.003 -16"><span class='ocrx_word' id='word_1_173' title='bbox 351 3435 387 3496; x_wconf 89' lang='lat' dir='ltr'><strong>ad</strong></span> <span class='ocrx_word' id='word_1_174' title='bbox 408 3433 508 3495; x_wconf 86' lang='lat' dir='ltr'><strong>Deum</strong></span> <span class='ocrx_word' id='word_1_175' title='bbox 525 3445 634 3510; x_wconf 88' lang='lat' dir='ltr'><strong>preces</strong></span> <span class='ocrx_word' id='word_1_176' title='bbox 654 3429 867 3506; x_wconf 88' lang='lat' dir='ltr'><strong>fundentibus,</strong></span> <span class='ocrx_word' id='word_1_177' title='bbox 884 3433 980 3493; x_wconf 91' lang='lat' dir='ltr'><strong>etiam</strong></span> <span class='ocrx_word' id='word_1_178' title='bbox 995 3431 1099 3510; x_wconf 91' lang='lat' dir='ltr'><strong>plena-</strong></span> 
     </span>
     <span class='ocr_line' id='line_1_38' title="bbox 351 3523 1099 3602; baseline -0.003 -16"><span class='ocrx_word' id='word_1_179' title='bbox 351 3526 445 3602; x_wconf 70' lang='lat' dir='ltr'><strong>riam,</strong></span> <span class='ocrx_word' id='word_1_180' title='bbox 462 3524 607 3586; x_wconf 87' lang='lat' dir='ltr'><strong>omnibus</strong></span> <span class='ocrx_word' id='word_1_181' title='bbox 621 3523 716 3585; x_wconf 93' lang='lat' dir='ltr'><strong>etiam</strong></span> <span class='ocrx_word' id='word_1_182' title='bbox 731 3530 762 3584; x_wconf 89' lang='lat' dir='ltr'><strong>et</strong></span> <span class='ocrx_word' id='word_1_183' title='bbox 776 3524 908 3601; x_wconf 90' lang='lat' dir='ltr'><strong>singulis</strong></span> <span class='ocrx_word' id='word_1_184' title='bbox 930 3533 991 3585; x_wconf 90' lang='lat' dir='ltr'><strong>tarn</strong></span> <span class='ocrx_word' id='word_1_185' title='bbox 1014 3539 1099 3601; x_wconf 90' lang='lat' dir='ltr'><strong>pres-</strong></span> 
     </span>
     <span class='ocr_line' id='line_1_39' title="bbox 352 3617 1098 3696; baseline -0.005 -15"><span class='ocrx_word' id='word_1_186' title='bbox 352 3619 469 3696; x_wconf 83' lang='lat' dir='ltr'><strong>byteris</strong></span> <span class='ocrx_word' id='word_1_187' title='bbox 490 3633 584 3696; x_wconf 90' lang='lat' dir='ltr'><strong>quam</strong></span> <span class='ocrx_word' id='word_1_188' title='bbox 605 3617 672 3678; x_wconf 90' lang='lat' dir='ltr'><strong>aliis</strong></span> <span class='ocrx_word' id='word_1_189' title='bbox 693 3617 730 3677; x_wconf 91' lang='lat' dir='ltr'><strong>de</strong></span> <span class='ocrx_word' id='word_1_190' title='bbox 752 3617 831 3678; x_wconf 78' lang='lat' dir='ltr'><strong>dicta</strong></span> <span class='ocrx_word' id='word_1_191' title='bbox 859 3617 1011 3680; x_wconf 81' lang='lat' dir='ltr'><strong>societate</strong></span> <span class='ocrx_word' id='word_1_192' title='bbox 1033 3618 1098 3680; x_wconf 82' lang='lat' dir='ltr'><strong>eri-</strong></span> 
     </span>
     <span class='ocr_line' id='line_1_40' title="bbox 352 3709 1097 3788; baseline -0.005 -14"><span class='ocrx_word' id='word_1_193' title='bbox 352 3711 520 3784; x_wconf 91' lang='lat' dir='ltr'><strong>stentibus,</strong></span> <span class='ocrx_word' id='word_1_194' title='bbox 534 3725 610 3787; x_wconf 92' lang='lat' dir='ltr'><strong>quos</strong></span> <span class='ocrx_word' id='word_1_195' title='bbox 623 3710 654 3771; x_wconf 94' lang='lat' dir='ltr'><strong>in</strong></span> <span class='ocrx_word' id='word_1_196' title='bbox 666 3709 802 3786; x_wconf 89' lang='lat' dir='ltr'><strong>qualibet</strong></span> <span class='ocrx_word' id='word_1_197' title='bbox 814 3711 977 3788; x_wconf 90' lang='lat' dir='ltr'><strong>utriusque</strong></span> <span class='ocrx_word' id='word_1_198' title='bbox 993 3711 1097 3774; x_wconf 89' lang='lat' dir='ltr'><strong>lndiae</strong></span> 
     </span>
     <span class='ocr_line' id='line_1_41' title="bbox 351 3801 1098 3881; baseline -0.005 -14"><span class='ocrx_word' id='word_1_199' title='bbox 351 3806 481 3881; x_wconf 87' lang='lat' dir='ltr'><strong>regione</strong></span> <span class='ocrx_word' id='word_1_200' title='bbox 502 3803 554 3864; x_wconf 94' lang='lat' dir='ltr'><strong>vel</strong></span> <span class='ocrx_word' id='word_1_201' title='bbox 574 3803 688 3865; x_wconf 83' lang='lat' dir='ltr'><strong>Oceani</strong></span> <span class='ocrx_word' id='word_1_202' title='bbox 710 3801 811 3864; x_wconf 75' lang='lat' dir='ltr'><strong>insula</strong></span> <span class='ocrx_word' id='word_1_203' title='bbox 833 3813 885 3866; x_wconf 90' lang='lat' dir='ltr'><strong>aut</strong></span> <span class='ocrx_word' id='word_1_204' title='bbox 900 3803 1098 3880; x_wconf 90' lang='lat' dir='ltr'><strong>navigatione</strong></span> 
     </span>
     <span class='ocr_line' id='line_1_42' title="bbox 351 3895 1098 3978; baseline -0.005 -18"><span class='ocrx_word' id='word_1_205' title='bbox 351 3915 407 3978; x_wconf 93' lang='lat' dir='ltr'><strong>pro</strong></span> <span class='ocrx_word' id='word_1_206' title='bbox 426 3896 499 3960; x_wconf 89' lang='lat' dir='ltr'><strong>fldei</strong></span> <span class='ocrx_word' id='word_1_207' title='bbox 515 3896 643 3971; x_wconf 91' lang='lat' dir='ltr'><strong>negotio</strong></span> <span class='ocrx_word' id='word_1_208' title='bbox 658 3895 763 3957; x_wconf 92' lang='lat' dir='ltr'><strong>eundo</strong></span> <span class='ocrx_word' id='word_1_209' title='bbox 778 3896 828 3958; x_wconf 88' lang='lat' dir='ltr'><strong>vel</strong></span> <span class='ocrx_word' id='word_1_210' title='bbox 843 3895 1003 3958; x_wconf 91' lang='lat' dir='ltr'><strong>redeundo</strong></span> <span class='ocrx_word' id='word_1_211' title='bbox 1018 3896 1098 3957; x_wconf 91' lang='lat' dir='ltr'><strong>mori</strong></span> 
     </span>
     <span class='ocr_line' id='line_1_43' title="bbox 351 3987 1098 4067; baseline -0.003 -15"><span class='ocrx_word' id='word_1_212' title='bbox 351 3990 530 4067; x_wconf 88' lang='lat' dir='ltr'><strong>contigerit,</strong></span> <span class='ocrx_word' id='word_1_213' title='bbox 551 3991 583 4050; x_wconf 94' lang='lat' dir='ltr'><strong>in</strong></span> <span class='ocrx_word' id='word_1_214' title='bbox 605 3987 770 4052; x_wconf 89' lang='lat' dir='ltr'><strong>cuiuslibet</strong></span> <span class='ocrx_word' id='word_1_215' title='bbox 791 4005 900 4051; x_wconf 91' lang='lat' dir='ltr'><strong>eorum</strong></span> <span class='ocrx_word' id='word_1_216' title='bbox 922 3990 1031 4052; x_wconf 91' lang='lat' dir='ltr'><strong>mortis</strong></span> <span class='ocrx_word' id='word_1_217' title='bbox 1052 4007 1098 4050; x_wconf 89' lang='lat' dir='ltr'><strong>ar·</strong></span> 
     </span>
     <span class='ocr_line' id='line_1_44' title="bbox 352 4079 1097 4158; baseline -0.003 -14"><span class='ocrx_word' id='word_1_218' title='bbox 352 4081 457 4158; x_wconf 91' lang='lat' dir='ltr'><strong>ticulo,</strong></span> <span class='ocrx_word' id='word_1_219' title='bbox 473 4081 582 4142; x_wconf 91' lang='lat' dir='ltr'><strong>saltem</strong></span> <span class='ocrx_word' id='word_1_220' title='bbox 597 4079 739 4143; x_wconf 88' lang='lat' dir='ltr'><strong>contritis</strong></span> <span class='ocrx_word' id='word_1_221' title='bbox 754 4087 785 4142; x_wconf 93' lang='lat' dir='ltr'><strong>et</strong></span> <span class='ocrx_word' id='word_1_222' title='bbox 800 4081 958 4158; x_wconf 79' lang='lat' dir='ltr'><strong>confessis,</strong></span> <span class='ocrx_word' id='word_1_223' title='bbox 974 4083 999 4142; x_wconf 89' lang='lat' dir='ltr'><strong>si</strong></span> <span class='ocrx_word' id='word_1_224' title='bbox 1015 4098 1097 4144; x_wconf 89' lang='lat' dir='ltr'><strong>coru-</strong></span> 
     </span>
     <span class='ocr_line' id='line_1_45' title="bbox 351 4173 1096 4254; baseline -0.003 -17"><span class='ocrx_word' id='word_1_225' title='bbox 351 4175 510 4237; x_wconf 90' lang='lat' dir='ltr'><strong>municare</strong></span> <span class='ocrx_word' id='word_1_226' title='bbox 533 4173 748 4253; x_wconf 88' lang='lat' dir='ltr'><strong>nequiverint,</strong></span> <span class='ocrx_word' id='word_1_227' title='bbox 772 4174 943 4252; x_wconf 85' lang='lat' dir='ltr'><strong>plenariam</strong></span> <span class='ocrx_word' id='word_1_228' title='bbox 970 4176 1096 4254; x_wconf 90' lang='lat' dir='ltr'><strong>pariter.</strong></span> 
     </span>
    </p>
   </div>
   <div class='ocr_carea' id='block_1_9' title="bbox 164 4267 1097 4346">
    <p class='ocr_par' dir='ltr' id='par_1_9' title="bbox 164 4267 1097 4346">
     <span class='ocr_line' id='line_1_46' title="bbox 164 4267 1097 4346; baseline 0.002 -18"><span class='ocrx_word' id='word_1_229' title='bbox 164 4281 332 4328; x_wconf 74' lang='lat' dir='ltr'><strong>scholaribus</strong></span> <span class='ocrx_word' id='word_1_230' title='bbox 391 4268 461 4343; x_wconf 72' lang='lat'><strong>§2-</strong></span> <span class='ocrx_word' id='word_1_231' title='bbox 486 4267 681 4331; x_wconf 81' lang='lat' dir='ltr'><strong>scholaribus</strong></span> <span class='ocrx_word' id='word_1_232' title='bbox 703 4283 778 4328; x_wconf 87' lang='lat' dir='ltr'><strong>vero</strong></span> <span class='ocrx_word' id='word_1_233' title='bbox 800 4267 832 4329; x_wconf 92' lang='lat' dir='ltr'><strong>in</strong></span> <span class='ocrx_word' id='word_1_234' title='bbox 854 4269 984 4346; x_wconf 78' lang='lat' dir='ltr'><strong>utraque</strong></span> <span class='ocrx_word' id='word_1_235' title='bbox 1013 4268 1097 4330; x_wconf 81' lang='lat' dir='ltr'><strong>lndid</strong></span> 
     </span>
    </p>
   </div>
   <div class='ocr_carea' id='block_1_10' title="bbox 238 4347 1096 4436">
    <p class='ocr_par' dir='ltr' id='par_1_10' title="bbox 238 4347 1096 4436">
     <span class='ocr_line' id='line_1_47' title="bbox 238 4347 1096 4436; baseline -0.002 -11"><span class='ocrx_word' id='word_1_236' title='bbox 238 4347 332 4436; x_wconf 58' lang='lat' dir='ltr'><strong>lffi.</strong></span> <span class='ocrx_word' id='word_1_237' title='bbox 351 4361 575 4436; x_wconf 85' lang='lat' dir='ltr'><strong>existentibus,</strong></span> <span class='ocrx_word' id='word_1_238' title='bbox 598 4377 631 4422; x_wconf 93' lang='lat' dir='ltr'><strong>ac</strong></span> <span class='ocrx_word' id='word_1_239' title='bbox 660 4358 906 4422; x_wconf 90' lang='lat' dir='ltr'><strong>confraternitati</strong></span> <span class='ocrx_word' id='word_1_240' title='bbox 929 4362 962 4422; x_wconf 89' lang='lat' dir='ltr'><strong>B.</strong></span> <span class='ocrx_word' id='word_1_241' title='bbox 986 4361 1096 4424; x_wconf 85' lang='lat' dir='ltr'><strong>Mariae</strong></span> 
     </span>
    </p>
   </div>
   <div class='ocr_carea' id='block_1_11' title="bbox 349 4453 1098 6030">
    <p class='ocr_par' dir='ltr' id='par_1_11' title="bbox 349 4453 1098 6030">
     <span class='ocr_line' id='line_1_48' title="bbox 352 4453 1095 4536; baseline -0.004 -17"><span class='ocrx_word' id='word_1_242' title='bbox 352 4453 491 4532; x_wconf 85' lang='lat' dir='ltr'><strong>Virginis</strong></span> <span class='ocrx_word' id='word_1_243' title='bbox 512 4454 554 4515; x_wconf 91' lang='lat' dir='ltr'><strong>ibi</strong></span> <span class='ocrx_word' id='word_1_244' title='bbox 574 4455 721 4516; x_wconf 90' lang='lat' dir='ltr'><strong>canonice</strong></span> <span class='ocrx_word' id='word_1_245' title='bbox 744 4455 903 4518; x_wconf 91' lang='lat' dir='ltr'><strong>institutae</strong></span> <span class='ocrx_word' id='word_1_246' title='bbox 925 4455 1095 4536; x_wconf 89' lang='lat' dir='ltr'><strong>adscriptis,</strong></span> 
     </span>
     <span class='ocr_line' id='line_1_49' title="bbox 352 4547 1097 4628; baseline -0.005 -16"><span class='ocrx_word' id='word_1_247' title='bbox 352 4549 405 4628; x_wconf 92' lang='lat' dir='ltr'><strong>qui</strong></span> <span class='ocrx_word' id='word_1_248' title='bbox 441 4549 474 4610; x_wconf 95' lang='lat' dir='ltr'><strong>in</strong></span> <span class='ocrx_word' id='word_1_249' title='bbox 509 4547 769 4610; x_wconf 81' lang='lat' dir='ltr'><strong>Annonciationis</strong></span> <span class='ocrx_word' id='word_1_250' title='bbox 801 4555 832 4610; x_wconf 91' lang='lat' dir='ltr'><strong>et</strong></span> <span class='ocrx_word' id='word_1_251' title='bbox 869 4548 1097 4627; x_wconf 82' lang='lat' dir='ltr'><strong>hssrrmptionis</strong></span> 
     </span>
     <span class='ocr_line' id='line_1_50' title="bbox 352 4641 1098 4722; baseline -0.003 -17"><span class='ocrx_word' id='word_1_252' title='bbox 352 4643 447 4722; x_wconf 86' lang='lat' dir='ltr'><strong>ipsius</strong></span> <span class='ocrx_word' id='word_1_253' title='bbox 468 4643 502 4704; x_wconf 91' lang='lat' dir='ltr'><strong>B.</strong></span> <span class='ocrx_word' id='word_1_254' title='bbox 528 4643 566 4704; x_wconf 91' lang='lat' dir='ltr'><strong>bl.</strong></span> <span class='ocrx_word' id='word_1_255' title='bbox 593 4641 629 4705; x_wconf 89' lang='lat' dir='ltr'><strong>V.</strong></span> <span class='ocrx_word' id='word_1_256' title='bbox 654 4642 739 4704; x_wconf 86' lang='lat' dir='ltr'><strong>festis</strong></span> <span class='ocrx_word' id='word_1_257' title='bbox 760 4641 876 4704; x_wconf 71' lang='lat' dir='ltr'><strong>&lt;lictum</strong></span> <span class='ocrx_word' id='word_1_258' title='bbox 898 4643 953 4707; x_wconf 83' lang='lat' dir='ltr'><strong>SS.</strong></span> <span class='ocrx_word' id='word_1_259' title='bbox 979 4643 1098 4705; x_wconf 89' lang='lat' dir='ltr'><strong>Eucha-</strong></span> 
     </span>
     <span class='ocr_line' id='line_1_51' title="bbox 351 4737 1098 4814; baseline 0 -16"><span class='ocrx_word' id='word_1_260' title='bbox 351 4738 456 4798; x_wconf 88' lang='lat' dir='ltr'><strong>ristiae</strong></span> <span class='ocrx_word' id='word_1_261' title='bbox 475 4745 707 4798; x_wconf 92' lang='lat' dir='ltr'><strong>sacramentum</strong></span> <span class='ocrx_word' id='word_1_262' title='bbox 734 4737 937 4814; x_wconf 86' lang='lat' dir='ltr'><strong>sumpserint,</strong></span> <span class='ocrx_word' id='word_1_263' title='bbox 961 4745 992 4799; x_wconf 91' lang='lat' dir='ltr'><strong>et</strong></span> <span class='ocrx_word' id='word_1_264' title='bbox 1012 4753 1098 4798; x_wconf 91' lang='lat' dir='ltr'><strong>coro-</strong></span> 
     </span>
     <span class='ocr_line' id='line_1_52' title="bbox 351 4829 1097 4908; baseline 0.001 -15"><span class='ocrx_word' id='word_1_265' title='bbox 351 4847 423 4893; x_wconf 89' lang='lat' dir='ltr'><strong>nam</strong></span> <span class='ocrx_word' id='word_1_266' title='bbox 446 4830 496 4890; x_wconf 93' lang='lat' dir='ltr'><strong>vel</strong></span> <span class='ocrx_word' id='word_1_267' title='bbox 519 4829 643 4892; x_wconf 85' lang='lat' dir='ltr'><strong>tertiam</strong></span> <span class='ocrx_word' id='word_1_268' title='bbox 666 4837 784 4908; x_wconf 91' lang='lat' dir='ltr'><strong>partem</strong></span> <span class='ocrx_word' id='word_1_269' title='bbox 810 4831 926 4892; x_wconf 87' lang='lat' dir='ltr'><strong>Rosarii</strong></span> <span class='ocrx_word' id='word_1_270' title='bbox 947 4832 1097 4894; x_wconf 90' lang='lat' dir='ltr'><strong>recitave-</strong></span> 
     </span>
     <span class='ocr_line' id='line_1_53' title="bbox 351 4923 1097 5001; baseline 0 -15"><span class='ocrx_word' id='word_1_271' title='bbox 351 4925 428 4998; x_wconf 90' lang='lat' dir='ltr'><strong>rint,</strong></span> <span class='ocrx_word' id='word_1_272' title='bbox 452 4940 510 4986; x_wconf 90' lang='lat' dir='ltr'><strong>nec</strong></span> <span class='ocrx_word' id='word_1_273' title='bbox 532 4939 595 4984; x_wconf 92' lang='lat' dir='ltr'><strong>non</strong></span> <span class='ocrx_word' id='word_1_274' title='bbox 618 4923 780 5001; x_wconf 88' lang='lat' dir='ltr'><strong>utriusque</strong></span> <span class='ocrx_word' id='word_1_275' title='bbox 800 4939 891 4985; x_wconf 86' lang='lat' dir='ltr'><strong>sexus</strong></span> <span class='ocrx_word' id='word_1_276' title='bbox 913 4925 1097 4986; x_wconf 80' lang='lat' dir='ltr'><strong>christifide-</strong></span> 
     </span>
     <span class='ocr_line' id='line_1_54' title="bbox 351 5016 1097 5096; baseline 0.001 -16"><span class='ocrx_word' id='word_1_277' title='bbox 351 5016 1097 5096; x_wconf 88' lang='lat' dir='ltr'><strong>libusaliquamexconfraternitatibuscanonice</strong></span> 
     </span>
     <span class='ocr_line' id='line_1_55' title="bbox 351 5111 1096 5188; baseline 0 -14"><span class='ocrx_word' id='word_1_278' title='bbox 351 5111 508 5188; x_wconf 89' lang='lat' dir='ltr'><strong>erigendis</strong></span> <span class='ocrx_word' id='word_1_279' title='bbox 530 5111 688 5188; x_wconf 83' lang='lat' dir='ltr'><strong>ingressis,</strong></span> <span class='ocrx_word' id='word_1_280' title='bbox 705 5111 806 5187; x_wconf 90' lang='lat' dir='ltr'><strong>quiin</strong></span> <span class='ocrx_word' id='word_1_281' title='bbox 823 5111 990 5173; x_wconf 87' lang='lat' dir='ltr'><strong>festivitate</strong></span> <span class='ocrx_word' id='word_1_282' title='bbox 1007 5111 1096 5175; x_wconf 84' lang='lat' dir='ltr'><strong>SSrhi</strong></span> 
     </span>
     <span class='ocr_line' id='line_1_56' title="bbox 351 5203 1096 5289; baseline -0.004 -19"><span class='ocrx_word' id='word_1_283' title='bbox 351 5205 496 5284; x_wconf 84' lang='lat' dir='ltr'><strong>Corporis</strong></span> <span class='ocrx_word' id='word_1_284' title='bbox 512 5203 625 5267; x_wconf 84' lang='lat' dir='ltr'><strong>Christi</strong></span> <span class='ocrx_word' id='word_1_285' title='bbox 637 5211 668 5264; x_wconf 89' lang='lat' dir='ltr'><strong>et</strong></span> <span class='ocrx_word' id='word_1_286' title='bbox 684 5203 767 5265; x_wconf 92' lang='lat' dir='ltr'><strong>illins</strong></span> <span class='ocrx_word' id='word_1_287' title='bbox 782 5211 885 5289; x_wconf 79' lang='lat' dir='ltr'><strong>octava</strong></span> <span class='ocrx_word' id='word_1_288' title='bbox 901 5208 1096 5282; x_wconf 88' lang='lat' dir='ltr'><strong>poenitentes</strong></span> 
     </span>
     <span class='ocr_line' id='line_1_57' title="bbox 349 5296 1096 5360; baseline -0.001 -1"><span class='ocrx_word' id='word_1_289' title='bbox 349 5298 496 5360; x_wconf 88' lang='lat' dir='ltr'><strong>similiter</strong></span> <span class='ocrx_word' id='word_1_290' title='bbox 517 5306 548 5359; x_wconf 89' lang='lat' dir='ltr'><strong>et</strong></span> <span class='ocrx_word' id='word_1_291' title='bbox 569 5296 699 5358; x_wconf 89' lang='lat' dir='ltr'><strong>confessi</strong></span> <span class='ocrx_word' id='word_1_292' title='bbox 721 5297 802 5357; x_wconf 91' lang='lat' dir='ltr'><strong>idem</strong></span> <span class='ocrx_word' id='word_1_293' title='bbox 819 5297 872 5360; x_wconf 90' lang='lat' dir='ltr'><strong>SS.</strong></span> <span class='ocrx_word' id='word_1_294' title='bbox 888 5298 1096 5360; x_wconf 84' lang='lat' dir='ltr'><strong>Eucharistiae</strong></span> 
     </span>
     <span class='ocr_line' id='line_1_58' title="bbox 350 5389 1096 5467; baseline 0 -14"><span class='ocrx_word' id='word_1_295' title='bbox 350 5398 580 5454; x_wconf 87' lang='lat' dir='ltr'><strong>sacramentum</strong></span> <span class='ocrx_word' id='word_1_296' title='bbox 601 5389 807 5467; x_wconf 85' lang='lat' dir='ltr'><strong>sumpserint,</strong></span> <span class='ocrx_word' id='word_1_297' title='bbox 830 5398 861 5451; x_wconf 92' lang='lat' dir='ltr'><strong>et</strong></span> <span class='ocrx_word' id='word_1_298' title='bbox 883 5391 915 5452; x_wconf 94' lang='lat' dir='ltr'><strong>in</strong></span> <span class='ocrx_word' id='word_1_299' title='bbox 932 5391 1096 5453; x_wconf 88' lang='lat' dir='ltr'><strong>cuiuslibet</strong></span> 
     </span>
     <span class='ocr_line' id='line_1_59' title="bbox 351 5483 1096 5562; baseline 0 -16"><span class='ocrx_word' id='word_1_300' title='bbox 351 5500 462 5547; x_wconf 89' lang='lat' dir='ltr'><strong>eorum</strong></span> <span class='ocrx_word' id='word_1_301' title='bbox 473 5485 637 5562; x_wconf 91' lang='lat' dir='ltr'><strong>utriusque</strong></span> <span class='ocrx_word' id='word_1_302' title='bbox 648 5499 740 5544; x_wconf 82' lang='lat' dir='ltr'><strong>senus</strong></span> <span class='ocrx_word' id='word_1_303' title='bbox 752 5483 1000 5546; x_wconf 83' lang='lat' dir='ltr'><strong>christifidelium</strong></span> <span class='ocrx_word' id='word_1_304' title='bbox 1015 5501 1096 5546; x_wconf 93' lang='lat' dir='ltr'><strong>mor-</strong></span> 
     </span>
     <span class='ocr_line' id='line_1_60' title="bbox 353 5577 1095 5654; baseline -0.003 -14"><span class='ocrx_word' id='word_1_305' title='bbox 353 5578 390 5640; x_wconf 91' lang='lat' dir='ltr'><strong>tis</strong></span> <span class='ocrx_word' id='word_1_306' title='bbox 410 5577 552 5652; x_wconf 91' lang='lat' dir='ltr'><strong>articulo,</strong></span> <span class='ocrx_word' id='word_1_307' title='bbox 575 5578 669 5642; x_wconf 90' lang='lat' dir='ltr'><strong>etiam</strong></span> <span class='ocrx_word' id='word_1_308' title='bbox 695 5577 946 5654; x_wconf 89' lang='lat' dir='ltr'><strong>poenitentibus,</strong></span> <span class='ocrx_word' id='word_1_309' title='bbox 970 5587 1001 5639; x_wconf 90' lang='lat' dir='ltr'><strong>et</strong></span> <span class='ocrx_word' id='word_1_310' title='bbox 1023 5595 1095 5639; x_wconf 93' lang='lat' dir='ltr'><strong>con-</strong></span> 
     </span>
     <span class='ocr_line' id='line_1_61' title="bbox 351 5671 1095 5745; baseline -0.003 -11"><span class='ocrx_word' id='word_1_311' title='bbox 351 5672 436 5734; x_wconf 91' lang='lat' dir='ltr'><strong>fessis</strong></span> <span class='ocrx_word' id='word_1_312' title='bbox 457 5689 491 5732; x_wconf 89' lang='lat' dir='ltr'><strong>ac</strong></span> <span class='ocrx_word' id='word_1_313' title='bbox 515 5687 596 5733; x_wconf 90' lang='lat' dir='ltr'><strong>sacra</strong></span> <span class='ocrx_word' id='word_1_314' title='bbox 625 5671 846 5732; x_wconf 90' lang='lat' dir='ltr'><strong>communione</strong></span> <span class='ocrx_word' id='word_1_315' title='bbox 875 5671 1014 5745; x_wconf 90' lang='lat' dir='ltr'><strong>refectis,</strong></span> <span class='ocrx_word' id='word_1_316' title='bbox 1043 5679 1095 5732; x_wconf 87' lang='lat' dir='ltr'><strong>aut</strong></span> 
     </span>
     <span class='ocr_line' id='line_1_62' title="bbox 350 5763 1097 5838; baseline -0.004 -11"><span class='ocrx_word' id='word_1_317' title='bbox 350 5765 462 5828; x_wconf 89' lang='lat' dir='ltr'><strong>saltem</strong></span> <span class='ocrx_word' id='word_1_318' title='bbox 482 5764 634 5838; x_wconf 87' lang='lat' dir='ltr'><strong>contritis,</strong></span> <span class='ocrx_word' id='word_1_319' title='bbox 657 5763 683 5824; x_wconf 93' lang='lat' dir='ltr'><strong>si</strong></span> <span class='ocrx_word' id='word_1_320' title='bbox 704 5764 848 5827; x_wconf 85' lang='lat' dir='ltr'><strong>confiteri</strong></span> <span class='ocrx_word' id='word_1_321' title='bbox 870 5772 900 5825; x_wconf 92' lang='lat' dir='ltr'><strong>et</strong></span> <span class='ocrx_word' id='word_1_322' title='bbox 921 5763 1097 5826; x_wconf 90' lang='lat' dir='ltr'><strong>communi-</strong></span> 
     </span>
     <span class='ocr_line' id='line_1_63' title="bbox 351 5857 1096 5936; baseline -0.005 -14"><span class='ocrx_word' id='word_1_323' title='bbox 351 5875 420 5922; x_wconf 89' lang='lat' dir='ltr'><strong>care</strong></span> <span class='ocrx_word' id='word_1_324' title='bbox 452 5874 516 5919; x_wconf 95' lang='lat' dir='ltr'><strong>non</strong></span> <span class='ocrx_word' id='word_1_325' title='bbox 543 5857 721 5935; x_wconf 90' lang='lat' dir='ltr'><strong>potuerint,</strong></span> <span class='ocrx_word' id='word_1_326' title='bbox 754 5857 923 5936; x_wconf 90' lang='lat' dir='ltr'><strong>plenariam</strong></span> <span class='ocrx_word' id='word_1_327' title='bbox 950 5857 1096 5918; x_wconf 90' lang='lat' dir='ltr'><strong>similiter</strong></span> 
     </span>
     <span class='ocr_line' id='line_1_64' title="bbox 351 5950 1096 6030; baseline -0.003 -17"><span class='ocrx_word' id='word_1_328' title='bbox 351 5951 493 6014; x_wconf 89' lang='lat' dir='ltr'><strong>omnium</strong></span> <span class='ocrx_word' id='word_1_329' title='bbox 515 5958 712 6030; x_wconf 91' lang='lat' dir='ltr'><strong>peccatorum</strong></span> <span class='ocrx_word' id='word_1_330' title='bbox 725 5965 855 6012; x_wconf 90' lang='lat' dir='ltr'><strong>suorum</strong></span> <span class='ocrx_word' id='word_1_331' title='bbox 870 5950 1096 6026; x_wconf 82' lang='lat' dir='ltr'><strong>indulgentiam</strong></span> 
     </span>
    </p>
   </div>
   <div class='ocr_carea' id='block_1_12' title="bbox 1153 729 1901 888">
    <p class='ocr_par' dir='ltr' id='par_1_12' title="bbox 1153 729 1901 888">
     <span class='ocr_line' id='line_1_65' title="bbox 1153 729 1901 796; baseline 0 -4"><span class='ocrx_word' id='word_1_332' title='bbox 1153 739 1185 792; x_wconf 90' lang='lat' dir='ltr'><strong>et</strong></span> <span class='ocrx_word' id='word_1_333' title='bbox 1212 730 1428 794; x_wconf 88' lang='lat' dir='ltr'><strong>remissionem</strong></span> <span class='ocrx_word' id='word_1_334' title='bbox 1450 730 1692 796; x_wconf 87' lang='lat' dir='ltr'><strong>misericorditer</strong></span> <span class='ocrx_word' id='word_1_335' title='bbox 1714 730 1746 792; x_wconf 91' lang='lat' dir='ltr'><strong>in</strong></span> <span class='ocrx_word' id='word_1_336' title='bbox 1769 729 1901 792; x_wconf 87' lang='lat' dir='ltr'><strong>Domino</strong></span> 
     </span>
     <span class='ocr_line' id='line_1_66' title="bbox 1154 826 1362 888; baseline 0 -2"><span class='ocrx_word' id='word_1_337' title='bbox 1154 826 1362 888; x_wconf 88' lang='lat' dir='ltr'><strong>concedimus.</strong></span> 
     </span>
    </p>
   </div>
   <div class='ocr_carea' id='block_1_13' title="bbox 1193 917 2129 1038">
    <p class='ocr_par' dir='ltr' id='par_1_13' title="bbox 1193 917 2129 1038">
     <span class='ocr_line' id='line_1_67' title="bbox 1193 917 2129 1038; baseline 0.007 -60"><span class='ocrx_word' id='word_1_338' title='bbox 1193 920 1212 992; x_wconf 68' lang='lat'>5</span> <span class='ocrx_word' id='word_1_339' title='bbox 1232 917 1261 978; x_wconf 82' lang='lat'><strong>3.</strong></span> <span class='ocrx_word' id='word_1_340' title='bbox 1282 919 1412 996; x_wconf 89' lang='lat' dir='ltr'><strong>insuper</strong></span> <span class='ocrx_word' id='word_1_341' title='bbox 1425 919 1514 981; x_wconf 90' lang='lat' dir='ltr'><strong>dictis</strong></span> <span class='ocrx_word' id='word_1_342' title='bbox 1528 919 1718 982; x_wconf 88' lang='lat' dir='ltr'><strong>scholaribus</strong></span> <span class='ocrx_word' id='word_1_343' title='bbox 1739 919 1899 982; x_wconf 90' lang='lat' dir='ltr'><strong>huiusmo·</strong></span> <span class='ocrx_word' id='word_1_344' title='bbox 1918 937 2129 1038; x_wconf 55' lang='lat' dir='ltr'><strong>anrlllffmdoem</strong></span> 
     </span>
    </p>
   </div>
   <div class='ocr_carea' id='block_1_14' title="bbox 1152 1009 1900 2484">
    <p class='ocr_par' dir='ltr' id='par_1_14' title="bbox 1152 1009 1900 2484">
     <span class='ocr_line' id='line_1_68' title="bbox 1153 1009 1900 1092; baseline 0.004 -20"><span class='ocrx_word' id='word_1_345' title='bbox 1153 1009 1182 1072; x_wconf 92' lang='lat' dir='ltr'><strong>di</strong></span> <span class='ocrx_word' id='word_1_346' title='bbox 1204 1011 1452 1074; x_wconf 91' lang='lat' dir='ltr'><strong>confraternitati</strong></span> <span class='ocrx_word' id='word_1_347' title='bbox 1466 1012 1634 1091; x_wconf 88' lang='lat' dir='ltr'><strong>adscriptis,</strong></span> <span class='ocrx_word' id='word_1_348' title='bbox 1651 1012 1704 1092; x_wconf 90' lang='lat' dir='ltr'><strong>qui</strong></span> <span class='ocrx_word' id='word_1_349' title='bbox 1719 1012 1752 1075; x_wconf 93' lang='lat' dir='ltr'><strong>in</strong></span> <span class='ocrx_word' id='word_1_350' title='bbox 1766 1013 1900 1090; x_wconf 91' lang='lat' dir='ltr'><strong>singulis</strong></span> 
     </span>
     <span class='ocr_line' id='line_1_69' title="bbox 1153 1103 1898 1182; baseline 0.009 -19"><span class='ocrx_word' id='word_1_351' title='bbox 1153 1105 1293 1166; x_wconf 88' lang='lat' dir='ltr'><strong>eiusdem</strong></span> <span class='ocrx_word' id='word_1_352' title='bbox 1316 1105 1349 1166; x_wconf 88' lang='lat' dir='ltr'><strong>B.</strong></span> <span class='ocrx_word' id='word_1_353' title='bbox 1374 1105 1485 1168; x_wconf 81' lang='lat' dir='ltr'><strong>blaciae</strong></span> <span class='ocrx_word' id='word_1_354' title='bbox 1508 1103 1658 1182; x_wconf 82' lang='lat' dir='ltr'><strong>Virginis,</strong></span> <span class='ocrx_word' id='word_1_355' title='bbox 1678 1124 1712 1168; x_wconf 91' lang='lat' dir='ltr'><strong>ac</strong></span> <span class='ocrx_word' id='word_1_356' title='bbox 1732 1107 1898 1170; x_wconf 85' lang='lat' dir='ltr'><strong>Resurrec-</strong></span> 
     </span>
     <span class='ocr_line' id='line_1_70' title="bbox 1153 1197 1897 1272; baseline 0.003 -14"><span class='ocrx_word' id='word_1_357' title='bbox 1153 1197 1256 1272; x_wconf 91' lang='lat' dir='ltr'><strong>tionis,</strong></span> <span class='ocrx_word' id='word_1_358' title='bbox 1281 1197 1479 1260; x_wconf 85' lang='lat' dir='ltr'><strong>Pentecostes</strong></span> <span class='ocrx_word' id='word_1_359' title='bbox 1493 1207 1525 1260; x_wconf 91' lang='lat' dir='ltr'><strong>et</strong></span> <span class='ocrx_word' id='word_1_360' title='bbox 1540 1197 1716 1262; x_wconf 81' lang='lat' dir='ltr'><strong>Natiuitatis</strong></span> <span class='ocrx_word' id='word_1_361' title='bbox 1733 1200 1767 1261; x_wconf 90' lang='lat' dir='ltr'><strong>b.</strong></span> <span class='ocrx_word' id='word_1_362' title='bbox 1779 1199 1817 1262; x_wconf 90' lang='lat' dir='ltr'><strong>N.</strong></span> <span class='ocrx_word' id='word_1_363' title='bbox 1829 1199 1897 1262; x_wconf 89' lang='lat' dir='ltr'><strong>lesu</strong></span> 
     </span>
     <span class='ocr_line' id='line_1_71' title="bbox 1153 1289 1899 1366; baseline 0.003 -14"><span class='ocrx_word' id='word_1_364' title='bbox 1153 1290 1267 1352; x_wconf 85' lang='lat' dir='ltr'><strong>Christi</strong></span> <span class='ocrx_word' id='word_1_365' title='bbox 1290 1289 1519 1366; x_wconf 81' lang='lat' dir='ltr'><strong>festivitatibus,</strong></span> <span class='ocrx_word' id='word_1_366' title='bbox 1535 1292 1561 1354; x_wconf 92' lang='lat' dir='ltr'><strong>si</strong></span> <span class='ocrx_word' id='word_1_367' title='bbox 1582 1292 1711 1356; x_wconf 91' lang='lat' dir='ltr'><strong>confessi</strong></span> <span class='ocrx_word' id='word_1_368' title='bbox 1727 1302 1758 1356; x_wconf 92' lang='lat' dir='ltr'><strong>et</strong></span> <span class='ocrx_word' id='word_1_369' title='bbox 1773 1293 1899 1358; x_wconf 88' lang='lat' dir='ltr'><strong>contriti</strong></span> 
     </span>
     <span class='ocr_line' id='line_1_72' title="bbox 1153 1381 1898 1460; baseline 0.008 -19"><span class='ocrx_word' id='word_1_370' title='bbox 1153 1381 1316 1458; x_wconf 91' lang='lat' dir='ltr'><strong>praemissa</strong></span> <span class='ocrx_word' id='word_1_371' title='bbox 1339 1385 1529 1460; x_wconf 88' lang='lat' dir='ltr'><strong>peregerint,</strong></span> <span class='ocrx_word' id='word_1_372' title='bbox 1552 1385 1662 1446; x_wconf 90' lang='lat' dir='ltr'><strong>decem</strong></span> <span class='ocrx_word' id='word_1_373' title='bbox 1683 1400 1839 1446; x_wconf 91' lang='lat' dir='ltr'><strong>annorum</strong></span> <span class='ocrx_word' id='word_1_374' title='bbox 1861 1385 1898 1447; x_wconf 90' lang='lat' dir='ltr'><strong>de</strong></span> 
     </span>
     <span class='ocr_line' id='line_1_73' title="bbox 1153 1473 1899 1556; baseline 0.008 -23"><span class='ocrx_word' id='word_1_375' title='bbox 1153 1473 1300 1537; x_wconf 89' lang='lat' dir='ltr'><strong>iniunctis</strong></span> <span class='ocrx_word' id='word_1_376' title='bbox 1315 1475 1358 1536; x_wconf 89' lang='lat' dir='ltr'><strong>eis</strong></span> <span class='ocrx_word' id='word_1_377' title='bbox 1372 1492 1428 1538; x_wconf 90' lang='lat' dir='ltr'><strong>seu</strong></span> <span class='ocrx_word' id='word_1_378' title='bbox 1449 1477 1522 1538; x_wconf 92' lang='lat' dir='ltr'><strong>alias</strong></span> <span class='ocrx_word' id='word_1_379' title='bbox 1537 1477 1768 1556; x_wconf 83' lang='lat' dir='ltr'><strong>quomodolibet</strong></span> <span class='ocrx_word' id='word_1_380' title='bbox 1789 1477 1899 1540; x_wconf 89' lang='lat' dir='ltr'><strong>debitis</strong></span> 
     </span>
     <span class='ocr_line' id='line_1_74' title="bbox 1152 1567 1900 1648; baseline 0.008 -22"><span class='ocrx_word' id='word_1_381' title='bbox 1152 1567 1371 1644; x_wconf 84' lang='lat' dir='ltr'><strong>poenitentiis;</strong></span> <span class='ocrx_word' id='word_1_382' title='bbox 1400 1569 1445 1630; x_wconf 93' lang='lat' dir='ltr'><strong>eis</strong></span> <span class='ocrx_word' id='word_1_383' title='bbox 1466 1585 1601 1648; x_wconf 89' lang='lat' dir='ltr'><strong>quoque,</strong></span> <span class='ocrx_word' id='word_1_384' title='bbox 1632 1569 1740 1648; x_wconf 91' lang='lat' dir='ltr'><strong>quiin</strong></span> <span class='ocrx_word' id='word_1_385' title='bbox 1767 1570 1900 1646; x_wconf 87' lang='lat' dir='ltr'><strong>singulis</strong></span> 
     </span>
     <span class='ocr_line' id='line_1_75' title="bbox 1152 1661 1899 1740; baseline 0.003 -18"><span class='ocrx_word' id='word_1_386' title='bbox 1152 1661 1259 1722; x_wconf 86' lang='lat' dir='ltr'><strong>dicbus</strong></span> <span class='ocrx_word' id='word_1_387' title='bbox 1294 1662 1416 1722; x_wconf 90' lang='lat' dir='ltr'><strong>veneris</strong></span> <span class='ocrx_word' id='word_1_388' title='bbox 1446 1663 1615 1725; x_wconf 90' lang='lat' dir='ltr'><strong>cuiuslibet</strong></span> <span class='ocrx_word' id='word_1_389' title='bbox 1646 1663 1899 1740; x_wconf 80' lang='lat' dir='ltr'><strong>quadragesimae</strong></span> 
     </span>
     <span class='ocr_line' id='line_1_76' title="bbox 1152 1751 1899 1835; baseline 0.003 -21"><span class='ocrx_word' id='word_1_390' title='bbox 1152 1751 1264 1816; x_wconf 89' lang='lat' dir='ltr'><strong>devote</strong></span> <span class='ocrx_word' id='word_1_391' title='bbox 1285 1756 1532 1832; x_wconf 90' lang='lat' dir='ltr'><strong>processionibus</strong></span> <span class='ocrx_word' id='word_1_392' title='bbox 1554 1756 1685 1834; x_wconf 90' lang='lat' dir='ltr'><strong>publicis</strong></span> <span class='ocrx_word' id='word_1_393' title='bbox 1707 1757 1739 1816; x_wconf 95' lang='lat' dir='ltr'><strong>in</strong></span> <span class='ocrx_word' id='word_1_394' title='bbox 1762 1757 1899 1835; x_wconf 91' lang='lat' dir='ltr'><strong>partibus</strong></span> 
     </span>
     <span class='ocr_line' id='line_1_77' title="bbox 1152 1846 1898 1928; baseline 0.007 -21"><span class='ocrx_word' id='word_1_395' title='bbox 1152 1853 1184 1907; x_wconf 91' lang='lat' dir='ltr'><strong>et</strong></span> <span class='ocrx_word' id='word_1_396' title='bbox 1206 1846 1280 1908; x_wconf 91' lang='lat' dir='ltr'><strong>locis</strong></span> <span class='ocrx_word' id='word_1_397' title='bbox 1303 1848 1515 1910; x_wconf 91' lang='lat' dir='ltr'><strong>transmarinis</strong></span> <span class='ocrx_word' id='word_1_398' title='bbox 1530 1851 1566 1910; x_wconf 94' lang='lat' dir='ltr'><strong>ad</strong></span> <span class='ocrx_word' id='word_1_399' title='bbox 1581 1850 1734 1911; x_wconf 92' lang='lat' dir='ltr'><strong>orandum</strong></span> <span class='ocrx_word' id='word_1_400' title='bbox 1756 1865 1811 1928; x_wconf 92' lang='lat' dir='ltr'><strong>pro</strong></span> <span class='ocrx_word' id='word_1_401' title='bbox 1826 1865 1898 1912; x_wconf 90' lang='lat' dir='ltr'><strong>con-</strong></span> 
     </span>
     <span class='ocr_line' id='line_1_78' title="bbox 1152 1940 1898 2021; baseline 0.005 -23"><span class='ocrx_word' id='word_1_402' title='bbox 1152 1940 1296 2002; x_wconf 86' lang='lat' dir='ltr'><strong>versione</strong></span> <span class='ocrx_word' id='word_1_403' title='bbox 1318 1941 1487 2017; x_wconf 90' lang='lat' dir='ltr'><strong>gentilium</strong></span> <span class='ocrx_word' id='word_1_404' title='bbox 1510 1949 1540 2002; x_wconf 93' lang='lat' dir='ltr'><strong>et</strong></span> <span class='ocrx_word' id='word_1_405' title='bbox 1562 1941 1788 2004; x_wconf 89' lang='lat' dir='ltr'><strong>haereticorum</strong></span> <span class='ocrx_word' id='word_1_406' title='bbox 1811 1958 1898 2021; x_wconf 90' lang='lat' dir='ltr'><strong>prae-</strong></span> 
     </span>
     <span class='ocr_line' id='line_1_79' title="bbox 1152 2030 1899 2097; baseline 0.007 -6"><span class='ocrx_word' id='word_1_407' title='bbox 1152 2030 1286 2094; x_wconf 92' lang='lat' dir='ltr'><strong>fatorum</strong></span> <span class='ocrx_word' id='word_1_408' title='bbox 1317 2035 1403 2094; x_wconf 87' lang='lat' dir='ltr'><strong>iuxta</strong></span> <span class='ocrx_word' id='word_1_409' title='bbox 1431 2034 1529 2096; x_wconf 91' lang='lat' dir='ltr'><strong>ritum</strong></span> <span class='ocrx_word' id='word_1_410' title='bbox 1559 2033 1709 2096; x_wconf 88' lang='lat' dir='ltr'><strong>Ecclesiae</strong></span> <span class='ocrx_word' id='word_1_411' title='bbox 1741 2033 1899 2097; x_wconf 86' lang='lat' dir='ltr'><strong>Romanae</strong></span> 
     </span>
     <span class='ocr_line' id='line_1_80' title="bbox 1153 2125 1898 2204; baseline 0.005 -18"><span class='ocrx_word' id='word_1_412' title='bbox 1153 2125 1304 2188; x_wconf 88' lang='lat' dir='ltr'><strong>institutis</strong></span> <span class='ocrx_word' id='word_1_413' title='bbox 1324 2126 1539 2202; x_wconf 90' lang='lat' dir='ltr'><strong>interfuerint,</strong></span> <span class='ocrx_word' id='word_1_414' title='bbox 1557 2127 1652 2190; x_wconf 91' lang='lat' dir='ltr'><strong>trium</strong></span> <span class='ocrx_word' id='word_1_415' title='bbox 1667 2143 1834 2204; x_wconf 89' lang='lat' dir='ltr'><strong>annorum;</strong></span> <span class='ocrx_word' id='word_1_416' title='bbox 1850 2146 1898 2190; x_wconf 93' lang='lat' dir='ltr'><strong>re·</strong></span> 
     </span>
     <span class='ocr_line' id='line_1_81' title="bbox 1152 2217 1898 2300; baseline 0.003 -20"><span class='ocrx_word' id='word_1_417' title='bbox 1152 2217 1245 2296; x_wconf 90' lang='lat' dir='ltr'><strong>liquis</strong></span> <span class='ocrx_word' id='word_1_418' title='bbox 1266 2235 1340 2281; x_wconf 90' lang='lat' dir='ltr'><strong>vero</strong></span> <span class='ocrx_word' id='word_1_419' title='bbox 1355 2221 1499 2283; x_wconf 91' lang='lat' dir='ltr'><strong>omnibus</strong></span> <span class='ocrx_word' id='word_1_420' title='bbox 1514 2219 1633 2282; x_wconf 89' lang='lat' dir='ltr'><strong>eisdem</strong></span> <span class='ocrx_word' id='word_1_421' title='bbox 1652 2222 1898 2300; x_wconf 91' lang='lat' dir='ltr'><strong>processionibus</strong></span> 
     </span>
     <span class='ocr_line' id='line_1_82' title="bbox 1153 2312 1898 2390; baseline 0.009 -20"><span class='ocrx_word' id='word_1_422' title='bbox 1153 2312 1377 2390; x_wconf 90' lang='lat' dir='ltr'><strong>praesentibus,</strong></span> <span class='ocrx_word' id='word_1_423' title='bbox 1406 2313 1548 2375; x_wconf 90' lang='lat' dir='ltr'><strong>contritis</strong></span> <span class='ocrx_word' id='word_1_424' title='bbox 1570 2321 1600 2376; x_wconf 88' lang='lat' dir='ltr'><strong>et</strong></span> <span class='ocrx_word' id='word_1_425' title='bbox 1622 2313 1779 2390; x_wconf 89' lang='lat' dir='ltr'><strong>confessis,</strong></span> <span class='ocrx_word' id='word_1_426' title='bbox 1806 2314 1898 2377; x_wconf 91' lang='lat' dir='ltr'><strong>unius</strong></span> 
     </span>
     <span class='ocr_line' id='line_1_83' title="bbox 1152 2404 1670 2484; baseline 0.004 -20"><span class='ocrx_word' id='word_1_427' title='bbox 1152 2404 1226 2465; x_wconf 91' lang='lat' dir='ltr'><strong>anui</strong></span> <span class='ocrx_word' id='word_1_428' title='bbox 1249 2404 1475 2481; x_wconf 89' lang='lat' dir='ltr'><strong>indulgentiam</strong></span> <span class='ocrx_word' id='word_1_429' title='bbox 1489 2405 1670 2484; x_wconf 88' lang='lat' dir='ltr'><strong>elargimur.</strong></span> 
     </span>
    </p>
   </div>
   <div class='ocr_carea' id='block_1_15' title="bbox 1192 2497 2130 2616">
    <p class='ocr_par' dir='ltr' id='par_1_15' title="bbox 1192 2497 2130 2616">
     <span class='ocr_line' id='line_1_84' title="bbox 1192 2497 2130 2616; baseline -0.025 -44"><span class='ocrx_word' id='word_1_430' title='bbox 1192 2498 1211 2572; x_wconf 72' lang='grc' dir='ltr'><strong>ἓ</strong></span> <span class='ocrx_word' id='word_1_431' title='bbox 1233 2497 1260 2557; x_wconf 74' lang='lat'><strong>&#39;⁴-</strong></span> <span class='ocrx_word' id='word_1_432' title='bbox 1284 2497 1430 2576; x_wconf 89' lang='lat' dir='ltr'><strong>Quodque</strong></span> <span class='ocrx_word' id='word_1_433' title='bbox 1441 2513 1496 2577; x_wconf 92' lang='lat' dir='ltr'><strong>pro</strong></span> <span class='ocrx_word' id='word_1_434' title='bbox 1518 2499 1678 2562; x_wconf 90' lang='lat' dir='ltr'><strong>animabus</strong></span> <span class='ocrx_word' id='word_1_435' title='bbox 1694 2516 1802 2562; x_wconf 92' lang='lat' dir='ltr'><strong>eorum</strong></span> <span class='ocrx_word' id='word_1_436' title='bbox 1817 2500 1897 2562; x_wconf 90' lang='lat' dir='ltr'><strong>chri·</strong></span> <span class='ocrx_word' id='word_1_437' title='bbox 1934 2505 2130 2616; x_wconf 49' lang='lat' dir='ltr'><strong>vessffffffilssff</strong></span> 
     </span>
    </p>
   </div>
   <div class='ocr_carea' id='block_1_16' title="bbox 1948 2613 2020 2659">
    <p class='ocr_par' dir='ltr' id='par_1_16' title="bbox 1948 2613 2020 2659">
     <span class='ocr_line' id='line_1_85' title="bbox 1948 2613 2020 2659; baseline -0.014 0"><span class='ocrx_word' id='word_1_438' title='bbox 1948 2613 2020 2659; x_wconf 84' lang='lat' dir='ltr'><strong>netis.</strong></span> 
     </span>
    </p>
   </div>
   <div class='ocr_carea' id='block_1_17' title="bbox 1151 2571 1933 3400">
    <p class='ocr_par' dir='ltr' id='par_1_17' title="bbox 1151 2571 1933 3400">
     <span class='ocr_line' id='line_1_86' title="bbox 1151 2571 1933 2672; baseline 0.013 -22"><span class='ocrx_word' id='word_1_439' title='bbox 1151 2589 1346 2666; x_wconf 89' lang='lat' dir='ltr'><strong>stifrdelium,</strong></span> <span class='ocrx_word' id='word_1_440' title='bbox 1369 2591 1423 2670; x_wconf 93' lang='lat' dir='ltr'><strong>qui</strong></span> <span class='ocrx_word' id='word_1_441' title='bbox 1445 2593 1478 2653; x_wconf 95' lang='lat' dir='ltr'><strong>in</strong></span> <span class='ocrx_word' id='word_1_442' title='bbox 1500 2591 1644 2671; x_wconf 91' lang='lat' dir='ltr'><strong>praefatis</strong></span> <span class='ocrx_word' id='word_1_443' title='bbox 1666 2594 1828 2672; x_wconf 90' lang='lat' dir='ltr'><strong>utriusque</strong></span> <span class='ocrx_word' id='word_1_444' title='bbox 1850 2571 1933 2660; x_wconf 65' lang='lat' dir='ltr'><strong>inl</strong></span> 
     </span>
     <span class='ocr_line' id='line_1_87' title="bbox 1153 2685 1898 2764; baseline 0.007 -18"><span class='ocrx_word' id='word_1_445' title='bbox 1153 2685 1219 2746; x_wconf 91' lang='lat' dir='ltr'><strong>diae</strong></span> <span class='ocrx_word' id='word_1_446' title='bbox 1247 2685 1498 2762; x_wconf 89' lang='lat' dir='ltr'><strong>navigationibus</strong></span> <span class='ocrx_word' id='word_1_447' title='bbox 1526 2701 1581 2763; x_wconf 95' lang='lat' dir='ltr'><strong>pro</strong></span> <span class='ocrx_word' id='word_1_448' title='bbox 1603 2688 1730 2764; x_wconf 89' lang='lat' dir='ltr'><strong>negotio</strong></span> <span class='ocrx_word' id='word_1_449' title='bbox 1756 2688 1828 2750; x_wconf 84' lang='lat' dir='ltr'><strong>fidei</strong></span> <span class='ocrx_word' id='word_1_450' title='bbox 1850 2691 1898 2752; x_wconf 88' lang='lat' dir='ltr'><strong>in-</strong></span> 
     </span>
     <span class='ocr_line' id='line_1_88' title="bbox 1152 2778 1898 2844; baseline 0.008 -6"><span class='ocrx_word' id='word_1_451' title='bbox 1152 2778 1317 2840; x_wconf 90' lang='lat' dir='ltr'><strong>stituendis</strong></span> <span class='ocrx_word' id='word_1_452' title='bbox 1340 2779 1377 2838; x_wconf 93' lang='lat' dir='ltr'><strong>ab</strong></span> <span class='ocrx_word' id='word_1_453' title='bbox 1401 2778 1547 2840; x_wconf 88' lang='lat' dir='ltr'><strong>humanis</strong></span> <span class='ocrx_word' id='word_1_454' title='bbox 1569 2779 1602 2842; x_wconf 96' lang='lat' dir='ltr'><strong>in</strong></span> <span class='ocrx_word' id='word_1_455' title='bbox 1624 2780 1750 2842; x_wconf 89' lang='lat' dir='ltr'><strong>caritate</strong></span> <span class='ocrx_word' id='word_1_456' title='bbox 1777 2782 1898 2844; x_wconf 90' lang='lat' dir='ltr'><strong>Christo</strong></span> 
     </span>
     <span class='ocr_line' id='line_1_89' title="bbox 1153 2869 1897 2945; baseline 0.007 -13"><span class='ocrx_word' id='word_1_457' title='bbox 1153 2871 1310 2934; x_wconf 91' lang='lat' dir='ltr'><strong>coniuncti</strong></span> <span class='ocrx_word' id='word_1_458' title='bbox 1322 2871 1520 2945; x_wconf 91' lang='lat' dir='ltr'><strong>decesserint,</strong></span> <span class='ocrx_word' id='word_1_459' title='bbox 1534 2869 1664 2933; x_wconf 89' lang='lat' dir='ltr'><strong>confessi</strong></span> <span class='ocrx_word' id='word_1_460' title='bbox 1676 2889 1710 2934; x_wconf 93' lang='lat' dir='ltr'><strong>ac</strong></span> <span class='ocrx_word' id='word_1_461' title='bbox 1722 2890 1804 2935; x_wconf 92' lang='lat' dir='ltr'><strong>sacra</strong></span> <span class='ocrx_word' id='word_1_462' title='bbox 1816 2891 1897 2936; x_wconf 93' lang='lat' dir='ltr'><strong>com-</strong></span> 
     </span>
     <span class='ocr_line' id='line_1_90' title="bbox 1153 2963 1898 3043; baseline 0.003 -17"><span class='ocrx_word' id='word_1_463' title='bbox 1153 2966 1305 3027; x_wconf 88' lang='lat' dir='ltr'><strong>munione</strong></span> <span class='ocrx_word' id='word_1_464' title='bbox 1326 2963 1453 3038; x_wconf 88' lang='lat' dir='ltr'><strong>refecti,</strong></span> <span class='ocrx_word' id='word_1_465' title='bbox 1485 2964 1607 3028; x_wconf 88' lang='lat' dir='ltr'><strong>tertiam</strong></span> <span class='ocrx_word' id='word_1_466' title='bbox 1639 2972 1759 3043; x_wconf 92' lang='lat' dir='ltr'><strong>partem</strong></span> <span class='ocrx_word' id='word_1_467' title='bbox 1781 2967 1898 3030; x_wconf 82' lang='lat' dir='ltr'><strong>llosarii</strong></span> 
     </span>
     <span class='ocr_line' id='line_1_91' title="bbox 1153 3057 1898 3137; baseline 0.005 -19"><span class='ocrx_word' id='word_1_468' title='bbox 1153 3064 1206 3119; x_wconf 92' lang='lat' dir='ltr'><strong>aut</strong></span> <span class='ocrx_word' id='word_1_469' title='bbox 1228 3073 1322 3120; x_wconf 91' lang='lat' dir='ltr'><strong>unam</strong></span> <span class='ocrx_word' id='word_1_470' title='bbox 1336 3073 1482 3120; x_wconf 92' lang='lat' dir='ltr'><strong>coronam</strong></span> <span class='ocrx_word' id='word_1_471' title='bbox 1504 3057 1716 3133; x_wconf 90' lang='lat' dir='ltr'><strong>recitaverint,</strong></span> <span class='ocrx_word' id='word_1_472' title='bbox 1733 3061 1853 3137; x_wconf 86' lang='lat' dir='ltr'><strong>quoties</strong></span> <span class='ocrx_word' id='word_1_473' title='bbox 1869 3060 1898 3123; x_wconf 91' lang='lat' dir='ltr'><strong>id</strong></span> 
     </span>
     <span class='ocr_line' id='line_1_92' title="bbox 1153 3150 1899 3228; baseline 0.005 -18"><span class='ocrx_word' id='word_1_474' title='bbox 1153 3160 1258 3228; x_wconf 89' lang='lat' dir='ltr'><strong>agent,</strong></span> <span class='ocrx_word' id='word_1_475' title='bbox 1272 3151 1362 3214; x_wconf 89' lang='lat' dir='ltr'><strong>toties</strong></span> <span class='ocrx_word' id='word_1_476' title='bbox 1377 3167 1432 3228; x_wconf 91' lang='lat' dir='ltr'><strong>per</strong></span> <span class='ocrx_word' id='word_1_477' title='bbox 1445 3150 1572 3212; x_wconf 93' lang='lat' dir='ltr'><strong>modum</strong></span> <span class='ocrx_word' id='word_1_478' title='bbox 1591 3151 1729 3228; x_wconf 86' lang='lat' dir='ltr'><strong>suffragii</strong></span> <span class='ocrx_word' id='word_1_479' title='bbox 1750 3168 1845 3214; x_wconf 88' lang='lat' dir='ltr'><strong>unam</strong></span> <span class='ocrx_word' id='word_1_480' title='bbox 1860 3169 1899 3214; x_wconf 81' lang='lat' dir='ltr'><strong>ex</strong></span> 
     </span>
     <span class='ocr_line' id='line_1_93' title="bbox 1153 3243 1899 3322; baseline 0.005 -18"><span class='ocrx_word' id='word_1_481' title='bbox 1153 3243 1307 3306; x_wconf 90' lang='lat' dir='ltr'><strong>dictorum</strong></span> <span class='ocrx_word' id='word_1_482' title='bbox 1328 3243 1489 3306; x_wconf 90' lang='lat' dir='ltr'><strong>animabus</strong></span> <span class='ocrx_word' id='word_1_483' title='bbox 1503 3259 1519 3304; x_wconf 90' lang='lat' dir='ltr'><strong>a</strong></span> <span class='ocrx_word' id='word_1_484' title='bbox 1535 3245 1641 3322; x_wconf 91' lang='lat' dir='ltr'><strong>poenis</strong></span> <span class='ocrx_word' id='word_1_485' title='bbox 1664 3245 1839 3322; x_wconf 89' lang='lat' dir='ltr'><strong>Purgatorii</strong></span> <span class='ocrx_word' id='word_1_486' title='bbox 1864 3247 1899 3308; x_wconf 91' lang='lat' dir='ltr'><strong>li-</strong></span> 
     </span>
     <span class='ocr_line' id='line_1_94' title="bbox 1153 3337 1415 3400; baseline -0.008 -1"><span class='ocrx_word' id='word_1_487' title='bbox 1153 3337 1261 3400; x_wconf 93' lang='lat' dir='ltr'><strong>berare</strong></span> <span class='ocrx_word' id='word_1_488' title='bbox 1283 3337 1415 3399; x_wconf 90' lang='lat' dir='ltr'><strong>valeant.</strong></span> 
     </span>
    </p>
   </div>
   <div class='ocr_carea' id='block_1_18' title="bbox 1193 3430 2130 3556">
    <p class='ocr_par' dir='ltr' id='par_1_18' title="bbox 1193 3430 2130 3556">
     <span class='ocr_line' id='line_1_95' title="bbox 1193 3430 2130 3556; baseline 0.002 -65"><span class='ocrx_word' id='word_1_489' title='bbox 1193 3431 1212 3506; x_wconf 66' lang='grc' dir='ltr'><strong>ἓ</strong></span> <span class='ocrx_word' id='word_1_490' title='bbox 1232 3431 1261 3491; x_wconf 85' lang='grc'><strong>5.</strong></span> <span class='ocrx_word' id='word_1_491' title='bbox 1285 3431 1433 3508; x_wconf 90' lang='lat' dir='ltr'><strong>Quodque</strong></span> <span class='ocrx_word' id='word_1_492' title='bbox 1447 3430 1601 3492; x_wconf 91' lang='lat' dir='ltr'><strong>scholares</strong></span> <span class='ocrx_word' id='word_1_493' title='bbox 1616 3432 1780 3510; x_wconf 90' lang='lat' dir='ltr'><strong>utriusque</strong></span> <span class='ocrx_word' id='word_1_494' title='bbox 1795 3431 1900 3496; x_wconf 87' lang='lat' dir='ltr'><strong>indiae</strong></span> <span class='ocrx_word' id='word_1_495' title='bbox 1918 3437 2130 3556; x_wconf 51' lang='lat' dir='ltr'><strong>temffiteiffigp</strong></span> 
     </span>
    </p>
   </div>
   <div class='ocr_carea' id='block_1_19' title="bbox 1919 3546 2059 3592">
    <p class='ocr_par' dir='ltr' id='par_1_19' title="bbox 1919 3546 2059 3592">
     <span class='ocr_line' id='line_1_96' title="bbox 1919 3546 2059 3592; baseline 0 0"><span class='ocrx_word' id='word_1_496' title='bbox 1919 3546 1989 3592; x_wconf 84' lang='lat' dir='ltr'><strong>dicti.</strong></span> <span class='ocrx_word' id='word_1_497' title='bbox 2052 3560 2059 3567; x_wconf 76' lang='grc'><strong><em>’</em></strong></span> 
     </span>
    </p>
   </div>
   <div class='ocr_carea' id='block_1_20' title="bbox 1152 3523 1900 4528">
    <p class='ocr_par' dir='ltr' id='par_1_20' title="bbox 1152 3523 1900 4528">
     <span class='ocr_line' id='line_1_97' title="bbox 1154 3523 1899 3604; baseline 0.005 -20"><span class='ocrx_word' id='word_1_498' title='bbox 1154 3525 1343 3598; x_wconf 90' lang='lat' dir='ltr'><strong>huiusmodi,</strong></span> <span class='ocrx_word' id='word_1_499' title='bbox 1372 3523 1479 3602; x_wconf 89' lang='lat' dir='ltr'><strong>quiin</strong></span> <span class='ocrx_word' id='word_1_500' title='bbox 1504 3524 1615 3586; x_wconf 88' lang='lat' dir='ltr'><strong>scholis</strong></span> <span class='ocrx_word' id='word_1_501' title='bbox 1643 3525 1899 3604; x_wconf 85' lang='lat' dir='ltr'><strong>presbyterorum</strong></span> 
     </span>
     <span class='ocr_line' id='line_1_98' title="bbox 1153 3616 1899 3694; baseline 0.005 -16"><span class='ocrx_word' id='word_1_502' title='bbox 1153 3616 1251 3678; x_wconf 90' lang='lat' dir='ltr'><strong>dictae</strong></span> <span class='ocrx_word' id='word_1_503' title='bbox 1282 3617 1441 3678; x_wconf 88' lang='lat' dir='ltr'><strong>Societatis</strong></span> <span class='ocrx_word' id='word_1_504' title='bbox 1468 3617 1542 3678; x_wconf 90' lang='lat' dir='ltr'><strong>dant</strong></span> <span class='ocrx_word' id='word_1_505' title='bbox 1573 3632 1699 3694; x_wconf 90' lang='lat' dir='ltr'><strong>operam</strong></span> <span class='ocrx_word' id='word_1_506' title='bbox 1726 3618 1843 3694; x_wconf 91' lang='lat' dir='ltr'><strong>literis,</strong></span> <span class='ocrx_word' id='word_1_507' title='bbox 1866 3620 1899 3682; x_wconf 94' lang='lat' dir='ltr'><strong>in</strong></span> 
     </span>
     <span class='ocr_line' id='line_1_99' title="bbox 1153 3708 1900 3788; baseline 0.003 -18"><span class='ocrx_word' id='word_1_508' title='bbox 1153 3709 1409 3788; x_wconf 81' lang='lat' dir='ltr'><strong>presbyterorum</strong></span> <span class='ocrx_word' id='word_1_509' title='bbox 1431 3708 1614 3770; x_wconf 89' lang='lat' dir='ltr'><strong>eorumdem</strong></span> <span class='ocrx_word' id='word_1_510' title='bbox 1636 3710 1773 3776; x_wconf 87' lang='lat' dir='ltr'><strong>ecclesiis</strong></span> <span class='ocrx_word' id='word_1_511' title='bbox 1794 3714 1900 3774; x_wconf 86' lang='lat' dir='ltr'><strong>missas</strong></span> 
     </span>
     <span class='ocr_line' id='line_1_100' title="bbox 1154 3802 1899 3881; baseline 0.005 -19"><span class='ocrx_word' id='word_1_512' title='bbox 1154 3802 1203 3864; x_wconf 93' lang='lat' dir='ltr'><strong>vel</strong></span> <span class='ocrx_word' id='word_1_513' title='bbox 1225 3803 1282 3863; x_wconf 91' lang='lat' dir='ltr'><strong>alia</strong></span> <span class='ocrx_word' id='word_1_514' title='bbox 1304 3803 1407 3864; x_wconf 91' lang='lat' dir='ltr'><strong>divina</strong></span> <span class='ocrx_word' id='word_1_515' title='bbox 1423 3803 1521 3864; x_wconf 89' lang='lat' dir='ltr'><strong>officia</strong></span> <span class='ocrx_word' id='word_1_516' title='bbox 1536 3809 1677 3881; x_wconf 92' lang='lat' dir='ltr'><strong>tempore</strong></span> <span class='ocrx_word' id='word_1_517' title='bbox 1694 3803 1853 3868; x_wconf 91' lang='lat' dir='ltr'><strong>interdicti</strong></span> <span class='ocrx_word' id='word_1_518' title='bbox 1868 3811 1899 3867; x_wconf 90' lang='lat' dir='ltr'><strong>et</strong></span> 
     </span>
     <span class='ocr_line' id='line_1_101' title="bbox 1153 3895 1899 3974; baseline 0.001 -17"><span class='ocrx_word' id='word_1_519' title='bbox 1153 3895 1331 3958; x_wconf 90' lang='lat' dir='ltr'><strong>cessationis</strong></span> <span class='ocrx_word' id='word_1_520' title='bbox 1353 3913 1368 3956; x_wconf 94' lang='lat' dir='ltr'><strong>a</strong></span> <span class='ocrx_word' id='word_1_521' title='bbox 1390 3895 1514 3971; x_wconf 71' lang='lat' dir='ltr'><strong>divinis</strong></span> <span class='ocrx_word' id='word_1_522' title='bbox 1533 3895 1651 3974; x_wconf 91' lang='lat' dir='ltr'><strong>ipsique</strong></span> <span class='ocrx_word' id='word_1_523' title='bbox 1664 3897 1834 3974; x_wconf 80' lang='lat' dir='ltr'><strong>presbyteri</strong></span> <span class='ocrx_word' id='word_1_524' title='bbox 1850 3897 1899 3958; x_wconf 92' lang='lat' dir='ltr'><strong>iis·</strong></span> 
     </span>
     <span class='ocr_line' id='line_1_102' title="bbox 1154 3987 1900 4066; baseline 0.003 -16"><span class='ocrx_word' id='word_1_525' title='bbox 1154 3989 1223 4050; x_wconf 89' lang='lat' dir='ltr'><strong>dem</strong></span> <span class='ocrx_word' id='word_1_526' title='bbox 1237 3987 1427 4050; x_wconf 88' lang='lat' dir='ltr'><strong>scholaribus</strong></span> <span class='ocrx_word' id='word_1_527' title='bbox 1439 3988 1664 4066; x_wconf 89' lang='lat' dir='ltr'><strong>praesentibus,</strong></span> <span class='ocrx_word' id='word_1_528' title='bbox 1679 3989 1779 4051; x_wconf 92' lang='lat' dir='ltr'><strong>ianuis</strong></span> <span class='ocrx_word' id='word_1_529' title='bbox 1790 3989 1900 4052; x_wconf 90' lang='lat' dir='ltr'><strong>clausis</strong></span> 
     </span>
     <span class='ocr_line' id='line_1_103' title="bbox 1154 4081 1899 4162; baseline 0.001 -18"><span class='ocrx_word' id='word_1_530' title='bbox 1154 4089 1186 4144; x_wconf 92' lang='lat' dir='ltr'><strong>et</strong></span> <span class='ocrx_word' id='word_1_531' title='bbox 1206 4099 1270 4144; x_wconf 91' lang='lat' dir='ltr'><strong>non</strong></span> <span class='ocrx_word' id='word_1_532' title='bbox 1286 4081 1414 4160; x_wconf 88' lang='lat' dir='ltr'><strong>pulsatis</strong></span> <span class='ocrx_word' id='word_1_533' title='bbox 1429 4082 1596 4160; x_wconf 91' lang='lat' dir='ltr'><strong>campanis,</strong></span> <span class='ocrx_word' id='word_1_534' title='bbox 1613 4089 1644 4144; x_wconf 91' lang='lat' dir='ltr'><strong>et</strong></span> <span class='ocrx_word' id='word_1_535' title='bbox 1659 4083 1827 4144; x_wconf 91' lang='lat' dir='ltr'><strong>dummodo</strong></span> <span class='ocrx_word' id='word_1_536' title='bbox 1842 4083 1899 4162; x_wconf 89' lang='lat' dir='ltr'><strong>ipsi</strong></span> 
     </span>
     <span class='ocr_line' id='line_1_104' title="bbox 1152 4173 1897 4249; baseline -0.003 -11"><span class='ocrx_word' id='word_1_537' title='bbox 1152 4190 1274 4238; x_wconf 87' lang='lat' dir='ltr'><strong>causam</strong></span> <span class='ocrx_word' id='word_1_538' title='bbox 1290 4173 1464 4236; x_wconf 89' lang='lat' dir='ltr'><strong>huiusmodi</strong></span> <span class='ocrx_word' id='word_1_539' title='bbox 1481 4173 1647 4236; x_wconf 93' lang='lat' dir='ltr'><strong>interdicto</strong></span> <span class='ocrx_word' id='word_1_540' title='bbox 1662 4189 1726 4236; x_wconf 91' lang='lat' dir='ltr'><strong>non</strong></span> <span class='ocrx_word' id='word_1_541' title='bbox 1743 4175 1897 4249; x_wconf 90' lang='lat' dir='ltr'><strong>dederint,</strong></span> 
     </span>
     <span class='ocr_line' id='line_1_105' title="bbox 1153 4265 1898 4343; baseline 0.003 -15"><span class='ocrx_word' id='word_1_542' title='bbox 1153 4285 1187 4330; x_wconf 91' lang='lat' dir='ltr'><strong>ac</strong></span> <span class='ocrx_word' id='word_1_543' title='bbox 1208 4265 1378 4328; x_wconf 90' lang='lat' dir='ltr'><strong>interdictis</strong></span> <span class='ocrx_word' id='word_1_544' title='bbox 1400 4271 1432 4326; x_wconf 91' lang='lat' dir='ltr'><strong>et</strong></span> <span class='ocrx_word' id='word_1_545' title='bbox 1454 4267 1729 4328; x_wconf 82' lang='lat' dir='ltr'><strong>excommunicatis</strong></span> <span class='ocrx_word' id='word_1_546' title='bbox 1754 4267 1898 4343; x_wconf 71' lang='lat' dir='ltr'><strong>exclusis</strong></span> 
     </span>
     <span class='ocr_line' id='line_1_106' title="bbox 1152 4357 1899 4438; baseline 0.001 -17"><span class='ocrx_word' id='word_1_547' title='bbox 1152 4360 1258 4421; x_wconf 90' lang='lat' dir='ltr'><strong>audire</strong></span> <span class='ocrx_word' id='word_1_548' title='bbox 1274 4367 1304 4420; x_wconf 94' lang='lat' dir='ltr'><strong>et</strong></span> <span class='ocrx_word' id='word_1_549' title='bbox 1318 4357 1474 4420; x_wconf 90' lang='lat' dir='ltr'><strong>celebrare</strong></span> <span class='ocrx_word' id='word_1_550' title='bbox 1495 4360 1666 4437; x_wconf 87' lang='lat' dir='ltr'><strong>respective</strong></span> <span class='ocrx_word' id='word_1_551' title='bbox 1683 4360 1811 4438; x_wconf 90' lang='lat' dir='ltr'><strong>possint,</strong></span> <span class='ocrx_word' id='word_1_552' title='bbox 1827 4375 1899 4424; x_wconf 92' lang='lat' dir='ltr'><strong>con-</strong></span> 
     </span>
     <span class='ocr_line' id='line_1_107' title="bbox 1153 4443 1684 4528; baseline -0.002 -12"><span class='ocrx_word' id='word_1_553' title='bbox 1153 4453 1303 4527; x_wconf 87' lang='lat' dir='ltr'><strong>cedimus,</strong></span> <span class='ocrx_word' id='word_1_554' title='bbox 1326 4459 1358 4514; x_wconf 92' lang='lat' dir='ltr'><strong>et</strong></span> <span class='ocrx_word' id='word_1_555' title='bbox 1379 4451 1589 4528; x_wconf 88' lang='lat' dir='ltr'><strong>indulgemus.</strong></span> <span class='ocrx_word' id='word_1_556' title='bbox 1683 4443 1684 4447; x_wconf 63' lang='grc'>’</span> 
     </span>
    </p>
   </div>
   <div class='ocr_carea' id='block_1_21' title="bbox 1193 4535 2130 4716">
    <p class='ocr_par' dir='ltr' id='par_1_21' title="bbox 1193 4535 2130 4716">
     <span class='ocr_line' id='line_1_108' title="bbox 1193 4535 2130 4672; baseline 0 -65"><span class='ocrx_word' id='word_1_557' title='bbox 1193 4549 1211 4621; x_wconf 69' lang='grc' dir='ltr'><strong>ἓ</strong></span> <span class='ocrx_word' id='word_1_558' title='bbox 1232 4547 1261 4608; x_wconf 83' lang='lat' dir='ltr'><strong>b.</strong></span> <span class='ocrx_word' id='word_1_559' title='bbox 1285 4545 1415 4624; x_wconf 91' lang='lat' dir='ltr'><strong>insuper</strong></span> <span class='ocrx_word' id='word_1_560' title='bbox 1436 4545 1579 4623; x_wconf 90' lang='lat' dir='ltr'><strong>praefatis</strong></span> <span class='ocrx_word' id='word_1_561' title='bbox 1600 4547 1761 4622; x_wconf 90' lang='lat' dir='ltr'><strong>omnibus,</strong></span> <span class='ocrx_word' id='word_1_562' title='bbox 1785 4555 1816 4610; x_wconf 87' lang='lat' dir='ltr'><strong>et</strong></span> <span class='ocrx_word' id='word_1_563' title='bbox 1836 4548 1898 4610; x_wconf 90' lang='lat' dir='ltr'><strong>sin·</strong></span> <span class='ocrx_word' id='word_1_564' title='bbox 1940 4535 2130 4672; x_wconf 53' lang='lat' dir='ltr'><strong>,fflffi‘t‘ss</strong></span> 
     </span>
     <span class='ocr_line' id='line_1_109' title="bbox 1935 4669 2074 4716; baseline 0 -2"><span class='ocrx_word' id='word_1_565' title='bbox 1935 4669 2017 4715; x_wconf 89' lang='lat' dir='ltr'><strong>ferum</strong></span> <span class='ocrx_word' id='word_1_566' title='bbox 2028 4673 2074 4716; x_wconf 89' lang='lat' dir='ltr'><strong>etc.</strong></span> 
     </span>
    </p>
   </div>
   <div class='ocr_carea' id='block_1_22' title="bbox 1151 4625 1933 5834">
    <p class='ocr_par' dir='ltr' id='par_1_22' title="bbox 1151 4625 1933 5834">
     <span class='ocr_line' id='line_1_110' title="bbox 1153 4625 1933 4718; baseline 0 -16"><span class='ocrx_word' id='word_1_567' title='bbox 1153 4641 1234 4718; x_wconf 90' lang='lat' dir='ltr'><strong>gulis</strong></span> <span class='ocrx_word' id='word_1_568' title='bbox 1266 4639 1430 4716; x_wconf 90' lang='lat' dir='ltr'><strong>utriusque</strong></span> <span class='ocrx_word' id='word_1_569' title='bbox 1457 4655 1551 4700; x_wconf 86' lang='lat' dir='ltr'><strong>sexus</strong></span> <span class='ocrx_word' id='word_1_570' title='bbox 1582 4640 1834 4703; x_wconf 88' lang='lat' dir='ltr'><strong>christifidelibus</strong></span> <span class='ocrx_word' id='word_1_571' title='bbox 1866 4625 1933 4715; x_wconf 65' lang='lat' dir='ltr'><strong>infl</strong></span> 
     </span>
     <span class='ocr_line' id='line_1_111' title="bbox 1153 4731 1897 4810; baseline -0.003 -14"><span class='ocrx_word' id='word_1_572' title='bbox 1153 4735 1249 4796; x_wconf 91' lang='lat' dir='ltr'><strong>indiis</strong></span> <span class='ocrx_word' id='word_1_573' title='bbox 1270 4741 1300 4794; x_wconf 92' lang='lat' dir='ltr'><strong>et</strong></span> <span class='ocrx_word' id='word_1_574' title='bbox 1322 4731 1504 4808; x_wconf 90' lang='lat' dir='ltr'><strong>regionibus</strong></span> <span class='ocrx_word' id='word_1_575' title='bbox 1526 4732 1666 4810; x_wconf 90' lang='lat' dir='ltr'><strong>praefatis</strong></span> <span class='ocrx_word' id='word_1_576' title='bbox 1681 4733 1897 4808; x_wconf 83' lang='lat' dir='ltr'><strong>existentibus,</strong></span> 
     </span>
     <span class='ocr_line' id='line_1_112' title="bbox 1152 4823 1898 4906; baseline -0.003 -16"><span class='ocrx_word' id='word_1_577' title='bbox 1152 4828 1205 4906; x_wconf 91' lang='lat' dir='ltr'><strong>qul</strong></span> <span class='ocrx_word' id='word_1_578' title='bbox 1221 4826 1348 4890; x_wconf 89' lang='lat' dir='ltr'><strong>contriti</strong></span> <span class='ocrx_word' id='word_1_579' title='bbox 1362 4833 1394 4886; x_wconf 90' lang='lat' dir='ltr'><strong>et</strong></span> <span class='ocrx_word' id='word_1_580' title='bbox 1409 4823 1538 4886; x_wconf 88' lang='lat' dir='ltr'><strong>confessi</strong></span> <span class='ocrx_word' id='word_1_581' title='bbox 1553 4825 1725 4904; x_wconf 91' lang='lat' dir='ltr'><strong>quamlibet</strong></span> <span class='ocrx_word' id='word_1_582' title='bbox 1739 4827 1898 4888; x_wconf 89' lang='lat' dir='ltr'><strong>ecclesiam</strong></span> 
     </span>
     <span class='ocr_line' id='line_1_113' title="bbox 1152 4915 1898 4998; baseline -0.001 -15"><span class='ocrx_word' id='word_1_583' title='bbox 1152 4930 1182 4984; x_wconf 91' lang='lat' dir='ltr'><strong>et</strong></span> <span class='ocrx_word' id='word_1_584' title='bbox 1203 4919 1372 4998; x_wconf 89' lang='lat' dir='ltr'><strong>cappellam</strong></span> <span class='ocrx_word' id='word_1_585' title='bbox 1393 4919 1426 4978; x_wconf 96' lang='lat' dir='ltr'><strong>in</strong></span> <span class='ocrx_word' id='word_1_586' title='bbox 1447 4915 1564 4979; x_wconf 90' lang='lat' dir='ltr'><strong>eisdem</strong></span> <span class='ocrx_word' id='word_1_587' title='bbox 1586 4919 1722 4996; x_wconf 93' lang='lat' dir='ltr'><strong>partibus</strong></span> <span class='ocrx_word' id='word_1_588' title='bbox 1744 4919 1898 4982; x_wconf 91' lang='lat' dir='ltr'><strong>dictorum</strong></span> 
     </span>
     <span class='ocr_line' id='line_1_114' title="bbox 1152 5009 1898 5090; baseline 0.003 -18"><span class='ocrx_word' id='word_1_589' title='bbox 1152 5011 1406 5088; x_wconf 71' lang='lat' dir='ltr'><strong>presbyterorum</strong></span> <span class='ocrx_word' id='word_1_590' title='bbox 1422 5009 1581 5072; x_wconf 81' lang='lat' dir='ltr'><strong>sacietatis</strong></span> <span class='ocrx_word' id='word_1_591' title='bbox 1603 5011 1672 5072; x_wconf 90' lang='lat' dir='ltr'><strong>lesu</strong></span> <span class='ocrx_word' id='word_1_592' title='bbox 1694 5029 1766 5074; x_wconf 89' lang='lat' dir='ltr'><strong>cura</strong></span> <span class='ocrx_word' id='word_1_593' title='bbox 1781 5021 1813 5073; x_wconf 90' lang='lat' dir='ltr'><strong>et</strong></span> <span class='ocrx_word' id='word_1_594' title='bbox 1826 5028 1898 5090; x_wconf 91' lang='lat' dir='ltr'><strong>ope-</strong></span> 
     </span>
     <span class='ocr_line' id='line_1_115' title="bbox 1152 5103 1898 5180; baseline 0.003 -16"><span class='ocrx_word' id='word_1_595' title='bbox 1152 5121 1197 5178; x_wconf 92' lang='lat' dir='ltr'><strong>ra,</strong></span> <span class='ocrx_word' id='word_1_596' title='bbox 1221 5113 1379 5180; x_wconf 89' lang='lat' dir='ltr'><strong>utsupra,</strong></span> <span class='ocrx_word' id='word_1_597' title='bbox 1402 5111 1536 5164; x_wconf 90' lang='lat' dir='ltr'><strong>erectam</strong></span> <span class='ocrx_word' id='word_1_598' title='bbox 1552 5111 1604 5164; x_wconf 91' lang='lat' dir='ltr'><strong>aut</strong></span> <span class='ocrx_word' id='word_1_599' title='bbox 1626 5103 1657 5163; x_wconf 95' lang='lat' dir='ltr'><strong>in</strong></span> <span class='ocrx_word' id='word_1_600' title='bbox 1680 5104 1824 5166; x_wconf 91' lang='lat' dir='ltr'><strong>futurum</strong></span> <span class='ocrx_word' id='word_1_601' title='bbox 1840 5105 1898 5166; x_wconf 91' lang='lat' dir='ltr'><strong>eri-</strong></span> 
     </span>
     <span class='ocr_line' id='line_1_116' title="bbox 1152 5197 1899 5275; baseline 0 -17"><span class='ocrx_word' id='word_1_602' title='bbox 1152 5198 1297 5274; x_wconf 90' lang='lat' dir='ltr'><strong>gendam,</strong></span> <span class='ocrx_word' id='word_1_603' title='bbox 1325 5198 1436 5258; x_wconf 89' lang='lat' dir='ltr'><strong>devote</strong></span> <span class='ocrx_word' id='word_1_604' title='bbox 1462 5197 1670 5271; x_wconf 89' lang='lat' dir='ltr'><strong>visitaverint,</strong></span> <span class='ocrx_word' id='word_1_605' title='bbox 1692 5205 1724 5259; x_wconf 92' lang='lat' dir='ltr'><strong>et</strong></span> <span class='ocrx_word' id='word_1_606' title='bbox 1746 5205 1781 5259; x_wconf 93' lang='lat' dir='ltr'><strong>ut</strong></span> <span class='ocrx_word' id='word_1_607' title='bbox 1806 5215 1899 5275; x_wconf 89' lang='lat' dir='ltr'><strong>supra</strong></span> 
     </span>
     <span class='ocr_line' id='line_1_117' title="bbox 1152 5288 1898 5368; baseline 0 -16"><span class='ocrx_word' id='word_1_608' title='bbox 1152 5293 1321 5364; x_wconf 89' lang='lat' dir='ltr'><strong>oraverint,</strong></span> <span class='ocrx_word' id='word_1_609' title='bbox 1344 5288 1546 5367; x_wconf 90' lang='lat' dir='ltr'><strong>quadraginta</strong></span> <span class='ocrx_word' id='word_1_610' title='bbox 1567 5288 1644 5363; x_wconf 88' lang='lat' dir='ltr'><strong>dies,</strong></span> <span class='ocrx_word' id='word_1_611' title='bbox 1661 5299 1691 5350; x_wconf 92' lang='lat' dir='ltr'><strong>et</strong></span> <span class='ocrx_word' id='word_1_612' title='bbox 1705 5290 1802 5352; x_wconf 88' lang='lat' dir='ltr'><strong>semel</strong></span> <span class='ocrx_word' id='word_1_613' title='bbox 1822 5307 1898 5368; x_wconf 95' lang='lat' dir='ltr'><strong>quo-</strong></span> 
     </span>
     <span class='ocr_line' id='line_1_118' title="bbox 1153 5383 1897 5460; baseline 0 -14"><span class='ocrx_word' id='word_1_614' title='bbox 1153 5385 1227 5446; x_wconf 89' lang='lat' dir='ltr'><strong>libet</strong></span> <span class='ocrx_word' id='word_1_615' title='bbox 1260 5399 1353 5456; x_wconf 89' lang='lat' dir='ltr'><strong>anno,</strong></span> <span class='ocrx_word' id='word_1_616' title='bbox 1386 5383 1489 5460; x_wconf 90' lang='lat' dir='ltr'><strong>aliquo</strong></span> <span class='ocrx_word' id='word_1_617' title='bbox 1511 5383 1560 5444; x_wconf 90' lang='lat' dir='ltr'><strong>die</strong></span> <span class='ocrx_word' id='word_1_618' title='bbox 1589 5383 1666 5444; x_wconf 89' lang='lat' dir='ltr'><strong>festo</strong></span> <span class='ocrx_word' id='word_1_619' title='bbox 1697 5384 1732 5444; x_wconf 92' lang='lat' dir='ltr'><strong>b.</strong></span> <span class='ocrx_word' id='word_1_620' title='bbox 1757 5383 1795 5446; x_wconf 92' lang='lat' dir='ltr'><strong>N.</strong></span> <span class='ocrx_word' id='word_1_621' title='bbox 1829 5385 1897 5446; x_wconf 91' lang='lat' dir='ltr'><strong>lesu</strong></span> 
     </span>
     <span class='ocr_line' id='line_1_119' title="bbox 1153 5473 1896 5552; baseline -0.003 -12"><span class='ocrx_word' id='word_1_622' title='bbox 1153 5476 1278 5550; x_wconf 88' lang='lat' dir='ltr'><strong>Christi,</strong></span> <span class='ocrx_word' id='word_1_623' title='bbox 1292 5477 1325 5536; x_wconf 88' lang='lat' dir='ltr'><strong>B.</strong></span> <span class='ocrx_word' id='word_1_624' title='bbox 1344 5473 1482 5552; x_wconf 92' lang='lat' dir='ltr'><strong>Virginis</strong></span> <span class='ocrx_word' id='word_1_625' title='bbox 1498 5476 1620 5551; x_wconf 78' lang='lat' dir='ltr'><strong>itariae,</strong></span> <span class='ocrx_word' id='word_1_626' title='bbox 1632 5485 1685 5538; x_wconf 89' lang='lat' dir='ltr'><strong>aut</strong></span> <span class='ocrx_word' id='word_1_627' title='bbox 1701 5477 1896 5552; x_wconf 90' lang='lat' dir='ltr'><strong>Sanctorum,</strong></span> 
     </span>
     <span class='ocr_line' id='line_1_120' title="bbox 1151 5569 1897 5648; baseline -0.001 -16"><span class='ocrx_word' id='word_1_628' title='bbox 1151 5585 1245 5648; x_wconf 93' lang='lat' dir='ltr'><strong>quem</strong></span> <span class='ocrx_word' id='word_1_629' title='bbox 1267 5569 1468 5648; x_wconf 91' lang='lat' dir='ltr'><strong>provincialis</strong></span> <span class='ocrx_word' id='word_1_630' title='bbox 1489 5569 1587 5631; x_wconf 88' lang='lat' dir='ltr'><strong>dictae</strong></span> <span class='ocrx_word' id='word_1_631' title='bbox 1609 5569 1769 5632; x_wconf 90' lang='lat' dir='ltr'><strong>Societatis</strong></span> <span class='ocrx_word' id='word_1_632' title='bbox 1785 5572 1897 5632; x_wconf 89' lang='lat' dir='ltr'><strong>consti-</strong></span> 
     </span>
     <span class='ocr_line' id='line_1_121' title="bbox 1153 5662 1898 5742; baseline 0.003 -19"><span class='ocrx_word' id='word_1_633' title='bbox 1153 5665 1260 5738; x_wconf 91' lang='lat' dir='ltr'><strong>tuerit,</strong></span> <span class='ocrx_word' id='word_1_634' title='bbox 1290 5671 1410 5740; x_wconf 88' lang='lat' dir='ltr'><strong>septem</strong></span> <span class='ocrx_word' id='word_1_635' title='bbox 1439 5678 1536 5724; x_wconf 89' lang='lat' dir='ltr'><strong>annos</strong></span> <span class='ocrx_word' id='word_1_636' title='bbox 1557 5670 1589 5724; x_wconf 91' lang='lat' dir='ltr'><strong>et</strong></span> <span class='ocrx_word' id='word_1_637' title='bbox 1617 5662 1747 5725; x_wconf 92' lang='lat' dir='ltr'><strong>totidem</strong></span> <span class='ocrx_word' id='word_1_638' title='bbox 1768 5679 1898 5742; x_wconf 89' lang='lat' dir='ltr'><strong>quagra-</strong></span> 
     </span>
     <span class='ocr_line' id='line_1_122' title="bbox 1153 5772 1257 5834; baseline -0.038 -16"><span class='ocrx_word' id='word_1_639' title='bbox 1153 5772 1257 5834; x_wconf 89' lang='lat' dir='ltr'><strong>genas.</strong></span> 
     </span>
    </p>
   </div>
   <div class='ocr_carea' id='block_1_23' title="bbox 1152 5849 2167 6024">
    <p class='ocr_par' dir='ltr' id='par_1_23' title="bbox 1152 5849 2167 6024">
     <span class='ocr_line' id='line_1_123' title="bbox 1192 5849 2129 5931; baseline 0.006 -21"><span class='ocrx_word' id='word_1_640' title='bbox 1192 5851 1210 5924; x_wconf 66' lang='grc' dir='ltr'><strong>ἓ</strong></span> <span class='ocrx_word' id='word_1_641' title='bbox 1233 5850 1259 5910; x_wconf 88' lang='grc'><strong>7.</strong></span> <span class='ocrx_word' id='word_1_642' title='bbox 1285 5849 1425 5926; x_wconf 88' lang='lat' dir='ltr'><strong>Eisdem,</strong></span> <span class='ocrx_word' id='word_1_643' title='bbox 1449 5849 1501 5930; x_wconf 91' lang='lat' dir='ltr'><strong>qui</strong></span> <span class='ocrx_word' id='word_1_644' title='bbox 1533 5851 1666 5929; x_wconf 89' lang='lat' dir='ltr'><strong>aliquam</strong></span> <span class='ocrx_word' id='word_1_645' title='bbox 1689 5868 1727 5914; x_wconf 86' lang='lat' dir='ltr'><strong>ex</strong></span> <span class='ocrx_word' id='word_1_646' title='bbox 1755 5852 1897 5931; x_wconf 91' lang='lat' dir='ltr'><strong>praefatis</strong></span> <span class='ocrx_word' id='word_1_647' title='bbox 1931 5913 1934 5918; x_wconf 88' lang='grc'><strong>,</strong></span> <span class='ocrx_word' id='word_1_648' title='bbox 1963 5858 2062 5915; x_wconf 73' lang='lat' dir='ltr'><strong>rnrurg.</strong></span> <span class='ocrx_word' id='word_1_649' title='bbox 2081 5861 2129 5922; x_wconf 70' lang='lat' dir='ltr'><strong>sca-</strong></span> 
     </span>
     <span class='ocr_line' id='line_1_124' title="bbox 1152 5912 2167 6024; baseline 0.004 -18"><span class='ocrx_word' id='word_1_650' title='bbox 1152 5943 1286 6006; x_wconf 89' lang='lat' dir='ltr'><strong>ecclesiis</strong></span> <span class='ocrx_word' id='word_1_651' title='bbox 1301 5945 1455 6006; x_wconf 90' lang='lat' dir='ltr'><strong>dictorum</strong></span> <span class='ocrx_word' id='word_1_652' title='bbox 1470 5943 1724 6024; x_wconf 77' lang='lat' dir='ltr'><strong>presbyterorum</strong></span> <span class='ocrx_word' id='word_1_653' title='bbox 1740 5945 1898 6008; x_wconf 86' lang='lat' dir='ltr'><strong>Societatis</strong></span> <span class='ocrx_word' id='word_1_654' title='bbox 1917 5912 2129 6021; x_wconf 48' lang='lat' dir='ltr'><strong>lssonffiffinrfflss¹⁸</strong></span> <span class='ocrx_word' id='word_1_655' title='bbox 2165 5979 2167 5984; x_wconf 96' lang='lat'>·</span> 
     </span>
    </p>
   </div>
   <div class='ocr_carea' id='block_1_24' title="bbox 0 0 2444 6980">
    <p class='ocr_par' dir='ltr' id='par_1_24' title="bbox 0 0 2444 6980">
     <span class='ocr_line' id='line_1_125' title="bbox 0 0 2444 6980; baseline 0 0"><span class='ocrx_word' id='word_1_656' title='bbox 0 0 2444 6980; x_wconf 95' lang='lat' dir='ltr'><strong> </strong></span> 
     </span>
    </p>
   </div>
   <div class='ocr_carea' id='block_1_25' title="bbox 1823 591 2121 658">
    <p class='ocr_par' dir='ltr' id='par_1_25' title="bbox 1823 591 2121 658">
     <span class='ocr_line' id='line_1_126' title="bbox 1823 591 2121 658; baseline -0.034 0"><span class='ocrx_word' id='word_1_657' title='bbox 1823 591 1883 658; x_wconf 71' lang='lat'><strong>259</strong></span> <span class='ocrx_word' id='word_1_658' title='bbox 1932 591 1985 647; x_wconf 81' lang='lat' dir='ltr'><strong>An.</strong></span> <span class='ocrx_word' id='word_1_659' title='bbox 2000 595 2030 648; x_wconf 88' lang='lat' dir='ltr'><strong>c.</strong></span> <span class='ocrx_word' id='word_1_660' title='bbox 2052 595 2121 649; x_wconf 79' lang='lat' dir='ltr'><strong>mos</strong></span> 
     </span>
    </p>
   </div>
  </div>
 </body>
</html>
