4866 6980
309 569 362 622 An.
376 571 406 622 O.
429 570 496 622 1679
549 571 589 632 38

527 706 676 769 nitcrium
692 707 847 783 privatum
863 709 930 781 post
941 703 1215 779 congregationem
1228 700 1275 761 in-

528 800 709 864 termediam
725 798 842 878 priores
856 797 1083 875 officioprivet,
1099 812 1179 858 nova
1195 794 1273 855 elec-

528 894 570 956 tio
591 894 642 955 rel
664 892 799 971 provisio
820 891 925 953 vicarii
954 891 1076 970 prioris,
1100 905 1178 967 quae
1201 896 1273 950 tunc

528 985 595 1046 lieri
609 985 711 1059 debet,
724 986 759 1046 ad
776 984 967 1062 praedictum
983 981 1198 1046 definitorium
1214 979 1275 1057 pri·

527 1085 632 1140 vatum
654 1078 823 1156 per·tineat;
846 1076 1024 1140 huiusmodi
1040 1074 1275 1153 dispositionem

528 1170 619 1232 ctiam
641 1171 678 1232 de
699 1169 904 1231 declaratione
930 1166 1124 1246 privationis,
1152 1179 1274 1226 necnon

528 1263 560 1324 in
582 1280 652 1324 casn
673 1281 735 1341 quo
756 1263 834 1324 alius
855 1264 1044 1341 quicumque
1066 1259 1204 1321 officialis
1223 1273 1275 1319 vo·

528 1373 596 1418 cem
627 1357 757 1420 activam
790 1358 904 1419 babens
935 1355 1034 1418 cilicio
1062 1353 1204 1434 privetur
1226 1350 1275 1412 vel

529 1451 666 1528 privatus
687 1451 872 1524 declaretur,
896 1449 1130 1525 intelligendam
1146 1462 1211 1508 esse
1225 1445 1276 1506 de·

528 1544 696 1606 eieramus:
728 1545 852 1606 irritum
874 1561 908 1605 ac
928 1544 1022 1606 inane
1053 1543 1118 1620 ipsc
1146 1541 1224 1601 lacto
1246 1545 1277 1599 et

529 1637 643 1716 absque
673 1637 730 1698 alid
760 1637 967 1700 declaratione
999 1637 1219 1706 decernentes,
1251 1632 1276 1692 si

529 1746 616 1794 secus
636 1747 729 1809 super
750 1730 797 1792 bis
822 1731 933 1810 quovis
955 1729 1044 1791 modo
1072 1727 1140 1790 lieri
1162 1726 1212 1787 vel
1233 1731 1276 1786 at-

532 1826 644 1886 tentari
664 1816 840 1902 contigerit.
1147 1899 1150 1904 Δ

572 1934 673 1980 xxxvr.
698 1919 738 1981 Ut
759 1927 863 1982 autem
884 1918 1055 1997 praesentia
1080 1921 1153 1978 llaec
1174 1921 1276 1976 nostra

531 2014 664 2086 decreta,
686 2020 810 2087 statuta,
833 2012 1042 2074 ordinationes
1057 2017 1087 2071 et
1102 2009 1277 2073 declaratio-

532 2122 599 2181 nes,
621 2122 700 2183 quae
721 2122 792 2169 cum
808 2106 895 2184 plena
909 2105 1088 2182 cognitione
1102 2119 1208 2166 causae
1223 2117 1278 2179 pro

531 2199 806 2262 reformationem
828 2200 907 2262 bono
935 2198 1088 2275 regimine
1116 2197 1203 2258 istius
1225 2211 1280 2256 no-

531 2302 612 2355 strae
634 2294 809 2370 provinciae
837 2292 992 2367 Quitcnsis
1013 2308 1028 2351 a
1051 2291 1138 2352 nobis
1160 2289 1279 2350 matura

533 2385 778 2447 consideratione
810 2385 889 2446 edita
917 2382 1015 2457 luere,
1039 2383 1159 2444 drmius
1180 2379 1279 2442 consi-

532 2483 626 2550 stant,
648 2477 757 2538 stricte
778 2477 981 2556 praecipimus
1008 2475 1179 2537 reverendo
1200 2471 1280 2550 patri

493 2587 498 2598 ·
532 2568 715 2646 provinciali
736 2587 790 2633 seu
813 2571 925 2632 rectori
957 2568 1149 2648 provinciae,
1179 2565 1281 2628 onmi-

533 2663 652 2740 busque
672 2669 703 2723 et
724 2662 856 2738 singulis
878 2661 1056 2723 reverendis
1077 2659 1215 2737 patribus
1230 2657 1281 2718 de·

534 2755 662 2816 linitorii
684 2755 855 2833 praedictae
876 2755 1064 2833 provinciae,
1082 2760 1211 2815 nuncet
1226 2766 1281 2828 pro

535 2857 673 2926 tempore
694 2848 912 2922 existentibus,
929 2849 961 2909 in
978 2849 1127 2908 meritum
1141 2844 1282 2907 salutaris

535 2941 739 3016 obedientiae,
755 2944 813 3003 sub
834 2941 1012 3004 rebellionis
1032 2945 1166 3014 nostrae,
1183 2938 1282 3018 priva·

536 3035 629 3096 tionis
651 3035 734 3096 vocis
756 3035 873 3098 activae
894 3043 924 3096 et
945 3035 1083 3114 passivae
1105 3049 1159 3112 per
1173 3031 1282 3094 decen-

537 3130 637 3203 nium,
654 3128 819 3205 graduum,
835 3129 1008 3192 ciliciorum
1024 3143 1145 3190 necnon
1161 3141 1284 3188 ercom-

536 3223 755 3286 municationis
770 3223 894 3286 maioris
906 3223 984 3286 latae
993 3222 1178 3296 sententiae,
1191 3235 1284 3300 quam

537 3319 592 3380 bac
612 3318 673 3379 una
687 3334 741 3398 prc
758 3319 837 3380 trini
851 3317 997 3380 canonica
1012 3316 1184 3378 monitione
1198 3329 1285 3393 prae-

537 3412 629 3475 missa
651 3413 684 3474 in
704 3412 752 3474 bis
772 3413 906 3492 scriptis,
930 3411 1001 3474 licet
1022 3411 1126 3486 inviti,
1143 3409 1284 3483 ierimus,

538 3508 602 3586 ipsc
632 3505 711 3568 lacto
741 3505 936 3570 incurrendis
968 3503 1085 3584 poenis,
1119 3510 1283 3582 quatenus,

538 3600 625 3664 omni
645 3607 677 3660 et
691 3613 887 3678 quacumque
900 3598 1122 3678 supplicatione
1139 3604 1170 3660 et
1184 3595 1287 3675 appel-

539 3695 653 3757 latione
674 3693 801 3768 remota,
825 3693 929 3754 omnia
951 3699 983 3752 et
1007 3691 1130 3766 singula
1151 3691 1284 3763 decreta,

538 3795 663 3862 statuta,
695 3787 906 3850 ordinationes
933 3794 964 3848 et
992 3784 1225 3858 declarationes,
1253 3782 1285 3843 in

540 3883 587 3943 bis
608 3881 721 3942 litteris
742 3887 899 3954 contenta,
917 3879 949 3940 in
970 3877 1102 3957 capitulo
1117 3877 1211 3938 etiam
1225 3875 1287 3954 pri·

540 3983 611 4038 vato
639 3975 761 4050 integre
787 3973 949 4051 recipiant,
972 3973 1008 4032 ad
1030 3970 1166 4032 litteram
1188 3969 1288 4030 invio-

541 4067 674 4130 labiliter
694 4067 872 4141 observent,
895 4065 932 4126 ab
953 4063 1097 4126 omnibns
1112 4071 1143 4124 et
1156 4061 1288 4138 singulis

542 4160 712 4239 respective
731 4159 774 4221 sic
788 4157 944 4220 observari
959 4156 1082 4231 iaciant,
1099 4165 1129 4218 et
1144 4154 1206 4218 ullb
1220 4155 1289 4216 sine

542 4254 627 4315 mora
647 4251 850 4330 exequuticni
870 4249 1032 4327 mandent;
1057 4264 1121 4310 non
1143 4247 1290 4309 obstanti·

542 4348 598 4410 bus
625 4346 872 4425 quibuscumque
899 4343 1076 4423 provinciae
1101 4340 1289 4403 definitioni-

544 4441 609 4514 bus,
622 4439 707 4512 actis,
719 4439 841 4502 statutis
853 4446 883 4500 et
894 4435 1183 4510 consuetudinibus,
1195 4435 1290 4496 etiam

542 4532 850 4606 immernor-anilibus,
867 4547 991 4594 necnon
1013 4530 1126 4592 nostris
1140 4529 1192 4590 vel
1206 4545 1291 4607 prae·

544 4630 737 4690 decessorum
769 4633 948 4687 nostrorum
979 4625 1122 4700 decretis,
1154 4623 1290 4699 statutis,

545 4721 789 4784 ordinationibus
809 4729 841 4783 et
855 4719 1109 4783 declarationibus
1125 4720 1156 4780 in
1170 4727 1293 4782 contra-

546 4816 628 4878 rium
660 4815 899 4893 praemissorum
926 4806 1159 4893 quomodolibet
1185 4827 1292 4892 appro-

547 4915 634 4989 batis,
657 4911 858 4985 confirmatis,
888 4910 1054 4985 innovatis,
1087 4908 1240 4972 concessis
1262 4915 1293 4968 et

547 5009 713 5084 emanatis3
736 5023 814 5085 qnae
834 5003 940 5067 omnia
955 5013 986 5065 et
999 5003 1133 5080 singula,
1150 5003 1181 5064 in
1197 5017 1294 5080 quau-

549 5113 616 5166 tum
637 5101 850 5180 praesentibus
875 5097 1089 5170 adversantur,
1112 5109 1294 5156 revocamus

547 5205 579 5258 et
605 5194 816 5269 annullamus,
846 5199 877 5253 et
908 5198 1047 5252 revocata
1077 5196 1108 5251 et
1135 5186 1294 5249 annullata

547 5287 779 5352 essevolumus
801 5293 831 5346 et
852 5285 1053 5358 declaramus,
1081 5281 1173 5346 sicuti
1201 5281 1295 5342 etiam

548 5386 605 5446 alia
620 5403 635 5445 a
651 5382 738 5444 nobis
753 5381 886 5455 decreta,
903 5380 951 5442 die
966 5393 1019 5440 xx.
1037 5377 1152 5440 mensis
1167 5390 1294 5437 novem·

549 5499 613 5561 bris
634 5505 794 5556 uncnxxv.
820 5506 874 5569 pro
896 5487 951 5549 ista
973 5487 1129 5567 provincial
1155 5481 1295 5561 Quitensi

550 5593 641 5666 edita,
657 5599 766 5652 tenore
780 5583 990 5666 praesentium
1005 5595 1184 5644 revocamus
1199 5585 1230 5639 et
1244 5593 1298 5638 an-

551 5685 726 5757 nullamus,
756 5687 959 5758 revocataque
987 5684 1018 5740 et
1045 5675 1203 5736 annullata
1231 5687 1298 5733 esse

552 5781 698 5841 volumus
719 5786 750 5838 et
771 5776 971 5846 declaramus,
1002 5769 1183 5833 mandantes
1205 5775 1240 5830 ut
1261 5767 1296 5827 ad

553 5891 608 5936 nos
629 5887 701 5934 cum
723 5870 835 5932 ellectu
863 5868 1130 5940 transmittentem
1154 5861 1298 5941 praecipi-

555 5983 624 6028 mus
657 5967 783 6043 insuper
813 5963 913 6024 eidem
941 5961 1020 6040 patri
1041 5955 1222 6038 provinciali
1243 5971 1299 6016 seu

1049 583 1113 628 tutt.
1139 583 1230 627 rubr.
1255 581 1295 626 DE
1317 582 1345 626 P·
1371 581 1399 626 F·
1424 580 1506 624 PARS
1528 579 1548 622 l.

1331 701 1442 762 rectori
1473 697 1663 779 provinciae,
1697 712 1780 758 nunc
1801 703 1832 758 et
1853 711 1908 773 pro
1939 703 2078 774 ternpore

1330 796 1489 870 existenti,
1512 796 1571 857 sub
1592 796 1709 858 eisdem
1730 793 1847 871 poenis,
1866 797 1899 854 ut
1922 789 2078 868 perpetuis

1332 888 1444 950 luteris
1461 889 1663 967 temporibus,
1680 895 1750 948 aute
1766 884 2014 961 recognitionem
2030 899 2078 960 pa-

1333 982 1387 1044 tris
1405 981 1618 1059 praesidentis,
1636 982 1667 1042 in
1683 980 1822 1059 capitulis
1837 976 2079 1058 provincialibus

1330 1084 1361 1136 et
1383 1075 1415 1136 in
1435 1074 1726 1150 congregationibus
1748 1073 1942 1135 intermediis
1963 1085 2081 1146 respec

1333 1169 1405 1244 tive,
1429 1185 1532 1230 coram
1554 1167 1699 1230 omnibns
1721 1167 1857 1246 patribus
1872 1183 1905 1226 ac
1921 1163 2078 1236 iratribus,

1331 1261 1405 1323 lrorai
1427 1278 1505 1340 quae
1526 1269 1697 1340 opportuna
1720 1262 1746 1321 ei
1769 1261 1921 1333 videatur,
1938 1259 2012 1318 baec
2027 1271 2081 1316 no·

1331 1361 1392 1416 stra
1413 1357 1547 1430 decreta,
1570 1355 1918 1428 ordinationes,statata
1938 1359 1969 1412 et
1984 1347 2081 1410 decla-

1332 1450 1466 1510 rationes
1488 1449 1604 1526 perlegi
1627 1447 1725 1522 laciat,
1749 1465 1783 1508 ac
1807 1447 1837 1508 in
1860 1445 1938 1506 libro
1956 1443 2081 1522 provin·

1331 1542 1394 1602 ciae
1417 1541 1588 1616 transcribi,
1612 1549 1773 1602 eteorum
1800 1538 2011 1601 authenticam
2032 1552 2081 1597 cc-

1333 1636 1412 1714 piam
1432 1635 1466 1696 ad
1483 1651 1590 1697 omnes
1604 1641 1777 1696 conventus
1791 1633 1888 1694 dictae
1903 1630 2081 1710 provinciae

1333 1729 1501 1790 transmitti
1521 1737 1624 1803 curet3
1642 1743 1776 1806 quorum
1792 1726 1947 1805 prioribus
1961 1741 2016 1786 seu
2030 1741 2080 1785 su-

1334 1822 1507 1900 perioribus
1529 1821 1674 1884 localibus
1706 1827 1843 1883 nuncet
1865 1835 1920 1898 pro
1943 1826 2082 1895 tempore

1333 1917 1538 1978 existentibus
1560 1917 1651 1978 etiam
1674 1915 1889 1993 praecipimus,
1906 1914 1965 1976 sub
1985 1913 2082 1992 poeni

1333 2010 1543 2089 suspensionis
1564 2011 1602 2072 ab
1622 2010 1721 2072 cllrcio
1744 2027 1797 2088 per
1811 2025 1864 2069 sex
1880 2023 2004 2070 menses
2019 2007 2083 2084 ipso

1336 2104 1413 2166 lactc
1434 2103 1634 2178 incurrendi,
1657 2111 1691 2165 ut
1713 2105 1820 2164 eadem
1841 2101 1974 2178 singulis
1995 2098 2084 2160 annis
2142 2166 2146 2176 ,

1335 2198 1414 2258 inlra
1429 2197 1691 2276 quadragesimale
1707 2203 1829 2275 tempus
1844 2195 1966 2274 publice
1980 2208 2083 2256 coram

1335 2291 1480 2353 omnibus
1502 2291 1562 2368 legi
1584 2291 1682 2353 iaciat.
1701 2291 1780 2352 llaec
1794 2297 1897 2350 autem
1915 2295 2017 2349 nostra
2032 2287 2083 2347 de-

1336 2391 1429 2458 creta,
1459 2384 1681 2458 ordinationes,
1710 2390 1824 2445 statuta
1850 2389 1882 2443 et
1908 2377 2084 2442 declaratio·

1336 2493 1402 2550 nes,
1425 2491 1504 2554 quae
1524 2493 1648 2556 semper
1669 2479 1768 2550 brma,
1792 2475 1891 2562 valida
1909 2483 1939 2536 et
1955 2471 2084 2535 efficacia
2128 2529 2131 2537 .

1336 2587 1402 2632 csse
1423 2570 1622 2634 decernimus
1644 2580 1674 2633 et
1689 2569 1891 2643 declararum,
1907 2569 1945 2630 de
1959 2565 2084 2643 subrep-

1337 2663 1429 2724 tionis
1451 2664 1500 2726 vel
1522 2665 1724 2743 obreptionis,
1747 2663 1796 2724 vel
1823 2661 1883 2723 alic
1903 2659 2014 2738 quovis
2034 2657 2087 2720 de-

1337 2757 1430 2832 lectu,
1453 2759 1546 2820 etiam
1569 2757 1753 2820 intentionis
1772 2763 1906 2831 nostrae,
1923 2768 2016 2816 nemo
2030 2767 2086 2814 nc

1338 2853 1383 2913 bis
1405 2851 1543 2926 interior,
1565 2851 1623 2912 sub
1644 2851 1754 2912 iisdem
1781 2847 1889 2927 poenis
1911 2856 1941 2911 ct
1963 2861 2085 2907 excom-

1339 2945 1560 3020 municatione,
1574 2953 1681 3006 notare
1695 2945 1821 3019 audeam
1836 2942 1942 3020 sicque
1955 2941 1988 3002 in
2001 2955 2085 3017 prae-

1340 3039 1441 3100 missis
1462 3057 1517 3119 per
1537 3055 1750 3118 quoscumque
1769 3035 1939 3116 praedictae
1961 3033 2087 3112 provin·

1339 3135 1402 3197 ciae
1423 3143 1454 3196 et
1474 3133 1595 3198 Ordinis
1618 3134 1716 3194 nostri
1735 3131 1851 3193 iudices
1866 3138 1897 3192 et
1911 3127 2087 3208 superiores

1340 3227 1509 3290 ordinarios
1532 3235 1562 3290 et
1583 3227 1738 3304 delegatos
1762 3224 1891 3288 iudicari
1912 3231 1943 3284 et
1963 3221 2088 3285 deliniri

1340 3324 1464 3398 debere,
1487 3339 1519 3383 ac
1546 3322 1671 3383 irritum
1694 3329 1725 3382 et
1745 3320 1839 3380 inane
1866 3317 1931 3396 ipso
1957 3316 2036 3377 lactc
2057 3320 2089 3375 et

1341 3419 1455 3497 absque
1477 3417 1532 3477 alid
1554 3413 1760 3478 declaratione
1774 3413 1976 3474 decernentes
1991 3414 2023 3470 et
2037 3408 2088 3470 de-

1342 3511 1502 3585 clarantes,
1518 3509 1543 3571 si
1558 3524 1645 3570 secus
1660 3521 1753 3584 super
1767 3505 1816 3566 bis
1830 3522 1846 3565 a
1860 3517 2018 3582 qucquam
2034 3515 2089 3562 no·

1343 3605 1387 3666 bis
1401 3602 1554 3676 inferiori,
1569 3600 1675 3680 quavis
1690 3598 1882 3672 auctoritate,
1894 3596 2028 3658 scienter
2039 3592 2089 3654 vel

1342 3699 1536 3776 ignoranter,
1559 3694 1628 3756 lieri
1649 3693 1699 3754 vel
1721 3691 1865 3754 attentari
1880 3688 2088 3766 contigerit.»

1383 3791 1450 3866 §2
1477 3791 1554 3852 Cum
1576 3795 1692 3860 autem,
1709 3785 1789 3848 sicut
1810 3785 1918 3846 eadem
1940 3781 2089 3860 expositio
2109 3795 2326 3902 mporpcfflappgggg·
2427 3837 2428 3840 =

1342 3883 1560 3960 subiungebat,
1582 3883 1714 3954 decreta,
1736 3885 1862 3952 statuta,
1881 3873 2090 3938 ordinationes
2108 3901 2169 3946 crae.

1343 3987 1374 4041 et
1395 3975 1627 4048 declarationes,
1654 3971 1774 4050 aliaque
1806 3969 1981 4048 praemissa,
2010 3968 2091 4030 bono

1344 4069 1491 4150 regimini
1522 4085 1556 4130 ac
1586 4063 1800 4129 reformationi
1821 4071 1852 4124 et
1873 4061 2091 4140 tranquillitati

1344 4163 1515 4244 praedictae
1536 4159 1714 4240 provinciae
1735 4155 1824 4218 valde
1846 4153 1932 4217 utilia
1950 4155 2024 4228 sint,
2041 4153 2092 4214 br-

1344 4257 1442 4319 miora
1463 4269 1539 4316 vero
1560 4253 1693 4316 existant
1715 4267 1748 4311 ea
1769 4249 1881 4328 quibus
1903 4246 2094 4325 Apostollcae

1346 4349 1431 4413 Sedis
1459 4346 1574 4410 aceedit
1605 4344 1785 4407 auctoritas:
1819 4340 1907 4403 nobis
1929 4345 2092 4417 propterea

1345 4440 1445 4504 dictus
1460 4440 1640 4504 l'ranciscus
1651 4443 1843 4517 procurator,
1855 4433 1950 4494 etiam
1965 4432 2094 4494 nomine

1346 4535 1444 4599 dictae
1465 4533 1652 4614 provinciae,
1668 4529 1829 4592 humiliter
1843 4525 2008 4606 supplicari
2023 4525 2094 4588 lecit
2121 4541 2122 4546 ¹

1347 4637 1381 4692 ut
1403 4630 1434 4692 in
1456 4626 1631 4707 praemissis
1646 4631 1819 4702 opportune
1834 4619 1998 4699 providere
2012 4628 2044 4681 et
2059 4623 2094 4680 ut

1348 4722 1428 4785 inlra
1456 4721 1620 4798 indulgere
1646 4721 1682 4782 dc
1711 4715 1903 4794 benignitate
1930 4710 2094 4791 apostolica

1348 4819 1560 4894 dignaremur.

1388 4913 1407 4986 ᾖ
1428 4911 1456 4970 3.
1481 4907 1542 4970 Nos
1565 4909 1674 4985 igitur,
1697 4907 1798 4986 ipsum
1814 4903 2012 4966 Franciscum
2027 4913 2096 4980 pro·
2114 4909 2230 5009 dcircata
2245 4906 2324 5007 wippa

1349 5013 1524 5068 curatorem
1546 5003 1683 5082 specialis
1703 5000 1807 5062 lavore
1823 4997 1938 5075 gratiae
1952 4993 2096 5074 prosequi
2114 4968 2280 5064 ,fflffifffl
2302 4973 2326 5006 ‘'

1350 5099 1506 5174 volentes,
1530 5113 1666 5176 cvrmque
1692 5113 1707 5156 a
1735 5091 1894 5172 quibusvis
1918 5105 2095 5152 excommu-

1350 5193 1523 5268 nicationis,
1544 5190 1755 5269 suspensionis
1776 5195 1807 5248 et
1829 5183 1997 5258 interdicti,
2016 5181 2096 5244 aliis-

1351 5305 1412 5367 que
1443 5284 1652 5350 ecclesiasticis
1683 5281 1864 5354 sententiis,
1897 5275 2036 5339 censuris
2067 5285 2098 5338 et

1351 5383 1469 5463 poenis,
1492 5397 1507 5440 a
1529 5381 1597 5442 inre
1618 5377 1667 5440 vel
1688 5377 1725 5438 ab
1740 5375 1876 5447 bomine,
1893 5369 2001 5448 quavis
2016 5385 2100 5430 occa·

1352 5481 1438 5542 sione
1460 5478 1510 5540 vel
1531 5474 1618 5538 causi
1639 5473 1724 5547 latis,
1746 5469 1905 5547 siquibus
1930 5466 2098 5543 quomodo·

1353 5575 1428 5637 libet
1451 5574 1615 5636 innodatus
1637 5567 1752 5641 existit,
1777 5567 1813 5627 ad
1842 5561 1987 5625 ellectum
2012 5575 2099 5638 prae·

1353 5669 1491 5732 sentium
1512 5667 1671 5728 dumtaxat
1698 5658 1963 5737 consequendum,
1988 5655 2099 5717 barum

1354 5763 1434 5825 serie
1449 5761 1641 5824 absolventes
1656 5773 1688 5817 ac
1704 5753 1879 5816 absolutum
1895 5749 1961 5812 lore
1972 5764 2100 5822 censen-

1357 5866 1411 5932 tes,
1433 5851 1612 5918 buiusmodi
1642 5845 1916 5927 supplicationibus
1947 5841 2098 5915 inclinati,

1355 5953 1392 6013 de
1408 5946 1633 6012 venerabilium
1649 5943 1781 6012 tratrem
1796 5949 1974 6001 nostrorum
1986 5935 2098 6000 snb.
