4878 6982
155 4198 190 4239 Ex
209 4192 320 4238 decretis

98 4245 245 4308 delini-terii
274 4255 320 4308 ge-

99 4302 201 4346 neratus
217 4302 321 4345 restitu-

97 4352 321 4400 tumlnitsullra·

98 4407 320 4513 streitruit:

100 4514 243 4560 neralibus
280 4522 322 4556 ro-

99 4523 322 4630 vinciarumgan·

99 4623 134 4667 etl
165 4619 269 4666 Nicolai
296 4621 321 4664 et

100 4673 284 4722 candelariae.

1005 521 1146 570 CLEMENS
1170 525 1212 569 tll.

337 649 368 705 et
380 643 411 706 in
422 643 673 724 eisperseverare
684 643 781 705 libere
792 650 823 704 et
834 641 916 705 licite
925 643 1042 720 possint
1050 659 1084 706 ac

336 736 483 800 debeant:
503 735 666 814 prolesque
676 751 715 797 11
730 736 910 798 huiusmodi
925 735 1082 798 matrimo-

337 828 395 890 niis
409 835 580 907 susceptae,
595 837 627 890 et
641 827 864 906 suscipiendae,
882 828 1039 906 legitimae
1053 837 1084 890 et

336 938 392 1000 pro
413 921 562 1000 legitimis
584 921 682 998 quoad
706 929 878 1000 utrumque
901 921 1002 984 lorum
1024 919 1083 984 dici

336 1014 454 1078 censeri
483 1014 699 1076 1111111111
727 1014 864 1092 reputari
895 1015 1011 1092 pariter
1032 1013 1082 1076 de·

337 1108 440 1182 beant,
453 1116 553 1182 motu,
565 1107 703 1182 scientia,
720 1107 877 1185 potestatis
888 1107 1084 1186 plenitudine

335 1200 500 1276 similibus,
513 1199 676 1279 apostoliea
687 1201 869 1264 auctoritate
883 1201 1018 1279 praedita
1032 1201 1085 1262 ba-

335 1309 407 1356 rum
422 1295 503 1356 serie
523 1294 720 1356 decernimus
741 1301 773 1354 et
793 1293 996 1368 declaramus,
1011 1310 1084 1372 sup·

336 1387 456 1464 plentes
476 1401 688 1464 quoscumque
716 1385 912 1448 1111011111
940 1386 1084 1450 nullitate

337 1487 367 1542 et
388 1479 606 1542 insufficientia
618 1478 882 1556 dispensationum
905 1479 1083 1542 Huiusmodi

337 1573 568 1652 provenientes

377 1665 396 1740 ἕ
417 1665 447 1726 3.
470 1665 512 1727 11
532 1664 677 1727 similiter
699 1666 902 1728 decernentes
924 1680 1032 1728 omnes
1054 1673 1086 1728 et

337 1773 565 1838 quoscumque,
588 1758 641 1835 qui
670 1758 869 1820 matrimonia
889 1759 970 1822 sicut
998 1771 1085 1836 prac-

339 1851 477 1914 tenditur
498 1859 733 1924 contraxerunt,
750 1853 881 1930 desuper
895 1867 911 1912 a
926 1867 1084 1930 quoquam

338 1945 446 2022 quavis
466 1943 649 2006 auctoritate
663 1943 769 2006 assub
783 1943 893 2021 quovis
909 1951 1082 2021 praetextu,

338 2038 452 2111 colore,
468 2036 579 2114 capite,
596 2035 645 2096 vel
667 2050 705 2096 11
726 2051 923 2114 quacumque
943 2035 1031 2101 causa
1053 2044 1084 2097 et

338 2129 539 2208 quantumvis
561 2127 687 2189 iuridici
710 2135 741 2188 et
763 2127 900 2204 legitima
921 2134 1083 2206 propterea

338 2221 504 2295 molestari,
528 2219 712 2299 perturbari,
730 2219 872 2297 impediri
894 2219 1085 2298 111111111-

339 2314 394 2377 tari
417 2314 594 2375 nullatenus
621 2327 760 2389 uuquam
788 2327 876 2390 posse
901 2327 1005 2390 neque
1032 2314 1087 2375 de-

338 2408 428 2470 bere:
450 2407 554 2485 sicque
580 2421 635 2484 per
655 2420 866 2483 quoscumque
887 2405 1003 2468 iudices
1022 2413 1080 2468 etc.

338 2503 585 2580 quibuscumque
605 2507 663 2561 ete.

378 2596 490 2656 Datum
510 2593 624 2655 Romae
645 2593 724 2670 apud
748 2591 778 2654 S.
796 2592 935 2666 Petrum,
952 2591 1010 2655 sub
1031 2608 1085 2654 an·

339 2687 415 2750 nulo
436 2685 608 2759 Piscatoris,
624 2685 672 2747 die
688 2701 722 2746 u.
749 2684 852 2762 aprilis
868 2701 992 2760 11111,
1009 2701 1085 2765 pon·

339 2779 470 2842 tibertus
492 2778 589 2840 nostri
613 2793 695 2838 anno
717 2793 737 2838 1.

693 3057 729 3120 ll.

340 3247 515 3326 Confirmat
539 3246 700 3308 decretum
724 3242 913 3308 cardinalis
929 3252 1084 3322 protecto-

378 3339 481 3402 riade
508 3335 778 3415 procuratoribus
800 3344 830 3398 ut
858 3336 1084 3415 detentoribus

375 3426 579 3510 perterolibus
609 3429 749 3492 duarum
775 3429 1021 3504 prouinciarum
1049 3430 1084 3490 iu

378 3523 497 3585 insulis
516 3518 997 3600 111111111160191191110111
1014 3522 1085 3584 His·

375 3617 494 3694 poetae
509 3616 721 3676 eremitarum
732 3611 1010 3676 Disoelccutoruru
1028 3618 1085 3676 111-

378 3709 464 3772 dirtis
488 3708 518 3770 S.
543 3707 723 3786 Augustini
745 3705 801 3786 (l).

523 3875 708 3944 clemens
732 3875 833 3942 ΡΑΡΑ
858 3875 904 3941 lll.

478 3997 940 4066 mmmmmmm

377 4178 396 4253 ἓ
419 4177 445 4238 1.
470 4175 587 4254 Nuper,
611 4191 666 4253 pro
687 4181 774 4253 parte
796 4173 900 4235 dilecti
921 4172 977 4236 sulii
1001 4173 1088 4234 loan-

339 4270 386 4332 nis
404 4269 534 4332 Antonii
548 4286 563 4330 a
576 4269 606 4332 S.
624 4267 799 4344 Augustino
814 4266 1020 4345 procuratoris
1035 4280 1086 4342 ge-

340 4363 454 4426 neralis
475 4362 653 4440 provinciae
674 4361 706 4424 S.
723 4359 840 4422 Nicolai
862 4361 900 4422 de
921 4358 1087 4422 'solentino

341 4457 371 4518 in
399 4455 508 4518 insulis
535 4454 717 4533 Philippinis
745 4451 1000 4529 congregationis
1022 4452 1088 4513 His-

340 4551 447 4629 paulae
457 4549 589 4610 iratrum
601 4547 802 4609 eremitarum
811 4545 932 4609 Ordinis
941 4545 972 4608 S.
983 4545 1087 4622 Augu-

339 4643 412 4705 stini
434 4641 690 4704 Disealceatcrum
718 4647 981 4717 nuncupatorum,
1008 4639 1087 4701 con·

340 4729 1088 4811 gregationivenerabiliumlratrumnostrorum

342 4827 373 4891 S.
390 4828 425 4890 ll.
444 4828 479 4890 E.
494 4825 705 4890 cardinalium
728 4825 861 4901 negotiis
883 4833 914 4886 et
935 4825 1088 4886 consulta-

342 4921 478 4982 tionibus
500 4921 722 4998 Episcoporum
740 4926 772 4980 et
786 4917 989 4994 Regularium
1003 4934 1088 4996 prae·

343 5015 457 5094 positae
479 5013 635 5091 exposito,
658 5010 740 5090 quod
768 5011 853 5090 (cum
876 5018 1089 5088 procuratores

343 5106 504 5183 generales
525 5107 622 5167 dictae
644 5105 673 5168 S.
699 5102 814 5166 Nicolai
836 5119 869 5163 ac
890 5101 1089 5164 candelariae

343 5199 470 5262 alterius
502 5197 698 5278 provinciae,
728 5197 760 5257 11
787 5195 948 5272 praedictis
977 5195 1089 5258 insulis

344 5291 537 5370 Philippicis,
559 5307 614 5354 seu
636 5288 831 5364 Terrafirmi,
848 5286 987 5349 eiusdem
1009 5287 1091 5350 con·

346 5385 534 5463 gregationis
555 5383 732 5461 Hispaniae,
755 5395 857 5442 eoram
883 5380 1089 5443 tribunalibus

346 5478 473 5540 nomine
494 5491 622 5538 suarum
643 5473 875 5553 provinciarum
900 5487 1088 5550 comparere,

346 5571 510 5647 omniaque
531 5569 655 5630 illarum
671 5568 750 5629 bona
765 5565 980 5628 administrare
994 5565 1088 5638 soliti,

387 5811 417 5866 (l)
432 5813 469 5854 cx
483 5811 586 5866 Regest.
603 5807 629 5852 in
645 5809 719 5852 11011.
736 5811 807 5853 Brev.
824 5810 859 5852 De
874 5804 1019 5863 privilegiis
1033 5817 1091 5862 pro·

346 5879 500 5924 curatorum
515 5874 679 5933 generalium
693 5873 721 5919 in
735 5873 853 5920 11011111
863 5872 942 5920 Curia
951 5871 1009 5918 vide
1019 5876 1092 5918 luno·

1140 659 1178 706 11
1199 642 1350 720 religiosis
1382 643 1559 706 litterarum
1584 640 1714 707 scientii
1741 641 1887 721 praeditis

1140 745 1170 800 et
1192 738 1291 815 magis
1316 738 1517 802 benemeritis
1545 739 1618 815 eligi
1639 737 1885 812 consuevissent,

1140 847 1311 909 vocemque
1325 841 1355 894 11
1370 839 1479 894 votum
1500 833 1566 894 sire
1586 831 1770 908 sutiragium
1792 832 1824 892 in
1840 847 1887 894 ca·

1140 923 1247 1002 pilulis
1273 924 1513 1003 provincialibus
1539 924 1691 986 dictarum
1713 923 1887 1002 provincia-

1139 1031 1211 1078 rum
1233 1017 1362 1079 antehac
1383 1031 1506 1095 semper
1526 1015 1717 1091 habuissent,
1739 1015 1792 1078 sed
1813 1031 1888 1094 pau·

1140 1109 1182 1171 cis
1196 1109 1233 1171 ab
1248 1109 1322 1172 liinc
1343 1110 1431 1172 anuis
1453 1117 1526 1170 1010
1540 1107 1717 1172 huiusmodi
1733 1115 1885 1182 carerent,

1139 1202 1212 1264 bino
1233 1218 1309 1264 1110
1329 1203 1428 1266 multa
1446 1203 1697 1266 inconvenientia
1719 1216 1887 1280 sequeren-

1141 1295 1205 1373 tur)
1237 1296 1409 1373 capitulum
1436 1304 1467 1358 et
1496 1295 1709 1358 delinitorium
1741 1293 1888 1371 generale

1139 1388 1237 1452 dictae
1259 1388 1518 1464 congregationis
1542 1383 1886 1462 (11011111111111111-

1139 1497 1209 1560 ceps
1231 1491 1443 1559 procuratores
1468 1483 1614 1560 praedicti
1636 1481 1754 1544 dictum
1774 1488 1888 1542 votum

1139 1575 1205 1637 sive
1224 1574 1408 1651 suffragium
1432 1590 1556 1652 semper
1577 1573 1739 1649 baberent,
1762 1581 1792 1636 11
1814 1572 1886 1634 alias

1139 1673 1231 1746 prout
1254 1668 1285 1730 in
1314 1668 1489 1746 patentibus
1517 1667 1630 1730 litteris
1651 1668 1784 1744 desuper
1804 1681 1887 1728 ema-

1141 1761 1220 1824 uatis
1235 1759 1362 1822 uberius
1376 1760 1534 1824 dicebatur
1554 1758 1725 1834 contineri3
1748 1773 1839 1838 porro
1854 1757 1887 1820 iu

1140 1853 1284 1916 omnibus
1305 1853 1445 1931 capitulis
1467 1852 1664 1930 generalibus
1689 1852 1786 1914 dietae
1807 1851 1887 1915 con-

1140 1947 1330 2024 gregationis
1351 1945 1524 2025 Hispaniae,
1547 1946 1584 2007 ab
1605 1960 1687 2007 anno
1716 1959 1884 2008 1011111.

1140 2056 1239 2119 usque
1259 2041 1293 2102 ad
1317 2055 1437 2104 annum
1459 2039 1600 2116 proxime
1614 2038 1818 2116 praeteritum
1838 2053 1889 2099 ce-

1140 2133 1280 2207 lebratis,
1310 2151 1326 2194 a
1355 2131 1491 2209 generali
1517 2130 1695 2194 definitorio
1726 2130 1887 2192 decretum

1142 2225 1255 2304 pariter
1269 2225 1382 2300 luerat,
1396 2232 1431 2286 ut
1445 2223 1574 2286 cuilibet
1588 2221 1739 2284 dictarum
1755 2224 1886 2286 duarum

1140 2317 1372 2397 provinciarum
1394 2332 1476 2379 rinus
1497 2317 1642 2379 delinitor
1663 2314 1827 2392 generalis,
1847 2315 1886 2377 si-

1141 2416 1192 2474 cut
1207 2410 1353 2472 omnibus
1367 2410 1435 2471 aliis
1449 2409 1616 2488 provinciis
1630 2409 1792 2487 Hispaniae
1807 2409 1888 2471 elus·

1141 2505 1212 2566 dem
1233 2503 1508 2580 congregationis,
1531 2505 1770 2576 concederetur,
1794 2502 1885 2576 itaut,

1140 2597 1165 2659 si
1187 2596 1297 2674 aliquis
1311 2596 1493 2658 earumdem
1507 2597 1640 2658 duarum
1655 2595 1887 2674 provinciarum

1141 2690 1223 2752 tilius
1234 2696 1322 2768 aptus
1333 2696 1364 2751 11
1381 2689 1509 2752 idoneus
1528 2689 1560 2749 in
1577 2688 1721 2766 Hispania
1736 2687 1886 2767 reperire·

1143 2791 1204 2858 tur,
1217 2783 1242 2843 is
1257 2783 1382 2856 assumi,
1394 2782 1443 2843 sin
1455 2782 1572 2856 minus,
1586 2797 1625 2843 11
1639 2781 1785 2844 iratribus
1799 2797 1887 2859 prae-

1141 2876 1292 2939 dictarum
1309 2875 1539 2954 provinciarum
1555 2873 1717 2952 Hispaniae
1734 2875 1794 2937 duo
1814 2874 1889 2936 deli-

1142 2969 1259 3030 nitores
1270 2967 1429 3044 generales
1445 2966 1623 3029 huiusmodi
1640 2982 1696 3046 pro
1713 2967 1801 3029 dictis
1816 2968 1888 3030 dua·

1141 3061 1198 3124 bus
1210 3060 1377 3140 provinciis
1387 3059 1462 3136 eligi
1473 3059 1635 3131 deberent,
1646 3059 1889 3138 acproiudeipse

1142 3154 1269 3216 loannes
1290 3153 1445 3215 Antonius
1469 3153 1601 3230 (attento
1623 3151 1705 3229 quod
1727 3149 1889 3214 decretum

1140 3245 1335 3320 huiusmodi,
1363 3261 1404 3308 ne
1429 3245 1484 3306 liae
1516 3244 1594 3307 duae
1624 3245 1801 3323 provinciae
1826 3245 1888 3306 suis

1140 3339 1357 3402 definitoribus
1373 3337 1405 3400 in
1416 3337 1558 3415 capitulis
1580 3336 1775 3414 generalibus
1789 3337 1888 3400 dictae

1142 3432 1398 3510 congregationis
1426 3431 1587 3511 Hispaniae
1619 3429 1815 3494 defraudatae
1840 3447 1888 3492 re-

1142 3531 1318 3599 manerent,
1333 3523 1386 3585 sed
1401 3531 1436 3585 ut
1456 3524 1499 3586 sic
1515 3523 1728 3586 definitorium
1746 3523 1889 3599 generale

1142 3616 1316 3695 perlectum
1337 3625 1368 3678 et
1389 3617 1578 3695 completum
1599 3617 1794 3692 redderetur,
1817 3630 1890 3678 con·

1142 3710 1417 3772 venientissimum
1439 3711 1532 3788 esset)
1547 3709 1636 3783 illud,
1652 3726 1684 3772 ac
1698 3708 1781 3771 aliud
1802 3722 1888 3786 prae·

1142 3811 1302 3866 narratum
1323 3804 1484 3866 decretum
1504 3803 1540 3864 ad
1562 3802 1700 3864 latorem
1720 3800 1890 3880 praedicto·

1142 3911 1215 3960 runt
1247 3895 1442 3972 generalium
1476 3901 1674 3968 emanatum,
1706 3894 1889 3956 auctoritate

1143 3991 1315 4068 praedictae
1326 3987 1581 4065 congregationis
1596 3987 1806 4050 cardinalium
1818 4001 1889 4049 con-

1143 4082 1320 4156 firmarunt
1340 4081 1467 4144 concedi
1489 4089 1523 4144 ut
1544 4081 1642 4143 dictae
1663 4081 1741 4142 duae
1762 4079 1889 4157 provin·

1143 4175 1206 4235 ciae
1226 4191 1298 4236 suos
1326 4174 1504 4237 definitores
1526 4174 1687 4252 generales
1712 4172 1890 4236 huiusmodi

1143 4282 1215 4330 cum
1242 4283 1316 4330 1011
1339 4275 1369 4330 11
1390 4267 1653 4346 praeeminentiis,
1682 4266 1762 4329 sicut
1783 4281 1891 4328 omnes

1144 4363 1219 4424 aliae
1250 4359 1421 4439 praedictae
1448 4360 1626 4439 prouinciae
1653 4359 1833 4438 Hispaniae,
1857 4375 1891 4420 ac

1144 4456 1217 4518 dicti
1239 4460 1451 4533 procuratores
1474 4453 1636 4530 generales
1650 4468 1759 4514 101111
1774 4453 1891 4530 pariter

1144 4557 1174 4612 et
1195 4555 1302 4610 votum
1323 4547 1390 4608 sive
1409 4545 1593 4623 suliragium
1615 4547 1648 4608 iu
1667 4545 1891 4609 0111111111-

1145 4641 1271 4704 moratis
1291 4639 1432 4718 capitulis
1460 4639 1700 4716 provincialibus
1728 4638 1889 4714 baberent,

1143 4749 1342 4811 summopere
1364 4731 1569 4794 desiderabatz
1594 4731 1699 4793 eadem
1716 4732 1892 4809 congrega·

1146 4829 1188 4890 tio
1220 4825 1446 4898 cardinalium,
1469 4825 1587 4886 attenta
1615 4824 1764 4898 relatione
1787 4825 1890 4888 dilecti

1145 4920 1202 4981 lilii
1224 4918 1321 4980 nostri
1343 4917 1461 4994 losephi
1482 4915 1593 4978 1111111
1618 4915 1715 4978 dictae
1737 4917 1768 4981 S.
1792 4918 1828 4979 R.
1854 4917 1887 4978 11.

1146 5011 1314 5076 cardinalis
1343 5009 1514 5088 imperialis
1536 5009 1718 5088 nuncupati,
1744 5007 1891 5089 praedicti

1145 5105 1268 5169 Ordinis
1299 5104 1378 5181 apud
1407 5117 1462 5164 nos
1490 5108 1520 5164 et
1543 5102 1655 5166 Sedent
1686 5102 1892 5182 Apostolicam

1145 5197 1338 5278 protectoris,
1361 5195 1419 5257 sibi
1433 5211 1528 5273 super
1541 5196 1713 5274 praemissis
1734 5196 1821 5272 lacti,
1838 5211 1893 5273 per

1145 5307 1238 5354 suum
1260 5289 1421 5352 decretum
1443 5289 1492 5352 die
1513 5305 1603 5350 11111.
1621 5289 1768 5352 februarii
1790 5289 1893 5367 proxi·

1147 5400 1197 5446 me
1224 5383 1384 5461 praeteriti
1405 5382 1540 5457 editum,
1562 5382 1663 5445 eidem
1688 5381 1895 5461 1011110111-

1147 5483 1219 5538 1110
1228 5473 1380 5539 cardinali
1393 5481 1425 5535 et
1435 5473 1602 5552 protectori
1615 5473 1750 5550 benigue
1761 5474 1891 5546 remisit,

1148 5571 1193 5640 ut,
1217 5565 1299 5626 veris
1314 5563 1520 5626 existentibus
1536 5564 1678 5637 narratis,
1695 5572 1726 5626 et
1740 5571 1894 5642 quatenns

1145 5805 1226 5852 centii
1234 5807 1275 5852 XJ.
1286 5808 1367 5851 const.
1379 5805 1417 5851 ed.
1427 5815 1592 5858 1111111111,
1602 5803 1644 5848 die
1654 5814 1690 5849 xr.
1702 5803 1764 5858 dee,
1775 5803 1844 5859 poni.
1856 5814 1892 5856 11.;

1145 5873 1171 5918 11
1186 5873 1216 5918 de
1230 5870 1374 5930 privilegiis
1388 5867 1631 5918 commissariorum
1646 5868 1703 5914 vide
1718 5870 1879 5928 sequentem.

1806 505 1865 568 203
1916 506 1968 558 An.
1984 507 2013 560 c.
2036 507 2103 560 1701
