4836 6998
336 547 389 602 An.
405 551 434 604 C.
456 549 525 602 1730

333 5252 458 5298 Reductio
469 5263 538 5309 prae-

326 5307 538 5352 dictacalternati-

324 5371 369 5404 vae
380 5360 412 5404 ad
424 5363 475 5404 tres
482 5362 539 5405 tan-

325 5413 537 5476 tum-Hispaniae

326 5477 474 5523 promncltss.

576 535 635 612 ιιι

555 701 612 747 nos
631 681 783 760 derogari,
800 690 835 744 ut
849 681 975 756 scilicet,
991 680 1108 744 attenta
1124 679 1303 742 difficultate

554 793 647 856 quam
669 777 765 838 dictae
786 774 963 853 provinciae
978 774 1088 835 iratres
1108 789 1163 834 seu
1185 772 1303 835 vocales

552 870 792 948 experiebantur
823 868 860 929 ad
894 867 1170 930 interveniendum
1200 864 1302 926 eidem

552 963 685 1041 capitulo
717 961 853 1038 generali
888 976 1021 1022 numero
1049 967 1214 1038 otraternos
1249 973 1303 1036 per

552 1055 647 1118 dictas
669 1054 904 1116 constitutiones
932 1053 1130 1132 praescripto,
1153 1059 1302 1113 statuere-

553 1163 634 1222 mus,
663 1149 756 1226 quod,
779 1147 803 1207 si
826 1163 919 1220 unus,
940 1153 993 1208 aut
1013 1147 1085 1220 duo,
1108 1144 1157 1206 vel
1180 1153 1243 1205 tres
1264 1160 1302 1204 ex

552 1239 697 1302 iratribus
731 1256 786 1302 seu
817 1239 973 1301 vocalibus
1002 1239 1097 1316 ipsius
1127 1235 1303 1316 provinciae

552 1333 688 1411 capitulo
717 1333 854 1409 generali
880 1332 1079 1405 interessent,
1103 1330 1127 1392 is
1148 1345 1202 1390 seu
1224 1329 1302 1390 alter

552 1441 662 1487 eorum
685 1425 857 1487 necessario
872 1425 946 1500 eligi
961 1423 1087 1485 deberet
1103 1424 1134 1483 in
1150 1420 1303 1484 eiusmodi

552 1518 704 1579 ricarium
734 1518 927 1594 generalem;
950 1518 1014 1592 sed,
1045 1516 1147 1576 audita
1168 1531 1223 1592 per
1246 1531 1301 1574 nos

551 1613 587 1673 eb
605 1627 698 1688 super
712 1629 747 1672 re
761 1611 863 1672 dilecti
881 1610 935 1671 dlii
951 1609 1048 1671 nostri
1069 1620 1100 1671 et
1115 1608 1202 1671 Sedis
1223 1610 1302 1684 Apo·

550 1705 676 1768 stolicae
696 1706 728 1766 in
751 1706 857 1781 regnis
872 1703 1088 1781 Hispaniarum
1103 1702 1211 1764 nuncii
1227 1701 1302 1762 rela-

552 1800 648 1873 tione,
677 1799 751 1860 buic
771 1797 914 1876 petitioni
941 1796 1073 1857 minime
1098 1795 1300 1858 annuendum

551 1891 715 1954 duximus:
739 1898 770 1952 et
792 1907 898 1952 revera
918 1889 1100 1951 alternative
1124 1888 1234 1950 electio
1256 1887 1302 1948 vi-

552 1985 625 2046 carii
648 1985 813 2062 generalis,
836 1991 987 2062 quatenus
1009 1983 1044 2044 ad
1066 1981 1211 2043 ellectum
1233 1997 1303 2060 per·

552 2079 621 2140 duci
633 2077 739 2152 vellet,
753 2075 940 2155 multiplices
953 2075 1055 2137 turbas
1066 2074 1186 2153 alioque
1198 2074 1301 2150 gravia

551 2170 756 2245 incommoda,
773 2185 863 2248 quae,
880 2185 950 2230 cnm
966 2168 1098 2230 stabilita
1114 2175 1144 2230 et
1155 2167 1301 2230 determi-

551 2271 622 2325 nata
649 2262 719 2338 luit,
752 2263 858 2325 minus
887 2278 1036 2340 perpensa
1066 2261 1215 2336 luerunt,
1245 2261 1301 2323 toti

552 2356 792 2434 congregationi
814 2373 848 2417 ac
869 2355 1014 2418 omnibus
1029 2363 1162 2432 quatuor·
1176 2356 1302 2432 proxin-

550 2451 604 2512 ciis
619 2449 761 2529 praelatis
775 2448 903 2510 allatura
918 2447 1015 2523 loret3
1037 2465 1120 2524 nam,
1138 2449 1217 2510 ultra
1234 2464 1301 2524 gra-

551 2545 600 2604 via
614 2541 771 2620 dispendia
782 2557 861 2620 quae
872 2541 950 2603 dicta
962 2541 1120 2619 provincia
1137 2539 1168 2603 S.
1185 2540 1302 2602 Nicolai

552 2634 756 2697 Tolentiuatis
778 2635 810 2694 in
833 2634 941 2695 insulis
968 2633 1151 2712 Pbilippinis
1173 2634 1205 2694 in
1228 2649 1301 2712 qua-

551 2733 623 2790 tuor
644 2728 738 2806 ipsius
754 2727 899 2789 iratribus
912 2743 969 2789 seu
990 2726 1145 2789 vocalibus
1166 2727 1201 2788 ad
1224 2727 1302 2805 capl-

551 2823 654 2885 tulum
675 2821 820 2898 generale
833 2820 1010 2882 huiusmodi
1026 2821 1188 2882 mittendis
1203 2820 1302 2882 lacere

550 2917 688 2990 deberet,
709 2933 743 2978 ac
765 2915 875 2992 longae
897 2915 1102 2992 navigationis
1123 2915 1302 2976 discrimina

551 3027 629 3088 quae
660 3009 725 3070 istis
753 3008 913 3069 subeunda
938 3006 1057 3080 lorent,
1083 3023 1302 3086 sacrarumque

553 3101 751 3176 missionum,
764 3100 875 3178 ouibus
889 3101 921 3161 in
938 3100 998 3161 illis
1013 3101 1150 3178 partibus
1161 3117 1216 3178 pro
1231 3117 1303 3163 con·

551 3196 696 3257 versione
710 3195 886 3257 infidelium
901 3195 935 3255 ad
956 3193 1121 3256 catholicae
1142 3193 1302 3270 religionis

551 3289 717 3350 veritatem
742 3287 863 3349 assidue
890 3303 997 3350 vacare
1019 3295 1186 3362 tenentur,
1209 3288 1304 3351 detri-

552 3391 709 3456 mentum,
725 3383 750 3443 si
764 3381 916 3443 ricarium
938 3381 1128 3457 generalem,
1153 3382 1206 3458 qui
1221 3381 1301 3444 loret

552 3480 590 3542 de
617 3477 695 3540 dicta
723 3475 896 3554 provincia,
919 3473 955 3535 ab
983 3475 1128 3536 bumanis
1155 3475 1302 3537 decedere

552 3572 603 3633 vel
623 3577 781 3646 aegrotare
802 3568 1010 3644 contingeret,
1028 3569 1081 3629 diu
1096 3569 1190 3630 nimis
1205 3569 1244 3630 ob
1259 3569 1302 3630 lo·

552 3679 660 3728 corum
688 3661 850 3724 intervalla
874 3660 1102 3739 expectandum
1129 3661 1226 3736 foret,
1249 3678 1302 3723 an·

554 3766 678 3836 tequam
707 3755 840 3817 vicarius
862 3753 1014 3830 generalis
1038 3754 1069 3815 in
1092 3754 1231 3818 defuncti
1253 3754 1303 3816 vel

553 3851 669 3927 aegroti
691 3848 794 3910 locum
814 3847 975 3923 subrogari
997 3856 1110 3926 posset,
1126 3865 1159 3910 ac
1173 3848 1302 3910 interim

552 3941 684 4022 praelata
697 3939 902 4016 congregatio
913 3939 981 4001 sine
992 3941 1054 4018 capi
1061 3948 1090 4002 te
1100 3957 1133 4002 ac
1143 3943 1304 4020 superiore

553 4043 743 4098 remaneret:
769 4033 826 4111 ipsi
841 4041 1042 4110 exponentes,
1058 4051 1120 4111 quo
1136 4034 1182 4095 bis
1196 4034 1304 4098 aliisve

553 4130 681 4191 diversis
703 4127 790 4190 malis
811 4134 842 4188 et
862 4126 1146 4206 perturbationibus
1167 4145 1205 4190 ex
1224 4129 1303 4192 dicta

553 4220 1302 4297 alternativleleetioneproventurisoccurratur,

553 4313 709 4391 simulque
722 4311 837 4373 salubri
849 4329 882 4374 ac
895 4313 1061 4390 tranquillo
1073 4314 1211 4375 eiusdem
1223 4315 1303 4377 con-

554 4405 742 4484 gregationis
763 4403 915 4480 regimini
928 4413 1125 4484 prospectum
1139 4408 1190 4481 sit,
1206 4409 1302 4487 ipsam

552 4500 740 4562 electionem
762 4498 867 4560 vicarii
889 4499 1041 4574 generalis
1063 4499 1095 4559 in
1118 4501 1302 4578 pristinum,

554 4609 588 4654 ac
608 4607 693 4664 eum,
716 4590 748 4651 in
771 4607 832 4668 quo
853 4597 924 4652 ante
950 4591 1110 4654 decretum
1136 4595 1303 4671 supradicti

553 4683 678 4765 capituli
693 4683 846 4760 generalis
859 4692 937 4760 erat,
949 4691 1077 4759 statum,
1090 4687 1206 4748 scilicet
1220 4687 1303 4749 inter

553 4787 616 4840 tres
651 4776 824 4855 provincias
851 4777 1013 4854 Hispaniae
1047 4784 1169 4840 tantum
1199 4781 1303 4844 reduci

553 4869 725 4950 plurimum
746 4869 931 4930 desiderant.
950 4869 1043 4932 Nobis
1065 4881 1224 4948 propterea
1246 4873 1304 4934 bu-

553 4962 618 5024 mili
626 4969 672 5023 ter
684 4962 848 5039 supplicari
864 4963 1016 5036 lecerunt,
1032 4972 1067 5025 ut
1082 4964 1114 5025 in
1130 4965 1304 5043 praemissis

554 5061 729 5134 opportune
750 5056 914 5132 providere
934 5063 966 5116 et
987 5067 1021 5116 ut
1036 5056 1115 5116 inlra
1137 5058 1302 5134 indulgere

555 5149 592 5211 de
612 5147 807 5224 benignitate
825 5147 987 5226 apostolica
1008 5147 1219 5224 dignaremur.

596 5241 665 5316 §3-
688 5239 750 5300 Nos
776 5241 883 5316 igitur,
911 5241 991 5320 ipsos
1018 5249 1209 5320 exponentes
1236 5259 1304 5322 spe-

556 5333 683 5396 cialibus
710 5332 868 5395 favoribus
888 5341 918 5395 et
949 5336 1055 5410 gratiis
1082 5338 1228 5415 prosequi
1250 5354 1303 5398 vo-

557 5426 666 5502 lentes,
679 5443 852 5505 eorumque
864 5427 1038 5503 singulares
1049 5446 1192 5507 personas
1207 5449 1223 5492 a
1235 5431 1303 5510 qui-

557 5520 660 5582 busuis
681 5521 1023 5596 excommunicationis,
1045 5523 1258 5600 suspensionis
1271 5533 1303 5586 et

1080 553 1144 608 IUR·
1169 556 1260 608 PONT·
1285 551 1326 604 bb
1348 559 1377 604 1².
1400 551 1429 606 F.
1454 551 1537 606 PARS
1560 553 1580 605 l.

1359 677 1533 753 interdicti,
1564 678 1694 757 aliisque
1725 678 1939 742 ecelesiasticis
1971 679 2110 742 censuris

1358 779 1389 833 et
1412 773 1535 850 poenis,
1558 789 1573 832 a
1596 771 1664 834 iure
1685 771 1735 832 ιιι
1763 772 1800 834 ab
1827 773 1974 848 bomine,
2002 773 2109 852 quavis

1358 865 1516 926 occasione
1531 864 1581 926 vel
1596 863 1685 926 causa
1707 864 1793 938 latis,
1809 865 1834 926 si
1854 866 1967 944 ortibus
1981 881 2110 943 quomo·

1358 955 1474 1018 delibet
1485 957 1648 1020 innodatae
1662 957 1807 1031 existant,
1820 957 1856 1018 ad
1868 959 2012 1020 ellectum
2025 973 2110 1036 prae-

1358 1051 1495 1112 sentium
1517 1050 1677 1114 dumtaxat
1703 1053 1975 1131 consequendum,
1999 1054 2110 1114 bamam

1356 1145 1436 1205 serie
1448 1145 1641 1208 absolventes
1652 1153 1683 1207 et
1695 1146 1847 1208 absolutas
1859 1147 1925 1208 lore
1935 1155 2109 1222 censentes,

1358 1237 1632 1316 supplicationibus
1660 1237 1817 1314 inclinati,
1840 1241 2047 1318 supradictam
2068 1237 2112 1299 al-

1357 1330 1544 1392 ternativam
1566 1331 1752 1394 electionem
1775 1332 1881 1394 vicarii
1897 1332 2048 1408 generalis
2064 1332 2111 1392 in·

1360 1427 1406 1482 ter
1420 1431 1554 1500 quatuor
1568 1425 1741 1501 provincias
1753 1426 1935 1502 Aragoniae,
1948 1425 2108 1499 castellae,

1358 1513 1496 1576 Baeticae
1517 1522 1548 1577 et
1570 1517 1741 1579 insularum
1758 1517 2005 1597 Pbilippinarum
2027 1519 2108 1580 Con-

1358 1608 1547 1684 gregotionis
1573 1609 1756 1688 praedictae,
1778 1612 1858 1673 sicut
1878 1612 2107 1689 praemittitur,

1358 1701 1569 1776 constitutam,
1586 1703 1806 1782 expeditosque
1827 1707 1958 1784 desuper·
1978 1705 2110 1768 Alexan·

1358 1793 1405 1855 dri
1420 1796 1658 1872 praedecessoris
1674 1797 1791 1860 litteras
1806 1799 1965 1878 praelatas,
1980 1802 2015 1863 ad
2031 1801 2110 1862 solas

1357 1886 1450 1948 alietas
1473 1897 1535 1950 tres
1556 1892 1735 1967 tragonias,
1760 1893 1908 1956 castellae
1925 1901 1957 1956 et
1972 1893 2110 1957 Baeticae

1358 1980 1543 2058 prouincias,
1567 1983 1673 2046 eidem
1689 1987 1882 2062 auctoritate,
1901 1994 2009 2049 tenore
2023 2003 2109 2065 prae·

1356 2075 1506 2148 sentium,
1523 2075 1710 2152 reducimus,
1728 2077 1876 2157 illamque
1896 2079 2040 2159 deinceps
2062 2080 2110 2142 in·

1359 2172 1405 2226 ter
1426 2169 1547 2229 easdem
1563 2176 1625 2231 tres
1641 2171 1813 2248 provincias
1827 2171 1998 2248 dumtaxat,
2015 2179 2110 2252 prout

1357 2266 1429 2320 ante
1450 2261 1611 2324 decretum
1624 2269 1656 2325 et
1672 2263 1788 2326 litteras
1809 2265 1974 2337 eiusmodi,
1990 2267 2108 2328 servari

1357 2369 1390 2414 ac
1412 2353 1480 2414 steri
1501 2356 1666 2418 statuimus
1688 2365 1719 2418 ιι
1741 2357 1931 2420 ordinamus.

1397 2447 1415 2520 ἓ
1436 2447 1465 2508 t.
1489 2447 1711 2524 Decernentes,
1727 2449 1849 2512 easdem
1868 2461 2043 2530 praesentes
2058 2453 2108 2516 lit-

1358 2545 1437 2600 teras
1451 2555 1574 2617 semper
1589 2542 1704 2616 brmas,
1717 2543 1831 2605 validas
1846 2551 1877 2606 et
1894 2545 2029 2608 efficaces
2042 2545 2109 2608 exi-

1357 2639 1439 2692 stere
1453 2639 1485 2692 et
1500 2632 1576 2707 lore,
1592 2649 1727 2712 suosque
1747 2635 1902 2712 plenarios
1923 2643 1954 2698 et
1970 2637 2109 2716 integros

1358 2723 1483 2802 allectus
1504 2726 1609 2786 sortiri
1630 2733 1661 2787 et
1682 2728 1833 2803 obtinere,
1857 2747 1890 2793 ac
1911 2731 1948 2792 ab
1970 2730 2048 2805 illis,
2071 2733 2108 2794 ad

1357 2833 1433 2894 quos
1454 2825 1570 2896 spectat
1597 2827 1628 2882 et
1649 2834 1704 2897 pro
1731 2828 1872 2899 tempore
1893 2825 2051 2901 spectabit,
2075 2824 2108 2885 in

1357 2910 1503 2972 omnibus
1530 2920 1560 2972 et
1585 2914 1766 2990 peremnia
1793 2915 1974 2992 plenissime
1999 2917 2109 2979 sullra-

1357 3003 1434 3077 gari,
1457 3011 1488 3065 et
1508 3005 1603 3066 abeis
1625 3007 1796 3083 respective
1812 3007 2034 3071 inviolabiliter
2054 3010 2107 3072 ob

1356 3097 1483 3171 serrari,
1505 3097 1610 3176 sieque
1630 3106 1661 3160 et
1683 3113 1746 3162 non
1767 3099 1857 3161 aliter
1878 3101 1911 3163 in
1933 3102 2109 3180 praemissis

1357 3205 1412 3266 per
1433 3205 1646 3270 quoscumque
1667 3192 1781 3254 iudices
1796 3192 1966 3256 ordinaries
1981 3204 2012 3257 et
2026 3193 2108 3258 dele·

1357 3291 1452 3357 gatos,
1475 3285 1568 3344 etiam
1586 3301 1747 3346 causarum
1763 3285 1867 3364 palatii
1882 3288 2039 3365 apostolici
2055 3306 2108 3352 au·

1357 3376 1482 3451 ditores
1505 3395 1538 3439 ae
1559 3377 1656 3440 dictae
1683 3377 1770 3441 Sedis
1798 3381 1943 3454 nuncios,
1977 3382 2106 3446 iudicari

1356 3474 1387 3528 et
1409 3469 1532 3532 delmiri
1559 3471 1681 3546 debere,
1705 3489 1738 3534 ac
1761 3471 1887 3534 irritum
1915 3481 1947 3536 et
1968 3475 2061 3538 inane
2081 3478 2108 3540 si

1357 3579 1444 3624 secus
1465 3579 1559 3642 super
1580 3565 1627 3626 bis
1648 3583 1663 3626 a
1685 3581 1853 3644 quoquam,
1875 3569 1983 3644 quavis
2004 3579 2106 3634 aucto-

1357 3655 1459 3729 ritate,
1488 3655 1623 3718 scienter
1645 3657 1696 3720 ιιι
1717 3657 1910 3734 ignoranter,
1940 3662 2107 3738 eontigerit

1357 3749 1514 3811 attentari.

1397 3843 1416 3918 5
1436 3843 1465 3904 b.
1491 3842 1560 3905 Nou
1582 3845 1774 3908 obstantibus
1789 3847 2062 3911 constitutionibus
2076 3857 2108 3912 et

1357 3937 1604 4000 ordinationibus
1624 3939 1808 4016 apostolicis,
1825 3955 1948 4002 necnon
1974 3943 2108 4019 praedic·

1359 4037 1462 4092 torum
1478 4029 1611 4106 Ordinis,
1625 4031 1892 4109 congregationis,
1905 4033 2031 4113 aliisque
2043 4036 2109 4114 qui·

1359 4123 1480 4199 busris,
1512 4126 1606 4186 etiam
1638 4126 1832 4200 iuramento,
1870 4128 2108 4192 confirmatione

1358 4218 1531 4295 apostolica,
1560 4227 1613 4280 aut
1635 4219 1742 4297 quavis
1771 4221 1918 4282 firmitate
1939 4220 1997 4283 alid
2017 4223 2109 4286 robo-

1358 4312 1441 4386 ratis,
1464 4312 1587 4373 statutis
1609 4319 1639 4374 et
1661 4312 1958 4386 consuetudinibus,
1981 4316 2108 4392 privile·

1357 4405 1415 4481 giis
1437 4421 1577 4483 qnoque,
1600 4404 1729 4467 indultis
1751 4414 1782 4467 et
1804 4407 1915 4470 litteris
1935 4409 2108 4486 apostolicis

1358 4497 1390 4556 in
1412 4498 1604 4560 contrarium
1621 4498 1862 4576 praemissorum
1876 4501 2108 4578 quomodolibet

1357 4590 1520 4665 concessis,
1543 4591 1734 4653 confirmatis
1754 4599 1785 4652 et
1805 4593 1978 4656 innovatis:
1995 4595 2109 4673 quibus

1358 4683 1503 4746 omnibus
1524 4691 1555 4744 et
1575 4683 1718 4760 singulis,
1742 4685 1869 4746 illorum
1883 4692 2008 4748 tenores
2022 4705 2111 4768 prae-

1357 4776 1497 4838 sentibus
1526 4793 1581 4854 pro
1603 4777 1695 4855 plene
1716 4787 1747 4840 et
1768 4777 1959 4842 sufficienter
1985 4797 2110 4859 expres·

1357 4870 1397 4930 sis
1419 4871 1508 4932 acad
1536 4872 1669 4934 verbum
1699 4871 1824 4934 insertis
1854 4873 2020 4950 babentes,
2048 4875 2109 4938 illis

1357 4963 1429 5024 alias
1451 4963 1483 5023 in
1504 4979 1560 5024 suo
1582 4964 1691 5026 robore
1712 4967 1941 5042 permansuris,
1964 4969 1999 5030 ad
2022 4983 2110 5046 prae·

1358 5057 1525 5118 missorum
1555 5056 1720 5131 ellectum,
1744 5057 1799 5121 bac
1830 5060 1898 5122 vice
1928 5060 2106 5138 dumtaxat,

1356 5149 1528 5227 specialiter
1548 5157 1579 5212 et
1600 5167 1743 5229 expresse
1763 5154 1967 5230 derogamus;
1983 5155 2110 5217 ceteris·

1357 5259 1418 5320 que
1439 5245 1600 5306 contrariis
1621 5243 1878 5324 quibuscumque.

1398 5337 1509 5398 Datum
1531 5337 1656 5411 Romae,
1672 5339 1752 5415 apud
1774 5339 1805 5401 S.
1826 5339 1966 5415 Petrum,
1982 5341 2040 5402 sub
2054 5356 2108 5402 an·

1357 5430 1432 5492 nulo
1444 5430 1614 5506 Piscatoris,
1627 5429 1678 5492 die
1688 5447 1753 5492 ιιιι.
1767 5431 1913 5494 lebruarii
1926 5449 2107 5508 dcccxxx,

1358 5524 1552 5604 pontificatus
1574 5523 1673 5586 nostri
1694 5541 1777 5588 anno
1798 5542 1841 5586 ιι.

961 5741 1706 5798 ψ

2153 2458 2291 2507 clausulas.
2391 2475 2392 2478 ¹

2140 3855 2325 3918 berogalloton·

2139 3919 2271 3954 ranorum.
