4880 6982
134 569 193 624 An.
207 571 237 624 O.
259 572 328 624 1710

1027 583 1167 632 uterinus
1188 585 1233 630 Xl.

357 706 447 769 istinc
467 703 587 785 pridem
608 704 756 778 discessit,
779 710 808 766 te
830 719 893 766 non
919 703 1101 784 praetermi-

354 801 430 862 sisse
451 799 634 862 auctoritate
655 799 706 862 tui
727 797 893 860 confovere
908 805 1054 862 mutuum
1069 814 1098 858 a·

355 892 476 958 moreth
497 894 581 956 inter
600 893 753 956 hrmenos
768 898 798 954 et
812 891 1022 954 missioharios
1037 892 1100 953 llu-

355 1002 458 1067 ropae,
480 986 519 1049 ob
539 1002 618 1064 quae
637 984 736 1048 officia
750 984 924 1064 plurimum
939 986 995 1048 tibi
1009 985 1098 1048 debe·

354 1097 436 1156 mus,
459 1081 620 1158 Deumque
641 1078 740 1142 multo
762 1079 979 1142 vehementius
996 1095 1099 1158 preca·

354 1190 439 1248 mur,
461 1180 507 1248 nt,
530 1171 611 1252 quod
633 1171 666 1234 iu
693 1179 725 1234 te
752 1171 863 1250 coepit,
896 1172 1045 1251 perficiat,
1068 1179 1100 1234 et

354 1281 447 1345 super
466 1269 557 1344 caput
579 1273 670 1328 tuum
691 1263 806 1342 gratiae
831 1281 904 1328 suae
924 1266 1003 1328 dona
1024 1265 1101 1328 libe-

355 1359 461 1424 raliter
486 1359 649 1434 diffundat,
672 1375 731 1438 qua
754 1375 810 1438 spe
832 1359 1026 1437 apostolicam
1048 1360 1100 1424 he-

354 1453 565 1516 nedictionem
591 1451 777 1515 fraternitati
805 1459 874 1516 tuae
903 1461 1100 1532 peramanter

355 1547 564 1626 impertimur.

394 1641 504 1704 Datum
525 1641 651 1717 licntae,
670 1639 749 1718 apud
772 1639 803 1704 S.
819 1640 959 1714 Petrum,
974 1641 1032 1702 sub
1046 1655 1099 1704 an-

355 1733 430 1798 nulo
462 1734 636 1810 piscatoris,
669 1734 719 1797 die
750 1749 801 1795 xv.
830 1734 934 1798 martii
963 1749 1097 1810 nosen,

356 1829 549 1908 pontificatus
571 1827 669 1890 nostri
691 1843 773 1890 anuo
794 1843 826 1890 x.

664 2111 788 2176 XXXll.

358 2299 1100 2382 Eripit'GoogrcpotiouemBethlemitarumsub

397 2393 509 2474 requici
533 2395 564 2457 S.
581 2394 761 2473 Augustini
780 2395 816 2456 io
831 2393 934 2458 lodiis
953 2396 1101 2458 Occidere-

397 2485 519 2552 talibus
541 2487 577 2549 iu
598 2502 706 2549 aarum
727 2487 914 2566 religionem
934 2487 989 2568 (l).

555 2653 741 2724 eltutus
766 2655 827 2723 ΡΡ.
852 2655 897 2723 ΧΙ.

474 2778 511 2846 ad
533 2784 702 2863 perpetuam
726 2780 769 2848 rei
799 2781 978 2848 memoriani.

395 2959 441 3020 lin
461 2957 564 3022 debito
594 2957 752 3038 pastoralis
783 2958 885 3034 oflicii,
913 2974 974 3038 quo
996 2957 1101 3022 Eccle-

354 3055 416 3117 siae
432 3055 596 3117 catholicae
610 3069 666 3132 per
680 3053 867 3116 universum
882 3061 1036 3136 terrarum
1050 3068 1100 3113 or·

354 3147 426 3210 hem
456 3147 584 3210 diffusae
613 3146 759 3224 regimini
794 3147 898 3209 divina
928 3144 1099 3224 dispositio·

354 3257 396 3304 ne
410 3241 630 3321 praesidemus,
646 3240 902 3316 congregationes
918 3239 1100 3302 christifide-

354 3335 441 3410 lium,
472 3335 592 3414 pietatis
616 3339 648 3396 et
668 3333 852 3396 christianae
873 3333 1007 3396 caritatis
1028 3348 1098 3410 ope·

353 3431 438 3493 ribus
467 3429 504 3491 ad
534 3443 707 3507 pauperum
738 3426 938 3488 infirmorum
968 3431 999 3488 et
1026 3441 1098 3488 con-

353 3522 577 3586 valescentinm
604 3521 845 3584 subventionem
872 3528 903 3582 et
930 3519 1098 3582 utilitatem

353 3615 496 3679 laudabili
511 3615 612 3679 studio
628 3614 891 3688 incumbentium,
908 3619 1038 3692 paterno
1052 3629 1100 3676 ca-

353 3711 451 3774 ritatis
473 3709 583 3772 aflectu
616 3708 844 3787 prosequimur,
867 3706 1014 3785 felicique
1035 3705 1101 3767 illa-

353 3821 424 3868 rum
437 3803 542 3873 statui,
555 3819 600 3876 ac,
614 3808 649 3863 nt
663 3789 824 3878 personae,
840 3815 919 3877 quae
934 3805 996 3861 tam
1011 3799 1097 3876 pium

352 3898 435 3959 ritae
455 3896 636 3960 institutum
663 3899 878 3972 susceperunt,
901 3891 933 3953 in
956 3891 991 3954 ed
1012 3909 1098 3956 voca·

352 3995 438 4056 tione
459 3991 492 4053 iu
513 4006 572 4070 qua
592 3995 718 4051 vocatae
737 3994 812 4050 sunt
832 3993 1034 4066 perseverent
1049 4003 1098 4049 us-

352 4105 413 4168 que
443 4087 475 4148 in
507 4086 620 4161 linem,
653 4081 835 4162 opportunis
865 4081 1035 4144 rationibus
1065 4091 1098 4145 et

353 4179 507 4243 lareribus
521 4175 686 4256 providere
699 4177 873 4251 studemus,
889 4177 980 4252 sicut,
996 4177 1098 4240 omni-

352 4275 410 4336 bus
436 4278 558 4334 mature
583 4268 793 4344 consideratis,
816 4269 852 4330 ad
874 4269 1097 4349 omnipotentis

352 4369 407 4430 Dei
418 4365 561 4444 gloriam,
574 4364 698 4444 piorum
711 4378 843 4442 operum
854 4363 1096 4440 incrementum,

352 4467 384 4522 et
404 4459 581 4522 animarum
601 4457 736 4520 salutem
758 4455 903 4534 expedire
918 4457 952 4518 in
966 4456 1097 4520 Domino

352 4552 549 4615 arbitramur.

1154 709 1210 778 rat,
1242 710 1277 766 ut
1304 705 1339 766 ad
1371 719 1489 768 annum
1518 717 1728 768 nnonxxxvn.
1754 702 1898 767 undecim

1154 797 1312 878 hospitalia
1326 815 1397 862 curn
1408 797 1549 862 domibus
1564 797 1726 876 religiosis,
1739 797 1771 860 in
1786 797 1898 877 quibus

1153 892 1257 972 plures
1289 892 1424 970 religiosi
1455 891 1572 955 nedum
1597 893 1628 955 in
1656 891 1896 970 aegrotantium,

1153 985 1447 1062 convalescentium,
1469 1003 1502 1049 ac
1526 986 1700 1064 conugicso
1725 985 1835 1048 morbo
1856 985 1899 1048 la·

1153 1079 1329 1144 horantium
1357 1081 1429 1144 curi
1457 1097 1554 1160 aeque
1575 1080 1625 1160 pie
1649 1087 1680 1142 et
1705 1078 1898 1143 laudabiliter·

1152 1189 1185 1236 se
1206 1174 1400 1249 exercebant,
1423 1190 1535 1238 verum
1560 1175 1654 1236 etiam
1675 1174 1707 1235 iu
1729 1188 1898 1252 puerorum

1153 1267 1330 1330 eruditione
1348 1267 1456 1332 sedulo
1476 1267 1708 1343 incumbebant,
1724 1268 1846 1345 integre
1868 1283 1899 1330 e·

1153 1367 1235 1423 recta
1256 1368 1287 1423 et
1307 1359 1431 1426 fundata
1446 1361 1670 1440 reperirentur,
1686 1361 1783 1424 felicis
1797 1377 1898 1424 recor-

1153 1453 1283 1516 dationis
1303 1455 1503 1540 innocentius
1523 1454 1601 1534 Papa
1616 1454 1667 1518 Xl.
1684 1452 1899 1533 praedecessor

1154 1555 1270 1626 noster,
1292 1556 1411 1612 attento
1433 1556 1495 1612 tam
1515 1549 1666 1612 eiusmodi
1684 1548 1837 1627 spirituali
1852 1566 1899 1610 re·

1153 1658 1225 1706 rum
1255 1651 1436 1720 augmento,
1459 1650 1490 1706 et
1511 1659 1550 1704 ex
1570 1657 1607 1704 eo
1628 1642 1698 1721 quia
1729 1643 1901 1722 praedictae
1988 1693 1993 1704 .

1153 1735 1414 1800 confraternitatis
1445 1737 1505 1798 riri
1535 1736 1672 1800 strictius
1698 1735 1751 1798 Dei
1772 1736 1899 1798 servitio

1153 1845 1187 1892 se
1216 1830 1385 1908 mancipari
1415 1830 1594 1909 cupiebant,
1626 1828 1900 1910 supplicationibus

1154 1923 1258 1986 dilecti
1279 1924 1336 1986 lilii
1361 1923 1501 1987 hoderici
1522 1941 1538 1986 a
1561 1925 1670 2000 Crete,
1692 1924 1746 2002 qui
1768 1934 1843 1986 tunc
1863 1923 1899 1986 ad

1154 2017 1266 2079 almam
1297 2017 1413 2080 Urbem
1443 2025 1592 2094 nostram,
1615 2027 1691 2082 tunc
1718 2033 1820 2092 suam,
1844 2033 1901 2096 pro

1154 2111 1324 2192 expetenda
1351 2111 1475 2175 illarum
1501 2112 1791 2176 confraternitatum
1816 2127 1900 2173 erec·

1156 2206 1240 2268 tione
1261 2205 1294 2268 in
1316 2221 1421 2268 veram
1443 2215 1473 2269 et
1491 2207 1665 2284 religiosam
1681 2207 1900 2284 congregatio-

1154 2316 1227 2364 nem
1247 2315 1320 2364 cum
1341 2302 1535 2364 concessione
1557 2301 1752 2379 generalatus
1768 2318 1823 2381 pro
1837 2300 1899 2381 pri-

1154 2395 1203 2460 mi
1224 2397 1292 2460 vioe
1311 2396 1424 2460 ineius
1440 2395 1580 2474 persona,
1596 2395 1707 2459 missus
1722 2397 1833 2471 fuerat,
1848 2397 1899 2458 be

1155 2491 1251 2568 nigne
1272 2491 1449 2566 inclinatus,
1472 2489 1585 2552 dictam
1612 2489 1900 2554 confraternitatem

1153 2600 1209 2647 seu
1229 2583 1409 2646 societatem
1428 2581 1618 2647 confratrum
1639 2583 1899 2648 Bethlemitarum

1155 2693 1326 2757 pauperum
1353 2677 1636 2741 convalescentium
1663 2677 1695 2738 in
1724 2679 1898 2756 congrega·

1154 2771 1272 2834 tionem
1293 2771 1350 2836 sub
1372 2771 1478 2848 regula
1500 2771 1531 2834 S.
1552 2771 1732 2848 Augustini,
1754 2772 1811 2834 sub
1832 2771 1900 2850 qui-

1154 2865 1282 2928 busdam
1296 2865 1569 2928 constitutionibus
1584 2865 1766 2928 auctoritate
1780 2871 1898 2944 aposto·

1153 2959 1208 3022 lici
1229 2966 1377 3038 perpetuo
1399 2959 1497 3022 ererit
1513 2967 1545 3022 et
1565 2957 1711 3033 instituit,
1727 2975 1762 3022 ac
1775 2961 1898 3022 easdem

1153 3053 1392 3116 constitutiones
1413 3060 1478 3114 toto
1507 3053 1630 3115 illarum
1653 3061 1760 3115 tenore
1782 3053 1899 3114 inserto

1152 3161 1225 3209 cum
1253 3145 1397 3208 omnihus
1418 3153 1449 3208 et
1470 3145 1603 3224 singulis
1625 3147 1657 3209 in
1680 3147 1723 3209 eis
1744 3147 1898 3209 contentis

1152 3239 1347 3302 confirmauit
1368 3245 1399 3300 et
1420 3239 1609 3318 approbavit,
1625 3239 1749 3318 illisque
1768 3239 1898 3302 inviola-

1153 3333 1223 3395 bilis
1243 3331 1424 3412 apostolicae
1445 3333 1599 3396 firmitatis
1620 3334 1715 3396 robur
1729 3335 1848 3411 adiecit,
1865 3352 1899 3398 ac

1152 3441 1262 3488 omnes
1283 3433 1314 3488 et
1334 3425 1475 3504 singulos
1501 3427 1579 3488 iuris
1599 3435 1631 3489 et
1651 3426 1722 3489 facti
1748 3427 1896 3504 defectus,

1152 3520 1177 3582 si
1188 3521 1242 3599 qui
1253 3519 1383 3601 desuper
1397 3521 1627 3599 quomodolibet
1642 3521 1896 3598 intervenissent,

1151 3616 1321 3694 supplerit3
1344 3621 1501 3693 praeterea
1520 3613 1661 3678 eamdem
1676 3615 1896 3694 Congregatio·

1153 3723 1227 3770 nem
1247 3708 1290 3770 sic
1311 3724 1367 3788 per
1388 3724 1460 3771 enm
1491 3716 1636 3784 erectam,
1669 3709 1800 3788 eiusque
1826 3726 1899 3772 con·

1151 3800 1261 3864 fratres
1281 3808 1313 3864 et
1334 3799 1507 3881 hospitaha,
1539 3801 1679 3864 ecclesias
1699 3811 1731 3864 et
1752 3819 1897 3884 personas

1152 3910 1361 3974 quascumque
1382 3894 1420 3956 ab
1441 3896 1618 3959 omnimoda
1639 3895 1852 3960 iurisdictione
1866 3905 1897 3960 et

1151 3989 1343 4052 correctione
1369 4004 1637 4069 quorumcumque
1663 3990 1898 4054 ordinariorum

1152 4082 1291 4145 locorum
1312 4084 1417 4147 eedem
1443 4083 1624 4147 anctoritate
1644 4085 1761 4146 eremit
1782 4101 1815 4148 ac
1835 4085 1897 4164 ple-

1152 4177 1239 4240 narie
1260 4176 1413 4252 liheravit‚
1430 4177 1588 4256 ipsamque
1603 4177 1894 4255 congregationem,

1151 4271 1331 4346 coniratres,
1353 4269 1525 4348 hospitalia,
1548 4269 1688 4333 ecclesias
1709 4280 1739 4334 et
1754 4287 1898 4350 personas

1151 4363 1329 4426 huiusmodi
1343 4364 1401 4426 sub
1414 4365 1591 4426 immediata
1605 4367 1659 4426 sud
1673 4374 1704 4426 et
1719 4365 1805 4428 Sedis
1819 4364 1898 4443 hpc·

1151 4456 1277 4521 stolicae
1306 4457 1499 4534 protectione
1530 4463 1560 4518 et
1590 4457 1799 4533 subiectione,
1832 4457 1897 4537 pari

1152 4547 1334 4610 auctoritate
1348 4547 1495 4626 suscepit,
1511 4554 1542 4609 et
1554 4547 1637 4623 alias,
1650 4555 1743 4626 prout
1757 4549 1790 4610 in
1802 4548 1897 4626 ipsius

1820 562 1878 626 277
1928 557 1981 612 An.
1996 559 2026 612 G.
2047 556 2116 610 1710

1152 4641 1326 4704 innocentii
1354 4641 1593 4720 praedecessoris
1614 4641 1663 4704 die
1683 4655 1770 4702 xxvi.
1794 4642 1897 4704 martii

1152 4736 1225 4798 dicti
1239 4737 1313 4798 anni
1328 4751 1537 4800 unctxxxvrr.
1555 4737 1587 4797 in
1602 4735 1697 4800 simili
1712 4735 1811 4798 forma
1826 4737 1896 4798 Bre-

1151 4829 1198 4892 vis
1213 4831 1363 4910 expeditis
1377 4829 1500 4905 litteris,
1513 4846 1646 4910 quarum
1658 4837 1800 4894 tenorem
1811 4847 1898 4911 prae-

111 4711 133 4756 d,
145 4657 243 4703 arama
260 4665 334 4712 νηο-
390 4647 410 4723 g
433 4647 459 4708 1.
476 4647 558 4710 Aliis
571 4645 737 4725 siquidem,
755 4661 869 4723 nempe
883 4663 933 4707 an.
948 4660 1095 4720 unctui,

111 4713 334 4828 ςὲἳῖἶῗιιξῖῗὲἷῗᾶ
352 4747 515 4822 postquam
536 4741 570 4801 in
592 4739 717 4802 civitate
737 4736 928 4802 Guatimalae
942 4737 975 4800 in
991 4737 1096 4812 lnrliis,

112 4831 163 4866 '²¹¹¹
176 4822 276 4866 ”⁶⁸⁸³
350 4833 502 4911 singulari
523 4835 637 4912 pietate
662 4833 819 4911 quondam
840 4832 922 4894 Petri
944 4832 1098 4892 Betancur

351 4943 367 4988 a
389 4928 419 4990 S.
437 4927 575 5005 losepho,
591 4926 662 5001 viri,
679 4927 718 4988 ob
732 4926 797 4988 eius
811 4941 885 5002 erga
900 4925 999 4986 ileum
1014 4937 1098 4986 amo-

351 5035 430 5096 rem,
452 5035 487 5082 ac
506 5034 677 5099 pauperum
694 5017 977 5082 convalescentium
991 5031 1097 5093 aegro·

351 5113 548 5193 tantiumque
569 5112 739 5188 caritatem,
761 5111 898 5191 aliasque
918 5111 984 5172 eius
998 5110 1098 5172 virtu·

353 5215 410 5283 tes,
426 5214 461 5270 ut
481 5207 683 5282 asserebatur,
699 5207 771 5268 satis
788 5203 911 5268 abunde
924 5204 1007 5280 clari,
1025 5217 1096 5265 con-

350 5301 527 5364 fraternitas
538 5299 794 5362 Bethlemitarum
809 5306 998 5377 nuncupata,
1011 5297 1097 5376 prius

349 5393 515 5468 Ordinarii,
538 5401 569 5454 et
589 5392 701 5456 deinde
722 5391 808 5456 Sedis
822 5391 1014 5470 Apostolicae
1028 5406 1096 5453 auc·

351 5487 475 5549 ‘toritate
505 5486 696 5561 confirmata,
728 5484 889 5546 exordium
919 5486 1096 5564 desumpse-

351 5585 409 5655 rat,
431 5596 466 5642 ac
486 5579 689 5642 benedicente
710 5579 841 5641 Domino
861 5577 935 5640 adeo
950 5593 1095 5640 excreve-

391 5775 421 5832 (ll
437 5777 474 5821 Ex
488 5778 592 5834 Regest.
608 5777 635 5822 in
650 5777 725 5822 hrcla.
742 5779 836 5823 secret.
850 5781 921 5823 brev.
937 5780 1031 5826 Erecta
1045 5779 1095 5824 linit

350 5842 500 5890 huiusmodi
521 5843 694 5901 congregatio
713 5843 746 5890 ab
761 5845 911 5890 innocentio
924 5848 965 5890 xl.
989 5847 1092 5892 constit.

350 5909 411 5954 edit.
434 5921 618 5966 unctxxmvu,
639 5911 681 5956 die
700 5923 773 5956 xxvi.
789 5911 887 5966 martii,
909 5915 1035 5958 Ecclestoe
1055 5925 1094 5958 co·

350 5980 460 6023 thelicae
466 5989 476 6033 ;
497 5977 524 6022 in
538 5977 618 6023 huius
636 5977 769 6024 Pontilleis
787 5981 867 6026 const.
888 5981 949 6025 edit.
968 5989 1092 6035 unccvn,

1150 4922 1290 4986 sentibus
1310 4938 1366 5001 pro
1388 4923 1480 5002 plene
1502 4931 1533 4985 et
1549 4923 1740 4987 sufficienter
1754 4941 1897 5005 expresso

1152 5023 1183 5079 et
1204 5016 1320 5078 inserto
1340 5017 1446 5078 haberi
1473 5017 1629 5094 nolumus,
1653 5018 1778 5082 uberius
1799 5021 1897 5084 conti·

1152 5118 1254 5174 netur.
1279 5110 1480 5174 Postmodum
1501 5127 1576 5175 vero
1597 5111 1679 5175 idem
1699 5115 1896 5179 Innocentius

1151 5205 1375 5283 praedecessor,
1397 5211 1531 5282 accepto,
1547 5207 1692 5268 eumdem
1712 5205 1897 5269 hodericum

1151 5297 1373 5376 professionem
1388 5299 1420 5359 in
1436 5298 1542 5360 eadem
1554 5299 1801 5376 congregatione
1811 5301 1897 5362 iuxta

1151 5393 1318 5478 praedictas
1338 5391 1576 5454 constitutiones
1590 5407 1732 5471 expresse
1746 5393 1894 5470 emisisse,

1150 5484 1295 5548 illumin
1327 5485 1465 5564 primum
1494 5486 1685 5565 superiorem
1718 5486 1896 5564 generalem

1150 5577 1246 5640 dictae
1268 5593 1366 5640 norae
1386 5594 1440 5657 per
1454 5595 1528 5642 eum
1542 5585 1661 5641 erectae
1676 5580 1897 5658 congregatio-

1149 5778 1191 5824 die
1205 5789 1299 5826 xxviii.
1315 5777 1383 5834 iulii,
1393 5779 1482 5836 pontif.
1493 5790 1548 5834 vin,
1563 5779 1605 5824 illi
1619 5789 1741 5824 concesso
1754 5779 1827 5826 luere
1841 5780 1893 5837 pri·

1149 5847 1259 5904 vilegia3
1275 5849 1301 5892 et
1316 5847 1419 5892 constit.
1435 5846 1495 5892 edit.
1511 5857 1645 5900 unccxrv„
1659 5845 1701 5890 die
1716 5857 1781 5891 xxti.
1797 5847 1895 5892 decem-

1149 5912 1212 5968 bris,
1228 5914 1317 5969 poutif.
1329 5926 1382 5969 nv„
1397 5914 1487 5971 agitur
1501 5913 1532 5958 de
1546 5913 1674 5971 guter-nic
1689 5913 1769 5958 huius
1784 5915 1893 5970 Congre-

1149 5979 1270 6037 gationis.
