<?xml version="1.0" encoding="UTF-8"?>
<!DOCTYPE html PUBLIC "-//W3C//DTD XHTML 1.0 Transitional//EN"
    "http://www.w3.org/TR/xhtml1/DTD/xhtml1-transitional.dtd">
<html xmlns="http://www.w3.org/1999/xhtml" xml:lang="en" lang="en">
 <head>
  <title>
</title>
<meta http-equiv="Content-Type" content="text/html;charset=utf-8" />
  <meta name='ocr-system' content='tesseract 3.04.00' />
  <meta name='ocr-capabilities' content='ocr_page ocr_carea ocr_par ocr_line ocrx_word'/>
</head>
<body>
  <div class='ocr_page' id='page_1' title='image "./iurispontificii04martgoog_0513.png"; bbox 0 0 4844 6990; ppageno 0'>
   <div class='ocr_carea' id='block_1_1' title="bbox 115 572 317 627">
    <p class='ocr_par' dir='ltr' id='par_1_1' title="bbox 115 572 317 627">
     <span class='ocr_line' id='line_1_1' title="bbox 115 572 317 627; baseline 0.02 -5"><span class='ocrx_word' id='word_1_1' title='bbox 115 572 174 623; x_wconf 76' lang='lat' dir='ltr'>An.</span> <span class='ocrx_word' id='word_1_2' title='bbox 192 575 226 627; x_wconf 59' lang='grc' dir='ltr'>(Ἰ.</span> <span class='ocrx_word' id='word_1_3' title='bbox 250 573 317 626; x_wconf 77' lang='lat' dir='ltr'>tvae</span> 
     </span>
    </p>
   </div>
   <div class='ocr_carea' id='block_1_2' title="bbox 98 705 1097 2272">
    <p class='ocr_par' dir='ltr' id='par_1_2' title="bbox 348 705 1097 1157">
     <span class='ocr_line' id='line_1_2' title="bbox 349 705 1097 786; baseline 0 -18"><span class='ocrx_word' id='word_1_4' title='bbox 349 707 433 785; x_wconf 87' lang='lat' dir='ltr'>lique</span> <span class='ocrx_word' id='word_1_5' title='bbox 455 705 642 769; x_wconf 90' lang='lat' dir='ltr'>inviolabilis</span> <span class='ocrx_word' id='word_1_6' title='bbox 663 707 847 786; x_wconf 90' lang='lat' dir='ltr'>apostolicae</span> <span class='ocrx_word' id='word_1_7' title='bbox 871 707 1026 769; x_wconf 74' lang='lat' dir='ltr'>firmitatis</span> <span class='ocrx_word' id='word_1_8' title='bbox 1047 723 1097 768; x_wconf 94' lang='lat' dir='ltr'>ro-</span> 
     </span>
     <span class='ocr_line' id='line_1_3' title="bbox 349 799 1096 878; baseline -0.005 -14"><span class='ocrx_word' id='word_1_9' title='bbox 349 801 408 864; x_wconf 85' lang='lat' dir='ltr'>bur</span> <span class='ocrx_word' id='word_1_10' title='bbox 429 799 600 874; x_wconf 86' lang='lat' dir='ltr'>adiicimus,</span> <span class='ocrx_word' id='word_1_11' title='bbox 623 817 794 878; x_wconf 84' lang='lat' dir='ltr'>omnesque</span> <span class='ocrx_word' id='word_1_12' title='bbox 816 807 847 862; x_wconf 88' lang='lat' dir='ltr'>et</span> <span class='ocrx_word' id='word_1_13' title='bbox 864 800 1003 876; x_wconf 89' lang='lat' dir='ltr'>singulos</span> <span class='ocrx_word' id='word_1_14' title='bbox 1019 799 1096 861; x_wconf 87' lang='lat' dir='ltr'>iuris</span> 
     </span>
     <span class='ocr_line' id='line_1_4' title="bbox 348 893 1096 972; baseline 0 -18"><span class='ocrx_word' id='word_1_15' title='bbox 348 901 379 954; x_wconf 90' lang='lat' dir='ltr'>et</span> <span class='ocrx_word' id='word_1_16' title='bbox 401 893 470 956; x_wconf 91' lang='lat' dir='ltr'>lacti</span> <span class='ocrx_word' id='word_1_17' title='bbox 492 893 641 968; x_wconf 87' lang='lat' dir='ltr'>detectus,</span> <span class='ocrx_word' id='word_1_18' title='bbox 657 894 681 953; x_wconf 90' lang='lat' dir='ltr'>si</span> <span class='ocrx_word' id='word_1_19' title='bbox 697 895 750 971; x_wconf 85' lang='lat' dir='ltr'>qui</span> <span class='ocrx_word' id='word_1_20' title='bbox 773 895 905 972; x_wconf 76' lang='lat' dir='ltr'>desuper</span> <span class='ocrx_word' id='word_1_21' title='bbox 927 893 1096 971; x_wconf 83' lang='lat' dir='ltr'>quomodo·</span> 
     </span>
     <span class='ocr_line' id='line_1_5' title="bbox 349 985 1097 1066; baseline 0.003 -18"><span class='ocrx_word' id='word_1_22' title='bbox 349 985 424 1048; x_wconf 81' lang='lat' dir='ltr'>libet</span> <span class='ocrx_word' id='word_1_23' title='bbox 446 986 691 1061; x_wconf 77' lang='lat' dir='ltr'>intervenerint,</span> <span class='ocrx_word' id='word_1_24' title='bbox 715 989 792 1048; x_wconf 82' lang='lat' dir='ltr'>dictat</span> <span class='ocrx_word' id='word_1_25' title='bbox 821 988 1004 1050; x_wconf 87' lang='lat' dir='ltr'>auctoritate</span> <span class='ocrx_word' id='word_1_26' title='bbox 1024 1003 1097 1066; x_wconf 80' lang='lat' dir='ltr'>sup</span> 
     </span>
     <span class='ocr_line' id='line_1_6' title="bbox 349 1078 693 1157; baseline -0.006 -17"><span class='ocrx_word' id='word_1_27' title='bbox 349 1078 471 1157; x_wconf 87' lang='lat' dir='ltr'>plemus</span> <span class='ocrx_word' id='word_1_28' title='bbox 494 1087 524 1140; x_wconf 92' lang='lat' dir='ltr'>et</span> <span class='ocrx_word' id='word_1_29' title='bbox 539 1096 693 1142; x_wconf 86' lang='lat' dir='ltr'>sanarnus.</span> 
     </span>
    </p>

    <p class='ocr_par' dir='ltr' id='par_1_3' title="bbox 111 1173 1095 1251">
     <span class='ocr_line' id='line_1_7' title="bbox 111 1173 1095 1251; baseline 0.01 -27"><span class='ocrx_word' id='word_1_30' title='bbox 111 1235 116 1242; x_wconf 46' lang='grc'><strong>,</strong></span> <span class='ocrx_word' id='word_1_31' title='bbox 139 1182 328 1228; x_wconf 68' lang='lat' dir='ltr'>praesentium</span> <span class='ocrx_word' id='word_1_32' title='bbox 389 1176 405 1245; x_wconf 67' lang='lat' dir='ltr'>g</span> <span class='ocrx_word' id='word_1_33' title='bbox 428 1173 457 1234; x_wconf 86' lang='lat' dir='ltr'>t.</span> <span class='ocrx_word' id='word_1_34' title='bbox 483 1173 701 1247; x_wconf 85' lang='lat' dir='ltr'>Decernentes,</span> <span class='ocrx_word' id='word_1_35' title='bbox 718 1175 840 1236; x_wconf 89' lang='lat' dir='ltr'>easdem</span> <span class='ocrx_word' id='word_1_36' title='bbox 856 1179 1031 1251; x_wconf 80' lang='lat' dir='ltr'>praesentes</span> <span class='ocrx_word' id='word_1_37' title='bbox 1047 1175 1095 1236; x_wconf 89' lang='lat' dir='ltr'>lit·</span> 
     </span>
    </p>

    <p class='ocr_par' dir='ltr' id='par_1_4' title="bbox 98 1233 1097 2272">
     <span class='ocr_line' id='line_1_8' title="bbox 98 1233 1095 1344; baseline -0.004 -12"><span class='ocrx_word' id='word_1_38' title='bbox 98 1233 261 1333; x_wconf 44' lang='lat' dir='ltr'>atitfarsarum</span> <span class='ocrx_word' id='word_1_39' title='bbox 284 1235 329 1280; x_wconf 54' lang='lat'>¹¹¹²</span> <span class='ocrx_word' id='word_1_40' title='bbox 350 1273 429 1328; x_wconf 90' lang='lat' dir='ltr'>teras</span> <span class='ocrx_word' id='word_1_41' title='bbox 443 1281 567 1344; x_wconf 79' lang='lat' dir='ltr'>semper</span> <span class='ocrx_word' id='word_1_42' title='bbox 581 1267 697 1342; x_wconf 89' lang='lat' dir='ltr'>lirmas,</span> <span class='ocrx_word' id='word_1_43' title='bbox 712 1267 824 1329; x_wconf 89' lang='lat' dir='ltr'>validas</span> <span class='ocrx_word' id='word_1_44' title='bbox 836 1275 866 1329; x_wconf 92' lang='lat' dir='ltr'>et</span> <span class='ocrx_word' id='word_1_45' title='bbox 881 1268 1018 1330; x_wconf 84' lang='lat' dir='ltr'>efficaces</span> <span class='ocrx_word' id='word_1_46' title='bbox 1033 1267 1095 1328; x_wconf 88' lang='lat' dir='ltr'>exi-</span> 
     </span>
     <span class='ocr_line' id='line_1_9' title="bbox 347 1359 1095 1438; baseline 0.003 -20"><span class='ocrx_word' id='word_1_47' title='bbox 347 1368 428 1422; x_wconf 86' lang='lat' dir='ltr'>stere</span> <span class='ocrx_word' id='word_1_48' title='bbox 444 1367 474 1422; x_wconf 91' lang='lat' dir='ltr'>et</span> <span class='ocrx_word' id='word_1_49' title='bbox 490 1359 566 1434; x_wconf 88' lang='lat' dir='ltr'>lore,</span> <span class='ocrx_word' id='word_1_50' title='bbox 589 1375 722 1438; x_wconf 85' lang='lat' dir='ltr'>suosque</span> <span class='ocrx_word' id='word_1_51' title='bbox 743 1361 897 1438; x_wconf 90' lang='lat' dir='ltr'>plenarios</span> <span class='ocrx_word' id='word_1_52' title='bbox 913 1369 943 1422; x_wconf 92' lang='lat' dir='ltr'>et</span> <span class='ocrx_word' id='word_1_53' title='bbox 959 1361 1095 1436; x_wconf 86' lang='lat' dir='ltr'>integros</span> 
     </span>
     <span class='ocr_line' id='line_1_10' title="bbox 349 1451 1096 1532; baseline -0.001 -17"><span class='ocrx_word' id='word_1_54' title='bbox 349 1454 476 1516; x_wconf 78' lang='lat' dir='ltr'>allectus</span> <span class='ocrx_word' id='word_1_55' title='bbox 490 1451 592 1515; x_wconf 90' lang='lat' dir='ltr'>sortiri</span> <span class='ocrx_word' id='word_1_56' title='bbox 615 1462 646 1516; x_wconf 92' lang='lat' dir='ltr'>et</span> <span class='ocrx_word' id='word_1_57' title='bbox 667 1453 819 1527; x_wconf 85' lang='lat' dir='ltr'>obtinere,</span> <span class='ocrx_word' id='word_1_58' title='bbox 835 1471 869 1515; x_wconf 90' lang='lat' dir='ltr'>ac</span> <span class='ocrx_word' id='word_1_59' title='bbox 885 1453 955 1528; x_wconf 93' lang='lat' dir='ltr'>illis,</span> <span class='ocrx_word' id='word_1_60' title='bbox 968 1456 1003 1516; x_wconf 87' lang='lat' dir='ltr'>ad</span> <span class='ocrx_word' id='word_1_61' title='bbox 1019 1471 1096 1532; x_wconf 78' lang='lat' dir='ltr'>auos</span> 
     </span>
     <span class='ocr_line' id='line_1_11' title="bbox 347 1546 1097 1626; baseline 0 -18"><span class='ocrx_word' id='word_1_62' title='bbox 347 1554 463 1626; x_wconf 88' lang='lat' dir='ltr'>spectat</span> <span class='ocrx_word' id='word_1_63' title='bbox 483 1555 513 1608; x_wconf 91' lang='lat' dir='ltr'>et</span> <span class='ocrx_word' id='word_1_64' title='bbox 534 1547 682 1625; x_wconf 80' lang='lat' dir='ltr'>spectabit</span> <span class='ocrx_word' id='word_1_65' title='bbox 697 1547 727 1608; x_wconf 94' lang='lat' dir='ltr'>in</span> <span class='ocrx_word' id='word_1_66' title='bbox 744 1546 900 1621; x_wconf 87' lang='lat' dir='ltr'>tutorum,</span> <span class='ocrx_word' id='word_1_67' title='bbox 916 1546 1097 1626; x_wconf 83' lang='lat' dir='ltr'>plenissime</span> 
     </span>
     <span class='ocr_line' id='line_1_12' title="bbox 348 1639 1097 1718; baseline 0.001 -19"><span class='ocrx_word' id='word_1_68' title='bbox 348 1639 521 1716; x_wconf 75' lang='lat' dir='ltr'>suflragari,</span> <span class='ocrx_word' id='word_1_69' title='bbox 544 1646 574 1699; x_wconf 92' lang='lat' dir='ltr'>et</span> <span class='ocrx_word' id='word_1_70' title='bbox 596 1639 697 1700; x_wconf 90' lang='lat' dir='ltr'>abeis</span> <span class='ocrx_word' id='word_1_71' title='bbox 719 1640 890 1718; x_wconf 79' lang='lat' dir='ltr'>respective</span> <span class='ocrx_word' id='word_1_72' title='bbox 912 1639 1097 1701; x_wconf 89' lang='lat' dir='ltr'>inviolabili·</span> 
     </span>
     <span class='ocr_line' id='line_1_13' title="bbox 349 1716 1095 1811; baseline -0.001 -17"><span class='ocrx_word' id='word_1_73' title='bbox 349 1741 396 1794; x_wconf 91' lang='lat' dir='ltr'>ter</span> <span class='ocrx_word' id='word_1_74' title='bbox 410 1732 579 1804; x_wconf 88' lang='lat' dir='ltr'>observari,</span> <span class='ocrx_word' id='word_1_75' title='bbox 592 1733 694 1811; x_wconf 85' lang='lat' dir='ltr'>sicque</span> <span class='ocrx_word' id='word_1_76' title='bbox 707 1733 738 1793; x_wconf 95' lang='lat' dir='ltr'>in</span> <span class='ocrx_word' id='word_1_77' title='bbox 750 1733 925 1811; x_wconf 82' lang='lat' dir='ltr'>praemissis</span> <span class='ocrx_word' id='word_1_78' title='bbox 938 1716 994 1811; x_wconf 84' lang='lat' dir='ltr'>&#39;per</span> <span class='ocrx_word' id='word_1_79' title='bbox 1005 1749 1095 1810; x_wconf 87' lang='lat' dir='ltr'>quos-</span> 
     </span>
     <span class='ocr_line' id='line_1_14' title="bbox 348 1825 1095 1903; baseline 0 -17"><span class='ocrx_word' id='word_1_80' title='bbox 348 1841 482 1903; x_wconf 89' lang='lat' dir='ltr'>cumque</span> <span class='ocrx_word' id='word_1_81' title='bbox 513 1827 628 1888; x_wconf 91' lang='lat' dir='ltr'>iudices</span> <span class='ocrx_word' id='word_1_82' title='bbox 658 1825 830 1888; x_wconf 89' lang='lat' dir='ltr'>ordinarios</span> <span class='ocrx_word' id='word_1_83' title='bbox 861 1832 890 1886; x_wconf 89' lang='lat' dir='ltr'>et</span> <span class='ocrx_word' id='word_1_84' title='bbox 923 1825 1095 1902; x_wconf 89' lang='lat' dir='ltr'>delegatos,</span> 
     </span>
     <span class='ocr_line' id='line_1_15' title="bbox 348 1917 1094 1996; baseline 0 -18"><span class='ocrx_word' id='word_1_85' title='bbox 348 1919 440 1979; x_wconf 89' lang='lat' dir='ltr'>otiam</span> <span class='ocrx_word' id='word_1_86' title='bbox 463 1934 624 1980; x_wconf 89' lang='lat' dir='ltr'>causarum</span> <span class='ocrx_word' id='word_1_87' title='bbox 640 1918 740 1996; x_wconf 88' lang='lat' dir='ltr'>palatii</span> <span class='ocrx_word' id='word_1_88' title='bbox 756 1917 913 1996; x_wconf 90' lang='lat' dir='ltr'>apostolici</span> <span class='ocrx_word' id='word_1_89' title='bbox 928 1917 1094 1991; x_wconf 77' lang='lat' dir='ltr'>auditores,</span> 
     </span>
     <span class='ocr_line' id='line_1_16' title="bbox 350 2010 1096 2084; baseline 0.001 -14"><span class='ocrx_word' id='word_1_90' title='bbox 350 2010 474 2072; x_wconf 89' lang='lat' dir='ltr'>iudicari</span> <span class='ocrx_word' id='word_1_91' title='bbox 496 2021 527 2074; x_wconf 89' lang='lat' dir='ltr'>et</span> <span class='ocrx_word' id='word_1_92' title='bbox 548 2011 672 2072; x_wconf 72' lang='lat' dir='ltr'>(letiniri</span> <span class='ocrx_word' id='word_1_93' title='bbox 704 2012 835 2084; x_wconf 91' lang='lat' dir='ltr'>debere,</span> <span class='ocrx_word' id='word_1_94' title='bbox 858 2028 889 2072; x_wconf 90' lang='lat' dir='ltr'>ac</span> <span class='ocrx_word' id='word_1_95' title='bbox 917 2011 1043 2072; x_wconf 89' lang='lat' dir='ltr'>irritum</span> <span class='ocrx_word' id='word_1_96' title='bbox 1065 2018 1096 2071; x_wconf 90' lang='lat' dir='ltr'>et</span> 
     </span>
     <span class='ocr_line' id='line_1_17' title="bbox 348 2101 1096 2182; baseline -0.001 -19"><span class='ocrx_word' id='word_1_97' title='bbox 348 2102 452 2178; x_wconf 92' lang='lat' dir='ltr'>inane,</span> <span class='ocrx_word' id='word_1_98' title='bbox 464 2103 490 2164; x_wconf 93' lang='lat' dir='ltr'>si</span> <span class='ocrx_word' id='word_1_99' title='bbox 503 2119 592 2165; x_wconf 91' lang='lat' dir='ltr'>secus</span> <span class='ocrx_word' id='word_1_100' title='bbox 606 2119 698 2182; x_wconf 92' lang='lat' dir='ltr'>super</span> <span class='ocrx_word' id='word_1_101' title='bbox 712 2103 759 2165; x_wconf 88' lang='lat' dir='ltr'>his</span> <span class='ocrx_word' id='word_1_102' title='bbox 774 2119 789 2162; x_wconf 88' lang='lat' dir='ltr'>a</span> <span class='ocrx_word' id='word_1_103' title='bbox 806 2117 974 2182; x_wconf 87' lang='lat' dir='ltr'>quoquam,</span> <span class='ocrx_word' id='word_1_104' title='bbox 987 2101 1096 2180; x_wconf 87' lang='lat' dir='ltr'>quavis</span> 
     </span>
     <span class='ocr_line' id='line_1_18' title="bbox 347 2196 1095 2272; baseline -0.001 -17"><span class='ocrx_word' id='word_1_105' title='bbox 347 2197 538 2272; x_wconf 91' lang='lat' dir='ltr'>auctoritate,</span> <span class='ocrx_word' id='word_1_106' title='bbox 560 2196 694 2258; x_wconf 90' lang='lat' dir='ltr'>scienter</span> <span class='ocrx_word' id='word_1_107' title='bbox 709 2196 757 2256; x_wconf 93' lang='lat' dir='ltr'>vel</span> <span class='ocrx_word' id='word_1_108' title='bbox 782 2197 972 2272; x_wconf 82' lang='lat' dir='ltr'>ignoranter,</span> <span class='ocrx_word' id='word_1_109' title='bbox 996 2197 1095 2256; x_wconf 90' lang='lat' dir='ltr'>conti-</span> 
     </span>
    </p>
   </div>
   <div class='ocr_carea' id='block_1_3' title="bbox 349 2289 606 2364">
    <p class='ocr_par' dir='ltr' id='par_1_5' title="bbox 349 2289 606 2364">
     <span class='ocr_line' id='line_1_19' title="bbox 349 2289 606 2364; baseline 0 -16"><span class='ocrx_word' id='word_1_110' title='bbox 349 2289 429 2364; x_wconf 89' lang='lat' dir='ltr'>gerit</span> <span class='ocrx_word' id='word_1_111' title='bbox 450 2289 606 2350; x_wconf 90' lang='lat' dir='ltr'>attentari.</span> 
     </span>
    </p>
   </div>
   <div class='ocr_carea' id='block_1_4' title="bbox 120 2391 329 2445">
    <p class='ocr_par' dir='ltr' id='par_1_6' title="bbox 120 2391 329 2445">
     <span class='ocr_line' id='line_1_20' title="bbox 120 2391 329 2445; baseline -0.01 -10"><span class='ocrx_word' id='word_1_112' title='bbox 120 2391 329 2445; x_wconf 85' lang='lat' dir='ltr'>Derogatiocon-</span> 
     </span>
    </p>
   </div>
   <div class='ocr_carea' id='block_1_5' title="bbox 106 2379 1095 2489">
    <p class='ocr_par' dir='ltr' id='par_1_7' title="bbox 106 2379 1095 2489">
     <span class='ocr_line' id='line_1_21' title="bbox 106 2379 1095 2489; baseline -0.031 -18"><span class='ocrx_word' id='word_1_113' title='bbox 106 2445 263 2489; x_wconf 73' lang='lat' dir='ltr'>tractorum.</span> <span class='ocrx_word' id='word_1_114' title='bbox 388 2381 407 2455; x_wconf 70' lang='grc' dir='ltr'>ἓ</span> <span class='ocrx_word' id='word_1_115' title='bbox 428 2381 457 2442; x_wconf 82' lang='grc'>5.</span> <span class='ocrx_word' id='word_1_116' title='bbox 481 2379 549 2442; x_wconf 89' lang='grc' dir='ltr'>Ν33</span> <span class='ocrx_word' id='word_1_117' title='bbox 568 2382 760 2444; x_wconf 83' lang='lat' dir='ltr'>obstantibus</span> <span class='ocrx_word' id='word_1_118' title='bbox 775 2379 1050 2442; x_wconf 81' lang='lat' dir='ltr'>constitutionibus</span> <span class='ocrx_word' id='word_1_119' title='bbox 1063 2386 1095 2440; x_wconf 91' lang='lat' dir='ltr'>et</span> 
     </span>
    </p>
   </div>
   <div class='ocr_carea' id='block_1_6' title="bbox 346 2473 1096 4138">
    <p class='ocr_par' dir='ltr' id='par_1_8' title="bbox 346 2473 1096 3859">
     <span class='ocr_line' id='line_1_22' title="bbox 348 2473 1091 2553; baseline -0.001 -18"><span class='ocrx_word' id='word_1_120' title='bbox 348 2474 593 2536; x_wconf 87' lang='lat' dir='ltr'>ordinationibus</span> <span class='ocrx_word' id='word_1_121' title='bbox 615 2474 799 2553; x_wconf 88' lang='lat' dir='ltr'>apostolicis,</span> <span class='ocrx_word' id='word_1_122' title='bbox 823 2489 944 2536; x_wconf 89' lang='lat' dir='ltr'>necnon</span> <span class='ocrx_word' id='word_1_123' title='bbox 966 2473 1091 2552; x_wconf 90' lang='lat' dir='ltr'>provin·</span> 
     </span>
     <span class='ocr_line' id='line_1_23' title="bbox 348 2565 1095 2645; baseline -0.003 -17"><span class='ocrx_word' id='word_1_124' title='bbox 348 2567 411 2628; x_wconf 87' lang='lat' dir='ltr'>aiae</span> <span class='ocrx_word' id='word_1_125' title='bbox 431 2574 462 2628; x_wconf 90' lang='lat' dir='ltr'>et</span> <span class='ocrx_word' id='word_1_126' title='bbox 483 2566 617 2641; x_wconf 87' lang='lat' dir='ltr'>Ordinis,</span> <span class='ocrx_word' id='word_1_127' title='bbox 640 2567 879 2645; x_wconf 86' lang='lat' dir='ltr'>praedictorum,</span> <span class='ocrx_word' id='word_1_128' title='bbox 899 2567 993 2628; x_wconf 89' lang='lat' dir='ltr'>etiarn</span> <span class='ocrx_word' id='word_1_129' title='bbox 1015 2565 1095 2627; x_wconf 90' lang='lat' dir='ltr'>iura-</span> 
     </span>
     <span class='ocr_line' id='line_1_24' title="bbox 348 2660 1095 2738; baseline -0.003 -16"><span class='ocrx_word' id='word_1_130' title='bbox 348 2668 467 2735; x_wconf 90' lang='lat' dir='ltr'>mento,</span> <span class='ocrx_word' id='word_1_131' title='bbox 493 2661 730 2722; x_wconf 82' lang='lat' dir='ltr'>confirmatione</span> <span class='ocrx_word' id='word_1_132' title='bbox 752 2661 925 2738; x_wconf 83' lang='lat' dir='ltr'>apostolica,</span> <span class='ocrx_word' id='word_1_133' title='bbox 949 2660 997 2721; x_wconf 92' lang='lat' dir='ltr'>vel</span> <span class='ocrx_word' id='word_1_134' title='bbox 1021 2676 1095 2737; x_wconf 85' lang='lat' dir='ltr'>qua-</span> 
     </span>
     <span class='ocr_line' id='line_1_25' title="bbox 348 2753 1096 2827; baseline -0.003 -11"><span class='ocrx_word' id='word_1_135' title='bbox 348 2754 395 2816; x_wconf 86' lang='lat' dir='ltr'>vis</span> <span class='ocrx_word' id='word_1_136' title='bbox 417 2753 562 2816; x_wconf 86' lang='lat' dir='ltr'>tirmitate</span> <span class='ocrx_word' id='word_1_137' title='bbox 584 2753 640 2816; x_wconf 80' lang='grc'><strong>3113</strong></span> <span class='ocrx_word' id='word_1_138' title='bbox 662 2753 821 2827; x_wconf 89' lang='lat' dir='ltr'>roboratis,</span> <span class='ocrx_word' id='word_1_139' title='bbox 837 2753 961 2814; x_wconf 90' lang='lat' dir='ltr'>statutis</span> <span class='ocrx_word' id='word_1_140' title='bbox 979 2761 1010 2814; x_wconf 91' lang='lat' dir='ltr'>et</span> <span class='ocrx_word' id='word_1_141' title='bbox 1024 2769 1096 2814; x_wconf 93' lang='lat' dir='ltr'>con·</span> 
     </span>
     <span class='ocr_line' id='line_1_26' title="bbox 347 2845 1095 2925; baseline -0.003 -16"><span class='ocrx_word' id='word_1_142' title='bbox 347 2847 579 2921; x_wconf 81' lang='lat' dir='ltr'>suetutlinibus,</span> <span class='ocrx_word' id='word_1_143' title='bbox 603 2846 773 2925; x_wconf 90' lang='lat' dir='ltr'>privilegiis</span> <span class='ocrx_word' id='word_1_144' title='bbox 798 2851 939 2924; x_wconf 84' lang='lat' dir='ltr'>quoque,</span> <span class='ocrx_word' id='word_1_145' title='bbox 965 2845 1095 2908; x_wconf 85' lang='lat' dir='ltr'>indultis</span> 
     </span>
     <span class='ocr_line' id='line_1_27' title="bbox 348 2939 1095 3018; baseline -0.004 -17"><span class='ocrx_word' id='word_1_146' title='bbox 348 2949 378 3002; x_wconf 91' lang='lat' dir='ltr'>et</span> <span class='ocrx_word' id='word_1_147' title='bbox 404 2939 515 3002; x_wconf 89' lang='lat' dir='ltr'>litteris</span> <span class='ocrx_word' id='word_1_148' title='bbox 539 2939 710 3018; x_wconf 89' lang='lat' dir='ltr'>apostolicis</span> <span class='ocrx_word' id='word_1_149' title='bbox 736 2939 768 3000; x_wconf 93' lang='lat' dir='ltr'>iu</span> <span class='ocrx_word' id='word_1_150' title='bbox 793 2939 984 3000; x_wconf 90' lang='lat' dir='ltr'>contrarium</span> <span class='ocrx_word' id='word_1_151' title='bbox 1010 2953 1095 3016; x_wconf 88' lang='lat' dir='ltr'>prae-</span> 
     </span>
     <span class='ocr_line' id='line_1_28' title="bbox 348 3031 1095 3112; baseline -0.001 -18"><span class='ocrx_word' id='word_1_152' title='bbox 348 3034 514 3096; x_wconf 90' lang='lat' dir='ltr'>missorum</span> <span class='ocrx_word' id='word_1_153' title='bbox 541 3031 772 3112; x_wconf 87' lang='lat' dir='ltr'>quomodolibet</span> <span class='ocrx_word' id='word_1_154' title='bbox 799 3032 961 3106; x_wconf 87' lang='lat' dir='ltr'>concessis,</span> <span class='ocrx_word' id='word_1_155' title='bbox 984 3032 1095 3094; x_wconf 90' lang='lat' dir='ltr'>contir-</span> 
     </span>
     <span class='ocr_line' id='line_1_29' title="bbox 347 3125 1095 3204; baseline -0.001 -16"><span class='ocrx_word' id='word_1_156' title='bbox 347 3128 437 3188; x_wconf 90' lang='lat' dir='ltr'>matis</span> <span class='ocrx_word' id='word_1_157' title='bbox 468 3133 500 3189; x_wconf 90' lang='lat' dir='ltr'>et</span> <span class='ocrx_word' id='word_1_158' title='bbox 530 3125 706 3200; x_wconf 75' lang='lat' dir='ltr'>innovatis,</span> <span class='ocrx_word' id='word_1_159' title='bbox 741 3125 853 3204; x_wconf 86' lang='lat' dir='ltr'>quibus</span> <span class='ocrx_word' id='word_1_160' title='bbox 887 3125 1032 3186; x_wconf 91' lang='lat' dir='ltr'>omnibus</span> <span class='ocrx_word' id='word_1_161' title='bbox 1064 3133 1095 3187; x_wconf 92' lang='lat' dir='ltr'>et</span> 
     </span>
     <span class='ocr_line' id='line_1_30' title="bbox 346 3217 1096 3297; baseline -0.003 -17"><span class='ocrx_word' id='word_1_162' title='bbox 346 3219 491 3296; x_wconf 87' lang='lat' dir='ltr'>singulis,</span> <span class='ocrx_word' id='word_1_163' title='bbox 513 3219 640 3281; x_wconf 92' lang='lat' dir='ltr'>illorum</span> <span class='ocrx_word' id='word_1_164' title='bbox 663 3227 785 3280; x_wconf 91' lang='lat' dir='ltr'>tenores</span> <span class='ocrx_word' id='word_1_165' title='bbox 807 3234 862 3297; x_wconf 92' lang='lat' dir='ltr'>pro</span> <span class='ocrx_word' id='word_1_166' title='bbox 884 3217 973 3296; x_wconf 91' lang='lat' dir='ltr'>plene</span> <span class='ocrx_word' id='word_1_167' title='bbox 989 3225 1019 3279; x_wconf 90' lang='lat' dir='ltr'>et</span> <span class='ocrx_word' id='word_1_168' title='bbox 1033 3218 1096 3281; x_wconf 89' lang='lat' dir='ltr'>sul-</span> 
     </span>
     <span class='ocr_line' id='line_1_31' title="bbox 348 3311 1094 3392; baseline -0.001 -17"><span class='ocrx_word' id='word_1_169' title='bbox 348 3313 487 3376; x_wconf 90' lang='lat' dir='ltr'>licienter</span> <span class='ocrx_word' id='word_1_170' title='bbox 502 3313 653 3392; x_wconf 85' lang='lat' dir='ltr'>expressis</span> <span class='ocrx_word' id='word_1_171' title='bbox 673 3329 708 3374; x_wconf 90' lang='lat' dir='ltr'>ac</span> <span class='ocrx_word' id='word_1_172' title='bbox 728 3311 766 3374; x_wconf 85' lang='lat' dir='ltr'>tle</span> <span class='ocrx_word' id='word_1_173' title='bbox 787 3311 882 3372; x_wconf 91' lang='lat' dir='ltr'>verbo</span> <span class='ocrx_word' id='word_1_174' title='bbox 904 3312 938 3373; x_wconf 90' lang='lat' dir='ltr'>ad</span> <span class='ocrx_word' id='word_1_175' title='bbox 962 3311 1094 3374; x_wconf 92' lang='lat' dir='ltr'>verbum</span> 
     </span>
     <span class='ocr_line' id='line_1_32' title="bbox 348 3403 1095 3479; baseline -0.003 -12"><span class='ocrx_word' id='word_1_176' title='bbox 348 3407 471 3468; x_wconf 92' lang='lat' dir='ltr'>insertis</span> <span class='ocrx_word' id='word_1_177' title='bbox 493 3407 653 3479; x_wconf 91' lang='lat' dir='ltr'>babentes,</span> <span class='ocrx_word' id='word_1_178' title='bbox 677 3405 826 3466; x_wconf 77' lang='grc'><strong>1111331113</strong></span> <span class='ocrx_word' id='word_1_179' title='bbox 848 3403 880 3465; x_wconf 93' lang='lat' dir='ltr'>in</span> <span class='ocrx_word' id='word_1_180' title='bbox 908 3421 964 3466; x_wconf 90' lang='grc'>333</span> <span class='ocrx_word' id='word_1_181' title='bbox 986 3404 1095 3466; x_wconf 89' lang='lat' dir='ltr'>robore</span> 
     </span>
     <span class='ocr_line' id='line_1_33' title="bbox 347 3497 1092 3579; baseline -0.003 -19"><span class='ocrx_word' id='word_1_182' title='bbox 347 3499 573 3579; x_wconf 88' lang='lat' dir='ltr'>permansuris,</span> <span class='ocrx_word' id='word_1_183' title='bbox 603 3499 639 3560; x_wconf 91' lang='lat' dir='ltr'>ad</span> <span class='ocrx_word' id='word_1_184' title='bbox 665 3499 905 3578; x_wconf 88' lang='lat' dir='ltr'>praemissorum</span> <span class='ocrx_word' id='word_1_185' title='bbox 936 3497 1092 3571; x_wconf 85' lang='lat' dir='ltr'>ellectum,</span> 
     </span>
     <span class='ocr_line' id='line_1_34' title="bbox 348 3591 1095 3670; baseline -0.005 -16"><span class='ocrx_word' id='word_1_186' title='bbox 348 3594 402 3654; x_wconf 87' lang='grc'>133</span> <span class='ocrx_word' id='word_1_187' title='bbox 424 3594 490 3654; x_wconf 89' lang='lat' dir='ltr'>vice</span> <span class='ocrx_word' id='word_1_188' title='bbox 511 3592 683 3667; x_wconf 86' lang='lat' dir='ltr'>dumtaxat,</span> <span class='ocrx_word' id='word_1_189' title='bbox 706 3591 879 3670; x_wconf 89' lang='lat' dir='ltr'>specialiter</span> <span class='ocrx_word' id='word_1_190' title='bbox 900 3599 930 3651; x_wconf 91' lang='lat' dir='ltr'>et</span> <span class='ocrx_word' id='word_1_191' title='bbox 952 3605 1095 3668; x_wconf 80' lang='lat' dir='ltr'>expresse</span> 
     </span>
     <span class='ocr_line' id='line_1_35' title="bbox 347 3683 1095 3764; baseline -0.005 -16"><span class='ocrx_word' id='word_1_192' title='bbox 347 3688 547 3764; x_wconf 84' lang='lat' dir='ltr'>derogamus;</span> <span class='ocrx_word' id='word_1_193' title='bbox 577 3685 752 3763; x_wconf 84' lang='lat' dir='ltr'>ceterisque</span> <span class='ocrx_word' id='word_1_194' title='bbox 778 3683 941 3747; x_wconf 88' lang='lat' dir='ltr'>contrariis</span> <span class='ocrx_word' id='word_1_195' title='bbox 970 3683 1095 3762; x_wconf 90' lang='lat' dir='ltr'>quibus·</span> 
     </span>
     <span class='ocr_line' id='line_1_36' title="bbox 348 3795 492 3859; baseline 0 -18"><span class='ocrx_word' id='word_1_196' title='bbox 348 3795 492 3859; x_wconf 91' lang='lat' dir='ltr'>cumque.</span> 
     </span>
    </p>

    <p class='ocr_par' dir='ltr' id='par_1_9' title="bbox 348 3869 1095 4138">
     <span class='ocr_line' id='line_1_37' title="bbox 388 3869 1095 3950; baseline -0.008 -14"><span class='ocrx_word' id='word_1_197' title='bbox 388 3875 498 3936; x_wconf 87' lang='lat' dir='ltr'>ilatum</span> <span class='ocrx_word' id='word_1_198' title='bbox 528 3874 658 3948; x_wconf 85' lang='lat' dir='ltr'>Romae,</span> <span class='ocrx_word' id='word_1_199' title='bbox 687 3871 764 3950; x_wconf 84' lang='lat' dir='ltr'>aputl</span> <span class='ocrx_word' id='word_1_200' title='bbox 792 3869 823 3934; x_wconf 91' lang='lat' dir='ltr'>S.</span> <span class='ocrx_word' id='word_1_201' title='bbox 848 3869 973 3932; x_wconf 89' lang='lat' dir='ltr'>blaviam</span> <span class='ocrx_word' id='word_1_202' title='bbox 1004 3871 1095 3932; x_wconf 84' lang='grc'><strong>11313-</strong></span> 
     </span>
     <span class='ocr_line' id='line_1_38' title="bbox 348 3963 1094 4042; baseline -0.005 -15"><span class='ocrx_word' id='word_1_203' title='bbox 348 3981 427 4042; x_wconf 83' lang='grc'><strong>333,</strong></span> <span class='ocrx_word' id='word_1_204' title='bbox 450 3967 508 4028; x_wconf 88' lang='lat' dir='ltr'>sub</span> <span class='ocrx_word' id='word_1_205' title='bbox 530 3965 646 4028; x_wconf 89' lang='lat' dir='ltr'>annulo</span> <span class='ocrx_word' id='word_1_206' title='bbox 662 3965 833 4038; x_wconf 87' lang='lat' dir='ltr'>Piscatoris,</span> <span class='ocrx_word' id='word_1_207' title='bbox 856 3965 904 4026; x_wconf 92' lang='lat' dir='ltr'>die</span> <span class='ocrx_word' id='word_1_208' title='bbox 920 3963 1094 4040; x_wconf 78' lang='lat' dir='ltr'>vraugusti</span> 
     </span>
     <span class='ocr_line' id='line_1_39' title="bbox 348 4058 1049 4138; baseline -0.007 -17"><span class='ocrx_word' id='word_1_209' title='bbox 348 4075 565 4134; x_wconf 63' lang='lat' dir='ltr'>xoooxxxrx,</span> <span class='ocrx_word' id='word_1_210' title='bbox 588 4059 784 4138; x_wconf 81' lang='lat' dir='ltr'>pontificatus.</span> <span class='ocrx_word' id='word_1_211' title='bbox 806 4058 903 4118; x_wconf 88' lang='lat' dir='ltr'>nostri</span> <span class='ocrx_word' id='word_1_212' title='bbox 920 4073 1002 4117; x_wconf 90' lang='grc'><strong>3333</strong></span> <span class='ocrx_word' id='word_1_213' title='bbox 1019 4073 1049 4117; x_wconf 92' lang='lat' dir='ltr'>x.</span> 
     </span>
    </p>
   </div>
   <div class='ocr_carea' id='block_1_7' title="bbox 604 4217 842 4228">
    <p class='ocr_par' dir='ltr' id='par_1_10' title="bbox 604 4217 842 4228">
     <span class='ocr_line' id='line_1_40' title="bbox 604 4217 842 4228; baseline -0.013 0"><span class='ocrx_word' id='word_1_214' title='bbox 604 4217 842 4228; x_wconf 75' lang='lat'>..-..—.....---</span> 
     </span>
    </p>
   </div>
   <div class='ocr_carea' id='block_1_8' title="bbox 707 4342 741 4404">
    <p class='ocr_par' dir='ltr' id='par_1_11' title="bbox 707 4342 741 4404">
     <span class='ocr_line' id='line_1_41' title="bbox 707 4342 741 4404; baseline 0.029 -2"><span class='ocrx_word' id='word_1_215' title='bbox 707 4342 741 4404; x_wconf 84' lang='lat' dir='ltr'>L.</span> 
     </span>
    </p>
   </div>
   <div class='ocr_carea' id='block_1_9' title="bbox 351 4523 1097 5166">
    <p class='ocr_par' dir='ltr' id='par_1_12' title="bbox 351 4523 1097 5166">
     <span class='ocr_line' id='line_1_42' title="bbox 351 4523 1095 4610; baseline -0.009 -18"><span class='ocrx_word' id='word_1_216' title='bbox 351 4528 526 4610; x_wconf 78' lang='lat' dir='ltr'>Confirmat</span> <span class='ocrx_word' id='word_1_217' title='bbox 549 4530 678 4610; x_wconf 74' lang='lat' dir='ltr'>repellas</span> <span class='ocrx_word' id='word_1_218' title='bbox 700 4543 758 4606; x_wconf 88' lang='lat' dir='ltr'>pro</span> <span class='ocrx_word' id='word_1_219' title='bbox 779 4525 942 4590; x_wconf 82' lang='lat' dir='ltr'>raoaacbis</span> <span class='ocrx_word' id='word_1_220' title='bbox 965 4523 1095 4588; x_wconf 84' lang='lat' dir='ltr'>Graecis</span> 
     </span>
     <span class='ocr_line' id='line_1_43' title="bbox 390 4619 1094 4702; baseline -0.014 -14"><span class='ocrx_word' id='word_1_221' title='bbox 390 4623 550 4688; x_wconf 84' lang='lat' dir='ltr'>Melcltitis</span> <span class='ocrx_word' id='word_1_222' title='bbox 574 4621 840 4702; x_wconf 69' lang='lat' dir='ltr'>congregationis</span> <span class='ocrx_word' id='word_1_223' title='bbox 864 4620 976 4682; x_wconf 80' lang='lat' dir='ltr'>Sancti</span> <span class='ocrx_word' id='word_1_224' title='bbox 1005 4619 1094 4681; x_wconf 87' lang='grc'><strong>1333-</strong></span> 
     </span>
     <span class='ocr_line' id='line_1_44' title="bbox 390 4709 1095 4794; baseline -0.007 -17"><span class='ocrx_word' id='word_1_225' title='bbox 390 4719 442 4779; x_wconf 85' lang='lat' dir='ltr'>ar&#39;s</span> <span class='ocrx_word' id='word_1_226' title='bbox 465 4717 633 4794; x_wconf 84' lang='lat' dir='ltr'>Baptistae</span> <span class='ocrx_word' id='word_1_227' title='bbox 661 4715 697 4776; x_wconf 84' lang='lat' dir='ltr'>ia</span> <span class='ocrx_word' id='word_1_228' title='bbox 721 4715 832 4777; x_wconf 87' lang='lat' dir='ltr'>Souiro</span> <span class='ocrx_word' id='word_1_229' title='bbox 854 4714 889 4775; x_wconf 85' lang='lat' dir='ltr'>ia</span> <span class='ocrx_word' id='word_1_230' title='bbox 915 4711 1021 4775; x_wconf 84' lang='lat' dir='ltr'>Monte</span> <span class='ocrx_word' id='word_1_231' title='bbox 1044 4709 1095 4772; x_wconf 81' lang='lat' dir='ltr'>tt·</span> 
     </span>
     <span class='ocr_line' id='line_1_45' title="bbox 389 4805 1094 4888; baseline -0.013 -15"><span class='ocrx_word' id='word_1_232' title='bbox 389 4808 471 4873; x_wconf 86' lang='lat' dir='ltr'>beau</span> <span class='ocrx_word' id='word_1_233' title='bbox 503 4810 619 4872; x_wconf 84' lang='lat' dir='ltr'>Romae</span> <span class='ocrx_word' id='word_1_234' title='bbox 648 4808 835 4888; x_wconf 76' lang='lat' dir='ltr'>elegentibus</span> <span class='ocrx_word' id='word_1_235' title='bbox 864 4807 905 4870; x_wconf 87' lang='lat' dir='ltr'>ud</span> <span class='ocrx_word' id='word_1_236' title='bbox 931 4805 1094 4868; x_wconf 86' lang='lat' dir='ltr'>ecclesiam-</span> 
     </span>
     <span class='ocr_line' id='line_1_46' title="bbox 390 4897 1095 4978; baseline -0.011 -12"><span class='ocrx_word' id='word_1_237' title='bbox 390 4903 421 4966; x_wconf 86' lang='lat' dir='ltr'>S.</span> <span class='ocrx_word' id='word_1_238' title='bbox 440 4905 564 4968; x_wconf 70' lang='lat' dir='ltr'>Mariae</span> <span class='ocrx_word' id='word_1_239' title='bbox 579 4903 614 4965; x_wconf 87' lang='lat' dir='ltr'>in</span> <span class='ocrx_word' id='word_1_240' title='bbox 627 4899 782 4965; x_wconf 79' lang='grc'><strong>11333131</strong></span> <span class='ocrx_word' id='word_1_241' title='bbox 796 4915 853 4978; x_wconf 85' lang='lat' dir='ltr'>pro</span> <span class='ocrx_word' id='word_1_242' title='bbox 867 4897 1095 4972; x_wconf 84' lang='lat' dir='ltr'>missionibus;</span> 
     </span>
     <span class='ocr_line' id='line_1_47' title="bbox 388 4993 1097 5078; baseline -0.01 -18"><span class='ocrx_word' id='word_1_243' title='bbox 388 5014 483 5078; x_wconf 85' lang='lat' dir='ltr'>paam</span> <span class='ocrx_word' id='word_1_244' title='bbox 509 4997 683 5067; x_wconf 82' lang='lat' dir='ltr'>ecclesiam,</span> <span class='ocrx_word' id='word_1_245' title='bbox 710 5011 782 5057; x_wconf 85' lang='lat' dir='ltr'>cam</span> <span class='ocrx_word' id='word_1_246' title='bbox 812 4993 959 5057; x_wconf 83' lang='lat' dir='ltr'>omnibus</span> <span class='ocrx_word' id='word_1_247' title='bbox 985 4993 1097 5070; x_wconf 85' lang='lat' dir='ltr'>depert-</span> 
     </span>
     <span class='ocr_line' id='line_1_48' title="bbox 387 5087 1092 5166; baseline -0.01 -12"><span class='ocrx_word' id='word_1_248' title='bbox 387 5093 518 5164; x_wconf 71' lang='lat' dir='ltr'>aratris,</span> <span class='ocrx_word' id='word_1_249' title='bbox 541 5091 656 5152; x_wconf 80' lang='lat' dir='ltr'>eisdem</span> <span class='ocrx_word' id='word_1_250' title='bbox 681 5087 845 5150; x_wconf 82' lang='lat' dir='ltr'>monacbis</span> <span class='ocrx_word' id='word_1_251' title='bbox 874 5087 1013 5149; x_wconf 81' lang='lat' dir='ltr'>concedit</span> <span class='ocrx_word' id='word_1_252' title='bbox 1037 5087 1092 5166; x_wconf 91' lang='grc'><strong>(1).</strong></span> 
     </span>
    </p>
   </div>
   <div class='ocr_carea' id='block_1_10' title="bbox 487 5257 952 5452">
    <p class='ocr_par' dir='ltr' id='par_1_13' title="bbox 487 5257 952 5452">
     <span class='ocr_line' id='line_1_49' title="bbox 541 5257 895 5330; baseline -0.011 -2"><span class='ocrx_word' id='word_1_253' title='bbox 541 5257 726 5330; x_wconf 67' lang='lat' dir='ltr'>otiatus</span> <span class='ocrx_word' id='word_1_254' title='bbox 752 5260 812 5326; x_wconf 89' lang='grc' dir='ltr'>ΡΡ.</span> <span class='ocrx_word' id='word_1_255' title='bbox 838 5258 895 5326; x_wconf 91' lang='lat' dir='ltr'>llll.</span> 
     </span>
     <span class='ocr_line' id='line_1_50' title="bbox 487 5382 952 5452; baseline -0.015 0"><span class='ocrx_word' id='word_1_256' title='bbox 487 5382 952 5452; x_wconf 61' lang='lat' dir='ltr'>mmmmmmm</span> 
     </span>
    </p>
   </div>
   <div class='ocr_carea' id='block_1_11' title="bbox 348 5556 1096 5830">
    <p class='ocr_par' dir='ltr' id='par_1_14' title="bbox 348 5556 1096 5830">
     <span class='ocr_line' id='line_1_51' title="bbox 388 5556 1096 5626; baseline -0.018 0"><span class='ocrx_word' id='word_1_257' title='bbox 388 5561 439 5626; x_wconf 92' lang='lat' dir='ltr'>Sol</span> <span class='ocrx_word' id='word_1_258' title='bbox 462 5561 596 5624; x_wconf 89' lang='lat' dir='ltr'>institiae</span> <span class='ocrx_word' id='word_1_259' title='bbox 617 5561 700 5622; x_wconf 91' lang='lat' dir='ltr'>lesus</span> <span class='ocrx_word' id='word_1_260' title='bbox 716 5557 859 5621; x_wconf 88' lang='lat' dir='ltr'>Christus</span> <span class='ocrx_word' id='word_1_261' title='bbox 880 5556 951 5620; x_wconf 85' lang='grc'><strong>13131</strong></span> <span class='ocrx_word' id='word_1_262' title='bbox 975 5561 1096 5618; x_wconf 87' lang='lat' dir='ltr'>nostrae</span> 
     </span>
     <span class='ocr_line' id='line_1_52' title="bbox 348 5646 1095 5730; baseline -0.016 -12"><span class='ocrx_word' id='word_1_263' title='bbox 348 5663 455 5718; x_wconf 87' lang='lat' dir='ltr'>auctor</span> <span class='ocrx_word' id='word_1_264' title='bbox 475 5663 508 5716; x_wconf 90' lang='lat' dir='ltr'>et</span> <span class='ocrx_word' id='word_1_265' title='bbox 528 5659 776 5726; x_wconf 87' lang='lat' dir='ltr'>consummator,</span> <span class='ocrx_word' id='word_1_266' title='bbox 804 5651 870 5730; x_wconf 87' lang='lat' dir='ltr'>qui,</span> <span class='ocrx_word' id='word_1_267' title='bbox 893 5649 973 5712; x_wconf 89' lang='lat' dir='ltr'>sicut</span> <span class='ocrx_word' id='word_1_268' title='bbox 995 5646 1095 5726; x_wconf 88' lang='lat' dir='ltr'>aquila</span> 
     </span>
     <span class='ocr_line' id='line_1_53' title="bbox 349 5744 1094 5830; baseline -0.012 -18"><span class='ocrx_word' id='word_1_269' title='bbox 349 5764 519 5830; x_wconf 89' lang='lat' dir='ltr'>provocans</span> <span class='ocrx_word' id='word_1_270' title='bbox 539 5747 575 5810; x_wconf 91' lang='lat' dir='ltr'>ad</span> <span class='ocrx_word' id='word_1_271' title='bbox 597 5746 768 5810; x_wconf 89' lang='lat' dir='ltr'>volandum</span> <span class='ocrx_word' id='word_1_272' title='bbox 789 5744 888 5824; x_wconf 91' lang='lat' dir='ltr'>pullos</span> <span class='ocrx_word' id='word_1_273' title='bbox 910 5759 981 5806; x_wconf 94' lang='lat' dir='ltr'>suos</span> <span class='ocrx_word' id='word_1_274' title='bbox 999 5749 1030 5804; x_wconf 90' lang='lat' dir='ltr'>et</span> <span class='ocrx_word' id='word_1_275' title='bbox 1044 5759 1094 5803; x_wconf 91' lang='lat' dir='ltr'>su·</span> 
     </span>
    </p>
   </div>
   <div class='ocr_carea' id='block_1_12' title="bbox 146 5582 313 5630">
    <p class='ocr_par' dir='ltr' id='par_1_15' title="bbox 146 5582 313 5630">
     <span class='ocr_line' id='line_1_54' title="bbox 146 5582 313 5630; baseline 0.024 -4"><span class='ocrx_word' id='word_1_276' title='bbox 146 5582 313 5630; x_wconf 81' lang='lat' dir='ltr'>Prooemium.</span> 
     </span>
    </p>
   </div>
   <div class='ocr_carea' id='block_1_13' title="bbox 1010 579 1230 632">
    <p class='ocr_par' dir='ltr' id='par_1_16' title="bbox 1010 579 1230 632">
     <span class='ocr_line' id='line_1_55' title="bbox 1010 579 1230 632; baseline -0.018 0"><span class='ocrx_word' id='word_1_277' title='bbox 1010 579 1152 632; x_wconf 75' lang='lat' dir='ltr'>CLEMENS</span> <span class='ocrx_word' id='word_1_278' title='bbox 1175 581 1230 631; x_wconf 87' lang='grc'><strong>1111.</strong></span> 
     </span>
    </p>
   </div>
   <div class='ocr_carea' id='block_1_14' title="bbox 1820 563 2119 631">
    <p class='ocr_par' dir='ltr' id='par_1_17' title="bbox 1820 563 2119 631">
     <span class='ocr_line' id='line_1_56' title="bbox 1820 563 2119 631; baseline -0.054 1"><span class='ocrx_word' id='word_1_279' title='bbox 1820 563 2119 631; x_wconf 64' lang='lat' dir='ltr'>mtmfflm</span> 
     </span>
    </p>
   </div>
   <div class='ocr_carea' id='block_1_15' title="bbox 1150 704 2128 5818">
    <p class='ocr_par' dir='ltr' id='par_1_18' title="bbox 1150 704 1918 3746">
     <span class='ocr_line' id='line_1_57' title="bbox 1152 704 1898 785; baseline 0 -19"><span class='ocrx_word' id='word_1_280' title='bbox 1152 721 1206 785; x_wconf 90' lang='lat' dir='ltr'>per</span> <span class='ocrx_word' id='word_1_281' title='bbox 1228 721 1279 769; x_wconf 92' lang='lat' dir='ltr'>eos</span> <span class='ocrx_word' id='word_1_282' title='bbox 1300 704 1445 782; x_wconf 89' lang='lat' dir='ltr'>volitans,</span> <span class='ocrx_word' id='word_1_283' title='bbox 1469 707 1616 785; x_wconf 89' lang='lat' dir='ltr'>expandit</span> <span class='ocrx_word' id='word_1_284' title='bbox 1636 706 1696 769; x_wconf 90' lang='lat' dir='ltr'>alas</span> <span class='ocrx_word' id='word_1_285' title='bbox 1711 721 1781 768; x_wconf 91' lang='lat' dir='ltr'>suas</span> <span class='ocrx_word' id='word_1_286' title='bbox 1803 715 1832 768; x_wconf 89' lang='lat' dir='ltr'>et</span> <span class='ocrx_word' id='word_1_287' title='bbox 1854 723 1898 766; x_wconf 89' lang='lat' dir='ltr'>as-</span> 
     </span>
     <span class='ocr_line' id='line_1_58' title="bbox 1151 801 1897 880; baseline -0.003 -19"><span class='ocrx_word' id='word_1_288' title='bbox 1151 802 1283 880; x_wconf 90' lang='lat' dir='ltr'>sumpsit</span> <span class='ocrx_word' id='word_1_289' title='bbox 1297 814 1349 862; x_wconf 84' lang='grc'>333</span> <span class='ocrx_word' id='word_1_290' title='bbox 1363 808 1456 879; x_wconf 87' lang='lat' dir='ltr'>atque</span> <span class='ocrx_word' id='word_1_291' title='bbox 1470 803 1604 880; x_wconf 88' lang='lat' dir='ltr'>portavit</span> <span class='ocrx_word' id='word_1_292' title='bbox 1620 803 1651 863; x_wconf 92' lang='lat' dir='ltr'>in</span> <span class='ocrx_word' id='word_1_293' title='bbox 1667 801 1807 863; x_wconf 88' lang='lat' dir='ltr'>humeris</span> <span class='ocrx_word' id='word_1_294' title='bbox 1822 801 1897 874; x_wconf 90' lang='lat' dir='ltr'>suis,</span> 
     </span>
     <span class='ocr_line' id='line_1_59' title="bbox 1152 893 1898 973; baseline 0 -19"><span class='ocrx_word' id='word_1_295' title='bbox 1152 895 1285 972; x_wconf 88' lang='lat' dir='ltr'>gallinae</span> <span class='ocrx_word' id='word_1_296' title='bbox 1306 909 1430 973; x_wconf 86' lang='lat' dir='ltr'>quoque</span> <span class='ocrx_word' id='word_1_297' title='bbox 1451 893 1690 957; x_wconf 88' lang='lat' dir='ltr'>similitudinem</span> <span class='ocrx_word' id='word_1_298' title='bbox 1707 909 1898 970; x_wconf 85' lang='lat' dir='ltr'>congregan-</span> 
     </span>
     <span class='ocr_line' id='line_1_60' title="bbox 1153 987 1897 1066; baseline -0.003 -16"><span class='ocrx_word' id='word_1_299' title='bbox 1153 989 1189 1050; x_wconf 90' lang='lat' dir='ltr'>tis</span> <span class='ocrx_word' id='word_1_300' title='bbox 1210 987 1268 1050; x_wconf 89' lang='lat' dir='ltr'>sub</span> <span class='ocrx_word' id='word_1_301' title='bbox 1289 987 1349 1050; x_wconf 88' lang='lat' dir='ltr'>alas</span> <span class='ocrx_word' id='word_1_302' title='bbox 1375 988 1475 1066; x_wconf 91' lang='lat' dir='ltr'>pullos</span> <span class='ocrx_word' id='word_1_303' title='bbox 1501 1005 1573 1050; x_wconf 91' lang='lat' dir='ltr'>suos</span> <span class='ocrx_word' id='word_1_304' title='bbox 1600 1003 1757 1050; x_wconf 88' lang='lat' dir='ltr'>assumere</span> <span class='ocrx_word' id='word_1_305' title='bbox 1785 987 1897 1060; x_wconf 91' lang='lat' dir='ltr'>voluit,</span> 
     </span>
     <span class='ocr_line' id='line_1_61' title="bbox 1153 1081 1895 1161; baseline -0.003 -18"><span class='ocrx_word' id='word_1_306' title='bbox 1153 1083 1234 1144; x_wconf 93' lang='lat' dir='ltr'>inter</span> <span class='ocrx_word' id='word_1_307' title='bbox 1248 1081 1409 1161; x_wconf 90' lang='lat' dir='ltr'>praecipua</span> <span class='ocrx_word' id='word_1_308' title='bbox 1426 1082 1548 1144; x_wconf 90' lang='lat' dir='ltr'>divinae</span> <span class='ocrx_word' id='word_1_309' title='bbox 1562 1082 1696 1144; x_wconf 89' lang='lat' dir='ltr'>caritatis</span> <span class='ocrx_word' id='word_1_310' title='bbox 1711 1087 1895 1143; x_wconf 90' lang='lat' dir='ltr'>ornamenta</span> 
     </span>
     <span class='ocr_line' id='line_1_62' title="bbox 1152 1175 1897 1254; baseline -0.007 -16"><span class='ocrx_word' id='word_1_311' title='bbox 1152 1175 1316 1238; x_wconf 88' lang='lat' dir='ltr'>catholicae</span> <span class='ocrx_word' id='word_1_312' title='bbox 1348 1175 1499 1238; x_wconf 84' lang='lat' dir='ltr'>Ecclesiae</span> <span class='ocrx_word' id='word_1_313' title='bbox 1526 1191 1657 1254; x_wconf 91' lang='lat' dir='ltr'>sponsae</span> <span class='ocrx_word' id='word_1_314' title='bbox 1687 1191 1759 1236; x_wconf 89' lang='lat' dir='ltr'>suae</span> <span class='ocrx_word' id='word_1_315' title='bbox 1786 1175 1897 1251; x_wconf 87' lang='lat' dir='ltr'>legata,</span> 
     </span>
     <span class='ocr_line' id='line_1_63' title="bbox 1152 1267 1918 1348; baseline -0.005 -18"><span class='ocrx_word' id='word_1_316' title='bbox 1152 1269 1209 1331; x_wconf 89' lang='lat' dir='ltr'>boc</span> <span class='ocrx_word' id='word_1_317' title='bbox 1237 1286 1309 1348; x_wconf 92' lang='lat' dir='ltr'>prae</span> <span class='ocrx_word' id='word_1_318' title='bbox 1331 1271 1441 1332; x_wconf 91' lang='lat' dir='ltr'>ceteris</span> <span class='ocrx_word' id='word_1_319' title='bbox 1463 1271 1494 1332; x_wconf 94' lang='lat' dir='ltr'>in</span> <span class='ocrx_word' id='word_1_320' title='bbox 1525 1271 1587 1332; x_wconf 83' lang='lat' dir='ltr'>sine</span> <span class='ocrx_word' id='word_1_321' title='bbox 1616 1269 1834 1332; x_wconf 88' lang='lat' dir='ltr'>commendare</span> <span class='ocrx_word' id='word_1_322' title='bbox 1855 1267 1918 1328; x_wconf 70' lang='grc' dir='ltr'>311-Δ</span> 
     </span>
     <span class='ocr_line' id='line_1_64' title="bbox 1152 1361 1898 1442; baseline -0.003 -19"><span class='ocrx_word' id='word_1_323' title='bbox 1152 1370 1265 1439; x_wconf 84' lang='lat' dir='ltr'>gnatus</span> <span class='ocrx_word' id='word_1_324' title='bbox 1277 1372 1335 1438; x_wconf 90' lang='lat' dir='ltr'>est,</span> <span class='ocrx_word' id='word_1_325' title='bbox 1345 1371 1381 1424; x_wconf 92' lang='lat' dir='ltr'>ut</span> <span class='ocrx_word' id='word_1_326' title='bbox 1391 1371 1549 1442; x_wconf 55' lang='lat' dir='ltr'>‘tamquam</span> <span class='ocrx_word' id='word_1_327' title='bbox 1565 1361 1741 1426; x_wconf 91' lang='lat' dir='ltr'>communis</span> <span class='ocrx_word' id='word_1_328' title='bbox 1756 1361 1898 1423; x_wconf 91' lang='lat' dir='ltr'>omnium</span> 
     </span>
     <span class='ocr_line' id='line_1_65' title="bbox 1153 1454 1899 1534; baseline -0.005 -15"><span class='ocrx_word' id='word_1_329' title='bbox 1153 1457 1292 1520; x_wconf 82' lang='lat' dir='ltr'>bdelium</span> <span class='ocrx_word' id='word_1_330' title='bbox 1315 1465 1415 1519; x_wconf 91' lang='lat' dir='ltr'>mater</span> <span class='ocrx_word' id='word_1_331' title='bbox 1429 1473 1466 1518; x_wconf 91' lang='lat' dir='ltr'>ex</span> <span class='ocrx_word' id='word_1_332' title='bbox 1483 1457 1637 1520; x_wconf 91' lang='lat' dir='ltr'>universis</span> <span class='ocrx_word' id='word_1_333' title='bbox 1652 1471 1730 1534; x_wconf 80' lang='lat' dir='ltr'>quiae</span> <span class='ocrx_word' id='word_1_334' title='bbox 1744 1456 1802 1516; x_wconf 91' lang='lat' dir='ltr'>sub</span> <span class='ocrx_word' id='word_1_335' title='bbox 1816 1454 1899 1517; x_wconf 92' lang='grc'><strong>33313</strong></span> 
     </span>
     <span class='ocr_line' id='line_1_66' title="bbox 1151 1549 1899 1629; baseline -0.001 -18"><span class='ocrx_word' id='word_1_336' title='bbox 1151 1557 1224 1611; x_wconf 91' lang='lat' dir='ltr'>sunt</span> <span class='ocrx_word' id='word_1_337' title='bbox 1246 1551 1424 1613; x_wconf 89' lang='lat' dir='ltr'>nationibus</span> <span class='ocrx_word' id='word_1_338' title='bbox 1447 1551 1526 1613; x_wconf 81' lang='lat' dir='ltr'>lilios</span> <span class='ocrx_word' id='word_1_339' title='bbox 1547 1553 1582 1614; x_wconf 87' lang='lat' dir='ltr'>ad</span> <span class='ocrx_word' id='word_1_340' title='bbox 1605 1551 1699 1629; x_wconf 90' lang='lat' dir='ltr'>ipsias</span> <span class='ocrx_word' id='word_1_341' title='bbox 1725 1549 1831 1612; x_wconf 89' lang='lat' dir='ltr'>sinum</span> <span class='ocrx_word' id='word_1_342' title='bbox 1852 1564 1899 1610; x_wconf 90' lang='lat' dir='ltr'>ac·</span> 
     </span>
     <span class='ocr_line' id='line_1_67' title="bbox 1152 1641 1897 1722; baseline -0.003 -19"><span class='ocrx_word' id='word_1_343' title='bbox 1152 1651 1313 1706; x_wconf 90' lang='lat' dir='ltr'>currentes</span> <span class='ocrx_word' id='word_1_344' title='bbox 1324 1644 1536 1706; x_wconf 88' lang='lat' dir='ltr'>amantissime</span> <span class='ocrx_word' id='word_1_345' title='bbox 1551 1644 1705 1722; x_wconf 87' lang='lat' dir='ltr'>exciperet</span> <span class='ocrx_word' id='word_1_346' title='bbox 1720 1659 1753 1703; x_wconf 91' lang='lat' dir='ltr'>ac</span> <span class='ocrx_word' id='word_1_347' title='bbox 1768 1641 1897 1703; x_wconf 88' lang='lat' dir='ltr'>loveret.</span> 
     </span>
     <span class='ocr_line' id='line_1_68' title="bbox 1152 1735 1899 1815; baseline -0.005 -17"><span class='ocrx_word' id='word_1_348' title='bbox 1152 1737 1322 1815; x_wconf 89' lang='lat' dir='ltr'>Eapropter</span> <span class='ocrx_word' id='word_1_349' title='bbox 1342 1737 1497 1798; x_wconf 86' lang='lat' dir='ltr'>Romanae</span> <span class='ocrx_word' id='word_1_350' title='bbox 1519 1735 1671 1798; x_wconf 82' lang='lat' dir='ltr'>Ecclesiae</span> <span class='ocrx_word' id='word_1_351' title='bbox 1686 1735 1808 1798; x_wconf 88' lang='lat' dir='ltr'>Summi</span> <span class='ocrx_word' id='word_1_352' title='bbox 1821 1735 1899 1796; x_wconf 90' lang='lat' dir='ltr'>Pon-</span> 
     </span>
     <span class='ocr_line' id='line_1_69' title="bbox 1153 1827 1898 1907; baseline -0.005 -17"><span class='ocrx_word' id='word_1_353' title='bbox 1153 1829 1250 1892; x_wconf 84' lang='lat' dir='ltr'>tilrces</span> <span class='ocrx_word' id='word_1_354' title='bbox 1272 1831 1519 1907; x_wconf 87' lang='lat' dir='ltr'>praedecessores</span> <span class='ocrx_word' id='word_1_355' title='bbox 1540 1828 1651 1902; x_wconf 90' lang='lat' dir='ltr'>nostri,</span> <span class='ocrx_word' id='word_1_356' title='bbox 1675 1843 1751 1906; x_wconf 81' lang='lat' dir='ltr'>auos</span> <span class='ocrx_word' id='word_1_357' title='bbox 1772 1841 1843 1888; x_wconf 91' lang='lat' dir='ltr'>suos</span> <span class='ocrx_word' id='word_1_358' title='bbox 1867 1827 1898 1886; x_wconf 93' lang='lat' dir='ltr'>in</span> 
     </span>
     <span class='ocr_line' id='line_1_70' title="bbox 1154 1921 1899 2000; baseline -0.005 -18"><span class='ocrx_word' id='word_1_359' title='bbox 1154 1922 1244 1983; x_wconf 90' lang='lat' dir='ltr'>terris</span> <span class='ocrx_word' id='word_1_360' title='bbox 1266 1922 1393 1984; x_wconf 87' lang='lat' dir='ltr'>vicarios</span> <span class='ocrx_word' id='word_1_361' title='bbox 1415 1923 1569 2000; x_wconf 87' lang='lat' dir='ltr'>usquead</span> <span class='ocrx_word' id='word_1_362' title='bbox 1599 1921 1899 1984; x_wconf 88' lang='lat' dir='ltr'>consummationem</span> 
     </span>
     <span class='ocr_line' id='line_1_71' title="bbox 1151 2012 1900 2094; baseline -0.003 -21"><span class='ocrx_word' id='word_1_363' title='bbox 1151 2014 1262 2076; x_wconf 91' lang='lat' dir='ltr'>saeculi</span> <span class='ocrx_word' id='word_1_364' title='bbox 1285 2015 1448 2077; x_wconf 90' lang='lat' dir='ltr'>constituit</span> <span class='ocrx_word' id='word_1_365' title='bbox 1469 2022 1627 2094; x_wconf 91' lang='lat' dir='ltr'>pastorum</span> <span class='ocrx_word' id='word_1_366' title='bbox 1650 2013 1803 2092; x_wconf 88' lang='lat' dir='ltr'>princeps,</span> <span class='ocrx_word' id='word_1_367' title='bbox 1820 2012 1900 2072; x_wconf 92' lang='lat' dir='ltr'>eius·</span> 
     </span>
     <span class='ocr_line' id='line_1_72' title="bbox 1152 2103 1899 2185; baseline -0.004 -20"><span class='ocrx_word' id='word_1_368' title='bbox 1152 2105 1221 2166; x_wconf 90' lang='lat' dir='ltr'>dem</span> <span class='ocrx_word' id='word_1_369' title='bbox 1254 2106 1404 2185; x_wconf 88' lang='lat' dir='ltr'>exemplis</span> <span class='ocrx_word' id='word_1_370' title='bbox 1432 2107 1466 2168; x_wconf 82' lang='lat' dir='ltr'>eal</span> <span class='ocrx_word' id='word_1_371' title='bbox 1494 2123 1553 2184; x_wconf 87' lang='lat' dir='ltr'>qua</span> <span class='ocrx_word' id='word_1_372' title='bbox 1580 2106 1667 2167; x_wconf 83' lang='lat' dir='ltr'>decet</span> <span class='ocrx_word' id='word_1_373' title='bbox 1697 2103 1899 2166; x_wconf 88' lang='lat' dir='ltr'>veneratione</span> 
     </span>
     <span class='ocr_line' id='line_1_73' title="bbox 1150 2194 1900 2276; baseline -0.005 -19"><span class='ocrx_word' id='word_1_374' title='bbox 1150 2213 1274 2275; x_wconf 90' lang='lat' dir='ltr'>semper</span> <span class='ocrx_word' id='word_1_375' title='bbox 1295 2199 1512 2276; x_wconf 85' lang='lat' dir='ltr'>obsequentes,</span> <span class='ocrx_word' id='word_1_376' title='bbox 1529 2213 1592 2260; x_wconf 94' lang='lat' dir='ltr'>non</span> <span class='ocrx_word' id='word_1_377' title='bbox 1614 2197 1717 2258; x_wconf 91' lang='lat' dir='ltr'>solum</span> <span class='ocrx_word' id='word_1_378' title='bbox 1738 2194 1900 2275; x_wconf 86' lang='lat' dir='ltr'>populosa</span> 
     </span>
     <span class='ocr_line' id='line_1_74' title="bbox 1152 2289 1899 2365; baseline -0.001 -17"><span class='ocrx_word' id='word_1_379' title='bbox 1152 2289 1366 2352; x_wconf 90' lang='lat' dir='ltr'>remotissimis</span> <span class='ocrx_word' id='word_1_380' title='bbox 1386 2307 1419 2352; x_wconf 92' lang='lat' dir='ltr'>ac</span> <span class='ocrx_word' id='word_1_381' title='bbox 1440 2289 1553 2352; x_wconf 91' lang='lat' dir='ltr'>dissitis</span> <span class='ocrx_word' id='word_1_382' title='bbox 1575 2289 1755 2365; x_wconf 87' lang='lat' dir='ltr'>regionibus</span> <span class='ocrx_word' id='word_1_383' title='bbox 1776 2289 1811 2349; x_wconf 92' lang='lat' dir='ltr'>ad</span> <span class='ocrx_word' id='word_1_384' title='bbox 1834 2299 1899 2347; x_wconf 91' lang='lat' dir='ltr'>om·</span> 
     </span>
     <span class='ocr_line' id='line_1_75' title="bbox 1152 2379 1899 2456; baseline -0.004 -15"><span class='ocrx_word' id='word_1_385' title='bbox 1152 2382 1240 2442; x_wconf 91' lang='lat' dir='ltr'>nium</span> <span class='ocrx_word' id='word_1_386' title='bbox 1273 2381 1471 2443; x_wconf 91' lang='lat' dir='ltr'>ecclesiarum</span> <span class='ocrx_word' id='word_1_387' title='bbox 1503 2389 1633 2442; x_wconf 89' lang='lat' dir='ltr'>matrem</span> <span class='ocrx_word' id='word_1_388' title='bbox 1661 2387 1692 2441; x_wconf 91' lang='lat' dir='ltr'>et</span> <span class='ocrx_word' id='word_1_389' title='bbox 1718 2379 1899 2456; x_wconf 77' lang='lat' dir='ltr'>magistram</span> 
     </span>
     <span class='ocr_line' id='line_1_76' title="bbox 1153 2472 1900 2551; baseline -0.007 -16"><span class='ocrx_word' id='word_1_390' title='bbox 1153 2474 1315 2536; x_wconf 89' lang='lat' dir='ltr'>venientes</span> <span class='ocrx_word' id='word_1_391' title='bbox 1337 2473 1560 2550; x_wconf 84' lang='lat' dir='ltr'>benignissime</span> <span class='ocrx_word' id='word_1_392' title='bbox 1575 2472 1727 2551; x_wconf 89' lang='lat' dir='ltr'>complexi</span> <span class='ocrx_word' id='word_1_393' title='bbox 1745 2479 1830 2546; x_wconf 89' lang='lat' dir='ltr'>sunt,</span> <span class='ocrx_word' id='word_1_394' title='bbox 1847 2485 1900 2531; x_wconf 90' lang='lat' dir='ltr'>ve·</span> 
     </span>
     <span class='ocr_line' id='line_1_77' title="bbox 1151 2565 1900 2642; baseline -0.007 -15"><span class='ocrx_word' id='word_1_395' title='bbox 1151 2581 1224 2628; x_wconf 92' lang='lat' dir='ltr'>rum</span> <span class='ocrx_word' id='word_1_396' title='bbox 1250 2565 1343 2627; x_wconf 89' lang='lat' dir='ltr'>etiarn</span> <span class='ocrx_word' id='word_1_397' title='bbox 1371 2565 1402 2627; x_wconf 94' lang='lat' dir='ltr'>in</span> <span class='ocrx_word' id='word_1_398' title='bbox 1425 2581 1534 2627; x_wconf 91' lang='lat' dir='ltr'>omues</span> <span class='ocrx_word' id='word_1_399' title='bbox 1561 2565 1643 2628; x_wconf 88' lang='lat' dir='ltr'>orbis</span> <span class='ocrx_word' id='word_1_400' title='bbox 1676 2573 1776 2626; x_wconf 92' lang='lat' dir='ltr'>terrae</span> <span class='ocrx_word' id='word_1_401' title='bbox 1795 2569 1900 2642; x_wconf 91' lang='lat' dir='ltr'>partes</span> 
     </span>
     <span class='ocr_line' id='line_1_78' title="bbox 1152 2656 1899 2738; baseline -0.005 -19"><span class='ocrx_word' id='word_1_402' title='bbox 1152 2658 1330 2738; x_wconf 84' lang='lat' dir='ltr'>apostolicos</span> <span class='ocrx_word' id='word_1_403' title='bbox 1362 2657 1461 2733; x_wconf 91' lang='lat' dir='ltr'>viros,</span> <span class='ocrx_word' id='word_1_404' title='bbox 1489 2657 1542 2737; x_wconf 89' lang='lat' dir='ltr'>qui</span> <span class='ocrx_word' id='word_1_405' title='bbox 1569 2657 1708 2736; x_wconf 83' lang='lat' dir='ltr'>undique</span> <span class='ocrx_word' id='word_1_406' title='bbox 1737 2656 1899 2734; x_wconf 85' lang='lat' dir='ltr'>conquire·</span> 
     </span>
     <span class='ocr_line' id='line_1_79' title="bbox 1152 2749 1899 2830; baseline -0.004 -17"><span class='ocrx_word' id='word_1_407' title='bbox 1152 2759 1234 2826; x_wconf 91' lang='lat' dir='ltr'>rent,</span> <span class='ocrx_word' id='word_1_408' title='bbox 1257 2751 1428 2826; x_wconf 89' lang='lat' dir='ltr'>allicerent,</span> <span class='ocrx_word' id='word_1_409' title='bbox 1444 2759 1535 2830; x_wconf 85' lang='lat' dir='ltr'>atque</span> <span class='ocrx_word' id='word_1_410' title='bbox 1551 2753 1585 2812; x_wconf 89' lang='lat' dir='ltr'>ad</span> <span class='ocrx_word' id='word_1_411' title='bbox 1603 2752 1699 2830; x_wconf 90' lang='lat' dir='ltr'>ipsam</span> <span class='ocrx_word' id='word_1_412' title='bbox 1711 2749 1899 2812; x_wconf 89' lang='lat' dir='ltr'>deducerent</span> 
     </span>
     <span class='ocr_line' id='line_1_80' title="bbox 1153 2843 1895 2919; baseline -0.004 -13"><span class='ocrx_word' id='word_1_413' title='bbox 1153 2844 1246 2919; x_wconf 86' lang='lat' dir='ltr'>filios,</span> <span class='ocrx_word' id='word_1_414' title='bbox 1275 2845 1400 2906; x_wconf 88' lang='lat' dir='ltr'>mittere</span> <span class='ocrx_word' id='word_1_415' title='bbox 1421 2851 1664 2907; x_wconf 90' lang='lat' dir='ltr'>consueverunt.</span> <span class='ocrx_word' id='word_1_416' title='bbox 1695 2843 1756 2906; x_wconf 85' lang='lat' dir='ltr'>Nos</span> <span class='ocrx_word' id='word_1_417' title='bbox 1778 2849 1895 2916; x_wconf 88' lang='lat' dir='ltr'>autem,</span> 
     </span>
     <span class='ocr_line' id='line_1_81' title="bbox 1152 2937 1896 3016; baseline -0.001 -17"><span class='ocrx_word' id='word_1_418' title='bbox 1152 2937 1896 3016; x_wconf 86' lang='lat' dir='ltr'>quibusnullumestiucundiussolatium,quam</span> 
     </span>
     <span class='ocr_line' id='line_1_82' title="bbox 1152 3030 1898 3110; baseline -0.011 -12"><span class='ocrx_word' id='word_1_419' title='bbox 1152 3043 1186 3098; x_wconf 92' lang='lat' dir='ltr'>ut</span> <span class='ocrx_word' id='word_1_420' title='bbox 1208 3032 1363 3095; x_wconf 82' lang='lat' dir='ltr'>Romanae</span> <span class='ocrx_word' id='word_1_421' title='bbox 1392 3033 1543 3095; x_wconf 85' lang='lat' dir='ltr'>Ecclesiae</span> <span class='ocrx_word' id='word_1_422' title='bbox 1565 3048 1620 3110; x_wconf 91' lang='lat' dir='ltr'>per</span> <span class='ocrx_word' id='word_1_423' title='bbox 1644 3030 1806 3110; x_wconf 91' lang='lat' dir='ltr'>spirituale</span> <span class='ocrx_word' id='word_1_424' title='bbox 1827 3046 1898 3092; x_wconf 92' lang='lat' dir='ltr'>con·</span> 
     </span>
     <span class='ocr_line' id='line_1_83' title="bbox 1151 3123 1899 3204; baseline -0.009 -15"><span class='ocrx_word' id='word_1_425' title='bbox 1151 3127 1283 3190; x_wconf 92' lang='lat' dir='ltr'>nubium</span> <span class='ocrx_word' id='word_1_426' title='bbox 1299 3125 1387 3188; x_wconf 90' lang='lat' dir='ltr'>nobis</span> <span class='ocrx_word' id='word_1_427' title='bbox 1402 3127 1600 3204; x_wconf 90' lang='lat' dir='ltr'>desponsatae</span> <span class='ocrx_word' id='word_1_428' title='bbox 1616 3139 1666 3186; x_wconf 90' lang='lat' dir='ltr'>eos</span> <span class='ocrx_word' id='word_1_429' title='bbox 1682 3123 1776 3186; x_wconf 89' lang='lat' dir='ltr'>etiam</span> <span class='ocrx_word' id='word_1_430' title='bbox 1790 3125 1899 3186; x_wconf 85' lang='lat' dir='ltr'>demus</span> 
     </span>
     <span class='ocr_line' id='line_1_84' title="bbox 1152 3213 1897 3297; baseline -0.005 -17"><span class='ocrx_word' id='word_1_431' title='bbox 1152 3219 1242 3294; x_wconf 81' lang='grc'><strong>111133,</strong></span> <span class='ocrx_word' id='word_1_432' title='bbox 1266 3219 1331 3297; x_wconf 85' lang='lat' dir='ltr'>qui,</span> <span class='ocrx_word' id='word_1_433' title='bbox 1355 3215 1426 3279; x_wconf 87' lang='lat' dir='ltr'>licet</span> <span class='ocrx_word' id='word_1_434' title='bbox 1447 3217 1519 3278; x_wconf 92' lang='lat' dir='ltr'>alibi</span> <span class='ocrx_word' id='word_1_435' title='bbox 1546 3217 1628 3290; x_wconf 90' lang='lat' dir='ltr'>nati,</span> <span class='ocrx_word' id='word_1_436' title='bbox 1651 3213 1702 3279; x_wconf 88' lang='lat' dir='ltr'>bio</span> <span class='ocrx_word' id='word_1_437' title='bbox 1724 3224 1827 3278; x_wconf 88' lang='lat' dir='ltr'>tamen</span> <span class='ocrx_word' id='word_1_438' title='bbox 1850 3216 1897 3276; x_wconf 93' lang='lat' dir='ltr'>in-</span> 
     </span>
     <span class='ocr_line' id='line_1_85' title="bbox 1150 3308 1896 3386; baseline -0.007 -14"><span class='ocrx_word' id='word_1_439' title='bbox 1150 3311 1263 3386; x_wconf 90' lang='lat' dir='ltr'>stituti,</span> <span class='ocrx_word' id='word_1_440' title='bbox 1279 3312 1314 3372; x_wconf 92' lang='lat' dir='ltr'>ad</span> <span class='ocrx_word' id='word_1_441' title='bbox 1334 3309 1443 3371; x_wconf 84' lang='lat' dir='ltr'>fratres</span> <span class='ocrx_word' id='word_1_442' title='bbox 1456 3325 1528 3370; x_wconf 90' lang='lat' dir='ltr'>suos</span> <span class='ocrx_word' id='word_1_443' title='bbox 1543 3309 1702 3370; x_wconf 90' lang='lat' dir='ltr'>communi</span> <span class='ocrx_word' id='word_1_444' title='bbox 1718 3308 1808 3369; x_wconf 89' lang='lat' dir='ltr'>matri</span> <span class='ocrx_word' id='word_1_445' title='bbox 1825 3321 1896 3368; x_wconf 88' lang='grc'><strong>333-</strong></span> 
     </span>
     <span class='ocr_line' id='line_1_86' title="bbox 1150 3400 1896 3482; baseline -0.013 -13"><span class='ocrx_word' id='word_1_446' title='bbox 1150 3406 1297 3469; x_wconf 89' lang='lat' dir='ltr'>ciliandos</span> <span class='ocrx_word' id='word_1_447' title='bbox 1312 3404 1473 3482; x_wconf 87' lang='lat' dir='ltr'>aliquando</span> <span class='ocrx_word' id='word_1_448' title='bbox 1487 3407 1630 3481; x_wconf 90' lang='lat' dir='ltr'>pergant,</span> <span class='ocrx_word' id='word_1_449' title='bbox 1643 3416 1805 3479; x_wconf 87' lang='lat' dir='ltr'>nunquam</span> <span class='ocrx_word' id='word_1_450' title='bbox 1820 3400 1896 3462; x_wconf 91' lang='lat' dir='ltr'>orni-</span> 
     </span>
     <span class='ocr_line' id='line_1_87' title="bbox 1150 3493 1898 3576; baseline -0.005 -16"><span class='ocrx_word' id='word_1_451' title='bbox 1150 3501 1261 3570; x_wconf 90' lang='lat' dir='ltr'>simus,</span> <span class='ocrx_word' id='word_1_452' title='bbox 1283 3498 1359 3576; x_wconf 87' lang='lat' dir='ltr'>quin</span> <span class='ocrx_word' id='word_1_453' title='bbox 1381 3493 1587 3560; x_wconf 86' lang='lat' dir='ltr'>laudatissima</span> <span class='ocrx_word' id='word_1_454' title='bbox 1610 3496 1789 3557; x_wconf 87' lang='lat' dir='ltr'>eorumdem</span> <span class='ocrx_word' id='word_1_455' title='bbox 1812 3511 1898 3574; x_wconf 91' lang='lat' dir='ltr'>prae·</span> 
     </span>
     <span class='ocr_line' id='line_1_88' title="bbox 1150 3590 1895 3654; baseline -0.005 -2"><span class='ocrx_word' id='word_1_456' title='bbox 1150 3591 1347 3654; x_wconf 85' lang='lat' dir='ltr'>decessorum</span> <span class='ocrx_word' id='word_1_457' title='bbox 1373 3598 1552 3652; x_wconf 89' lang='lat' dir='ltr'>nostrorum</span> <span class='ocrx_word' id='word_1_458' title='bbox 1579 3590 1678 3652; x_wconf 90' lang='lat' dir='ltr'>studia</span> <span class='ocrx_word' id='word_1_459' title='bbox 1705 3596 1895 3651; x_wconf 90' lang='lat' dir='ltr'>consectare·</span> 
     </span>
     <span class='ocr_line' id='line_1_89' title="bbox 1151 3699 1233 3746; baseline -0.024 -1"><span class='ocrx_word' id='word_1_460' title='bbox 1151 3699 1233 3746; x_wconf 91' lang='lat' dir='ltr'>mur.</span> 
     </span>
    </p>

    <p class='ocr_par' dir='ltr' id='par_1_19' title="bbox 1151 3776 2128 5428">
     <span class='ocr_line' id='line_1_90' title="bbox 1190 3776 2128 3854; baseline -0.002 -17"><span class='ocrx_word' id='word_1_461' title='bbox 1190 3777 1259 3851; x_wconf 68' lang='grc'><strong>51.</strong></span> <span class='ocrx_word' id='word_1_462' title='bbox 1290 3776 1459 3839; x_wconf 91' lang='lat' dir='ltr'>Enimvero</span> <span class='ocrx_word' id='word_1_463' title='bbox 1487 3777 1570 3839; x_wconf 91' lang='lat' dir='ltr'>inter</span> <span class='ocrx_word' id='word_1_464' title='bbox 1597 3777 1671 3838; x_wconf 91' lang='lat' dir='ltr'>alios</span> <span class='ocrx_word' id='word_1_465' title='bbox 1702 3777 1896 3838; x_wconf 90' lang='lat' dir='ltr'>diversarum</span> <span class='ocrx_word' id='word_1_466' title='bbox 1929 3788 2128 3854; x_wconf 71' lang='grc' dir='ltr'>Ι333333333-</span> 
     </span>
     <span class='ocr_line' id='line_1_91' title="bbox 1151 3843 2127 3947; baseline -0.007 -14"><span class='ocrx_word' id='word_1_467' title='bbox 1151 3872 1315 3933; x_wconf 90' lang='lat' dir='ltr'>nationum</span> <span class='ocrx_word' id='word_1_468' title='bbox 1336 3869 1461 3932; x_wconf 89' lang='lat' dir='ltr'>dilectos</span> <span class='ocrx_word' id='word_1_469' title='bbox 1483 3870 1572 3944; x_wconf 87' lang='lat' dir='ltr'>filios,</span> <span class='ocrx_word' id='word_1_470' title='bbox 1595 3869 1708 3947; x_wconf 86' lang='lat' dir='ltr'>quibus</span> <span class='ocrx_word' id='word_1_471' title='bbox 1730 3869 1762 3930; x_wconf 93' lang='lat' dir='ltr'>in</span> <span class='ocrx_word' id='word_1_472' title='bbox 1784 3869 1840 3930; x_wconf 86' lang='grc'>133</span> <span class='ocrx_word' id='word_1_473' title='bbox 1854 3868 1897 3928; x_wconf 92' lang='lat' dir='ltr'>al·</span> <span class='ocrx_word' id='word_1_474' title='bbox 1916 3853 1972 3940; x_wconf 55' lang='lat'>3¹12}</span> <span class='ocrx_word' id='word_1_475' title='bbox 1991 3843 2127 3943; x_wconf 48' lang='lat' dir='ltr'>&#39;eqoffili</span> 
     </span>
     <span class='ocr_line' id='line_1_92' title="bbox 1152 3949 2105 4042; baseline -0.003 -18"><span class='ocrx_word' id='word_1_476' title='bbox 1152 3964 1199 4024; x_wconf 77' lang='lat' dir='ltr'>ma</span> <span class='ocrx_word' id='word_1_477' title='bbox 1221 3963 1304 4025; x_wconf 91' lang='lat' dir='ltr'>Urbe</span> <span class='ocrx_word' id='word_1_478' title='bbox 1325 3962 1429 4025; x_wconf 79' lang='lat' dir='ltr'>nostra</span> <span class='ocrx_word' id='word_1_479' title='bbox 1445 3970 1476 4024; x_wconf 88' lang='lat' dir='ltr'>et</span> <span class='ocrx_word' id='word_1_480' title='bbox 1490 3962 1561 4024; x_wconf 93' lang='lat' dir='ltr'>alibi</span> <span class='ocrx_word' id='word_1_481' title='bbox 1583 3967 1756 4042; x_wconf 89' lang='lat' dir='ltr'>opportuna</span> <span class='ocrx_word' id='word_1_482' title='bbox 1778 3969 1896 4039; x_wconf 90' lang='lat' dir='ltr'>aposto·</span> <span class='ocrx_word' id='word_1_483' title='bbox 1915 3949 2023 3996; x_wconf 61' lang='lat' dir='ltr'>⁸02f¹¹i⁸</span> <span class='ocrx_word' id='word_1_484' title='bbox 2037 3951 2105 3996; x_wconf 51' lang='lat'>‘¹⁸³-</span> 
     </span>
     <span class='ocr_line' id='line_1_93' title="bbox 1152 4056 1896 4136; baseline -0.001 -19"><span class='ocrx_word' id='word_1_485' title='bbox 1152 4058 1226 4120; x_wconf 89' lang='lat' dir='ltr'>lieae</span> <span class='ocrx_word' id='word_1_486' title='bbox 1254 4057 1453 4136; x_wconf 81' lang='lat' dir='ltr'>benignitatis</span> <span class='ocrx_word' id='word_1_487' title='bbox 1480 4057 1640 4119; x_wconf 88' lang='lat' dir='ltr'>commoda</span> <span class='ocrx_word' id='word_1_488' title='bbox 1667 4056 1819 4136; x_wconf 90' lang='lat' dir='ltr'>impertiti</span> <span class='ocrx_word' id='word_1_489' title='bbox 1846 4073 1896 4117; x_wconf 92' lang='lat' dir='ltr'>su-</span> 
     </span>
     <span class='ocr_line' id='line_1_94' title="bbox 1151 4149 1897 4224; baseline -0.001 -12"><span class='ocrx_word' id='word_1_490' title='bbox 1151 4168 1232 4224; x_wconf 85' lang='grc'><strong>333,</strong></span> <span class='ocrx_word' id='word_1_491' title='bbox 1255 4151 1373 4214; x_wconf 90' lang='lat' dir='ltr'>dilectis</span> <span class='ocrx_word' id='word_1_492' title='bbox 1389 4150 1495 4212; x_wconf 89' lang='lat' dir='ltr'>itidem</span> <span class='ocrx_word' id='word_1_493' title='bbox 1518 4149 1589 4213; x_wconf 85' lang='lat' dir='ltr'>filiis</span> <span class='ocrx_word' id='word_1_494' title='bbox 1604 4150 1762 4213; x_wconf 90' lang='lat' dir='ltr'>monacbis</span> <span class='ocrx_word' id='word_1_495' title='bbox 1776 4149 1897 4211; x_wconf 84' lang='lat' dir='ltr'>Graecis</span> 
     </span>
     <span class='ocr_line' id='line_1_95' title="bbox 1152 4243 1897 4321; baseline -0.003 -15"><span class='ocrx_word' id='word_1_496' title='bbox 1152 4245 1303 4308; x_wconf 87' lang='lat' dir='ltr'>llelcbitis</span> <span class='ocrx_word' id='word_1_497' title='bbox 1324 4243 1412 4308; x_wconf 91' lang='lat' dir='ltr'>dictis</span> <span class='ocrx_word' id='word_1_498' title='bbox 1444 4243 1699 4321; x_wconf 82' lang='lat' dir='ltr'>congregationis</span> <span class='ocrx_word' id='word_1_499' title='bbox 1721 4243 1751 4308; x_wconf 89' lang='lat' dir='ltr'>S.</span> <span class='ocrx_word' id='word_1_500' title='bbox 1774 4243 1897 4305; x_wconf 88' lang='lat' dir='ltr'>loannis</span> 
     </span>
     <span class='ocr_line' id='line_1_96' title="bbox 1152 4336 1896 4416; baseline -0.004 -17"><span class='ocrx_word' id='word_1_501' title='bbox 1152 4339 1301 4416; x_wconf 86' lang='lat' dir='ltr'>Baptistae</span> <span class='ocrx_word' id='word_1_502' title='bbox 1324 4339 1355 4400; x_wconf 92' lang='lat' dir='ltr'>in</span> <span class='ocrx_word' id='word_1_503' title='bbox 1379 4336 1484 4400; x_wconf 90' lang='lat' dir='ltr'>Soairo</span> <span class='ocrx_word' id='word_1_504' title='bbox 1507 4337 1539 4398; x_wconf 91' lang='lat' dir='ltr'>in</span> <span class='ocrx_word' id='word_1_505' title='bbox 1563 4338 1667 4400; x_wconf 87' lang='lat' dir='ltr'>Monte</span> <span class='ocrx_word' id='word_1_506' title='bbox 1692 4337 1819 4410; x_wconf 90' lang='lat' dir='ltr'>Libano,</span> <span class='ocrx_word' id='word_1_507' title='bbox 1843 4337 1896 4414; x_wconf 87' lang='lat' dir='ltr'>qai</span> 
     </span>
     <span class='ocr_line' id='line_1_97' title="bbox 1152 4429 1895 4509; baseline -0.008 -13"><span class='ocrx_word' id='word_1_508' title='bbox 1152 4450 1168 4496; x_wconf 91' lang='grc'>3</span> <span class='ocrx_word' id='word_1_509' title='bbox 1188 4431 1350 4494; x_wconf 78' lang='lat' dir='ltr'>Phoenicia</span> <span class='ocrx_word' id='word_1_510' title='bbox 1370 4430 1437 4492; x_wconf 91' lang='lat' dir='ltr'>sive</span> <span class='ocrx_word' id='word_1_511' title='bbox 1452 4429 1538 4508; x_wconf 76' lang='lat' dir='ltr'>syria</span> <span class='ocrx_word' id='word_1_512' title='bbox 1554 4429 1683 4492; x_wconf 88' lang='lat' dir='ltr'>Romam</span> <span class='ocrx_word' id='word_1_513' title='bbox 1694 4429 1895 4509; x_wconf 87' lang='lat' dir='ltr'>appulerant,</span> 
     </span>
     <span class='ocr_line' id='line_1_98' title="bbox 1151 4521 1896 4588; baseline -0.009 0"><span class='ocrx_word' id='word_1_514' title='bbox 1151 4526 1309 4588; x_wconf 89' lang='lat' dir='ltr'>ecclesiam</span> <span class='ocrx_word' id='word_1_515' title='bbox 1338 4523 1368 4586; x_wconf 91' lang='lat' dir='ltr'>S.</span> <span class='ocrx_word' id='word_1_516' title='bbox 1392 4523 1504 4586; x_wconf 89' lang='lat' dir='ltr'>llariae</span> <span class='ocrx_word' id='word_1_517' title='bbox 1526 4523 1558 4585; x_wconf 92' lang='lat' dir='ltr'>in</span> <span class='ocrx_word' id='word_1_518' title='bbox 1580 4523 1738 4586; x_wconf 74' lang='lat' dir='ltr'>[lominica</span> <span class='ocrx_word' id='word_1_519' title='bbox 1763 4521 1896 4585; x_wconf 85' lang='grc'><strong>333113-</strong></span> 
     </span>
     <span class='ocr_line' id='line_1_99' title="bbox 1152 4614 1896 4694; baseline -0.009 -13"><span class='ocrx_word' id='word_1_520' title='bbox 1152 4619 1268 4694; x_wconf 86' lang='lat' dir='ltr'>mnicai,</span> <span class='ocrx_word' id='word_1_521' title='bbox 1295 4617 1390 4694; x_wconf 88' lang='lat' dir='ltr'>vulgo</span> <span class='ocrx_word' id='word_1_522' title='bbox 1412 4617 1495 4679; x_wconf 87' lang='lat' dir='ltr'>detta</span> <span class='ocrx_word' id='word_1_523' title='bbox 1522 4615 1700 4688; x_wconf 67' lang='lat' dir='ltr'>Navicellis,</span> <span class='ocrx_word' id='word_1_524' title='bbox 1729 4614 1767 4677; x_wconf 89' lang='lat' dir='ltr'>de</span> <span class='ocrx_word' id='word_1_525' title='bbox 1793 4614 1896 4678; x_wconf 90' lang='lat' dir='ltr'>dilecti</span> 
     </span>
     <span class='ocr_line' id='line_1_100' title="bbox 1152 4707 1898 4787; baseline -0.007 -15"><span class='ocrx_word' id='word_1_526' title='bbox 1152 4712 1207 4773; x_wconf 86' lang='lat' dir='ltr'>srlii</span> <span class='ocrx_word' id='word_1_527' title='bbox 1229 4711 1327 4773; x_wconf 89' lang='lat' dir='ltr'>nostri</span> <span class='ocrx_word' id='word_1_528' title='bbox 1350 4709 1467 4772; x_wconf 90' lang='lat' dir='ltr'>Nicolai</span> <span class='ocrx_word' id='word_1_529' title='bbox 1489 4707 1810 4787; x_wconf 61' lang='lat' dir='ltr'>&amp;lampredarum</span> <span class='ocrx_word' id='word_1_530' title='bbox 1825 4708 1898 4770; x_wconf 85' lang='lat' dir='ltr'>Gar-</span> 
     </span>
     <span class='ocr_line' id='line_1_101' title="bbox 1152 4800 1897 4882; baseline -0.011 -14"><span class='ocrx_word' id='word_1_531' title='bbox 1152 4805 1261 4868; x_wconf 89' lang='lat' dir='ltr'>dinalis</span> <span class='ocrx_word' id='word_1_532' title='bbox 1283 4804 1386 4867; x_wconf 79' lang='grc'><strong>1133313</strong></span> <span class='ocrx_word' id='word_1_533' title='bbox 1413 4803 1583 4882; x_wconf 89' lang='lat' dir='ltr'>nuncupati</span> <span class='ocrx_word' id='word_1_534' title='bbox 1599 4803 1738 4864; x_wconf 90' lang='lat' dir='ltr'>eiusdem</span> <span class='ocrx_word' id='word_1_535' title='bbox 1753 4800 1897 4864; x_wconf 89' lang='lat' dir='ltr'>ecclesiae</span> 
     </span>
     <span class='ocr_line' id='line_1_102' title="bbox 1154 4894 1897 4972; baseline -0.008 -13"><span class='ocrx_word' id='word_1_536' title='bbox 1154 4898 1286 4960; x_wconf 90' lang='lat' dir='ltr'>titularis</span> <span class='ocrx_word' id='word_1_537' title='bbox 1318 4913 1487 4972; x_wconf 88' lang='lat' dir='ltr'>consensu,</span> <span class='ocrx_word' id='word_1_538' title='bbox 1518 4897 1567 4959; x_wconf 91' lang='lat' dir='ltr'>die</span> <span class='ocrx_word' id='word_1_539' title='bbox 1598 4912 1691 4957; x_wconf 89' lang='lat' dir='ltr'>xxrrr.</span> <span class='ocrx_word' id='word_1_540' title='bbox 1722 4894 1790 4956; x_wconf 92' lang='lat' dir='ltr'>iulii</span> <span class='ocrx_word' id='word_1_541' title='bbox 1815 4909 1897 4956; x_wconf 89' lang='lat' dir='ltr'>anno</span> 
     </span>
     <span class='ocr_line' id='line_1_103' title="bbox 1152 4988 1897 5054; baseline -0.009 0"><span class='ocrx_word' id='word_1_542' title='bbox 1152 5005 1352 5054; x_wconf 85' lang='lat' dir='ltr'>nucoxxxrv.</span> <span class='ocrx_word' id='word_1_543' title='bbox 1386 4990 1606 5054; x_wconf 90' lang='lat' dir='ltr'>concessimus.</span> <span class='ocrx_word' id='word_1_544' title='bbox 1639 4988 1791 5051; x_wconf 90' lang='lat' dir='ltr'>Ecclesiae</span> <span class='ocrx_word' id='word_1_545' title='bbox 1822 5001 1897 5049; x_wconf 91' lang='lat' dir='ltr'>vero</span> 
     </span>
     <span class='ocr_line' id='line_1_104' title="bbox 1152 5082 1899 5163; baseline -0.005 -18"><span class='ocrx_word' id='word_1_546' title='bbox 1152 5087 1402 5163; x_wconf 83' lang='lat' dir='ltr'>adiecturumque</span> <span class='ocrx_word' id='word_1_547' title='bbox 1417 5084 1516 5146; x_wconf 87' lang='lat' dir='ltr'>eidem</span> <span class='ocrx_word' id='word_1_548' title='bbox 1532 5097 1697 5162; x_wconf 78' lang='lat' dir='ltr'>parvarum</span> <span class='ocrx_word' id='word_1_549' title='bbox 1713 5082 1836 5143; x_wconf 89' lang='lat' dir='ltr'>aedium</span> <span class='ocrx_word' id='word_1_550' title='bbox 1851 5097 1899 5141; x_wconf 92' lang='lat' dir='ltr'>re·</span> 
     </span>
     <span class='ocr_line' id='line_1_105' title="bbox 1153 5174 1897 5258; baseline -0.009 -17"><span class='ocrx_word' id='word_1_551' title='bbox 1153 5195 1287 5258; x_wconf 88' lang='lat' dir='ltr'>rumque</span> <span class='ocrx_word' id='word_1_552' title='bbox 1307 5193 1462 5241; x_wconf 88' lang='lat' dir='ltr'>sacrarum</span> <span class='ocrx_word' id='word_1_553' title='bbox 1475 5183 1505 5238; x_wconf 92' lang='lat' dir='ltr'>et</span> <span class='ocrx_word' id='word_1_554' title='bbox 1521 5175 1720 5256; x_wconf 76' lang='lat' dir='ltr'>profanarum</span> <span class='ocrx_word' id='word_1_555' title='bbox 1736 5174 1897 5253; x_wconf 90' lang='lat' dir='ltr'>possessio·</span> 
     </span>
     <span class='ocr_line' id='line_1_106' title="bbox 1153 5267 1896 5336; baseline -0.012 0"><span class='ocrx_word' id='word_1_556' title='bbox 1153 5290 1225 5336; x_wconf 91' lang='lat' dir='ltr'>nem</span> <span class='ocrx_word' id='word_1_557' title='bbox 1247 5273 1291 5334; x_wconf 93' lang='lat' dir='ltr'>illi</span> <span class='ocrx_word' id='word_1_558' title='bbox 1314 5272 1363 5334; x_wconf 90' lang='lat' dir='ltr'>die</span> <span class='ocrx_word' id='word_1_559' title='bbox 1386 5287 1474 5332; x_wconf 88' lang='lat' dir='ltr'>xxrx.</span> <span class='ocrx_word' id='word_1_560' title='bbox 1494 5269 1632 5332; x_wconf 86' lang='lat' dir='ltr'>eiusdem</span> <span class='ocrx_word' id='word_1_561' title='bbox 1647 5271 1764 5331; x_wconf 89' lang='lat' dir='ltr'>mensis</span> <span class='ocrx_word' id='word_1_562' title='bbox 1778 5275 1808 5330; x_wconf 90' lang='lat' dir='ltr'>et</span> <span class='ocrx_word' id='word_1_563' title='bbox 1823 5267 1896 5328; x_wconf 94' lang='lat' dir='ltr'>anni</span> 
     </span>
     <span class='ocr_line' id='line_1_107' title="bbox 1152 5367 1306 5428; baseline -0.013 -1"><span class='ocrx_word' id='word_1_564' title='bbox 1152 5367 1306 5428; x_wconf 86' lang='lat' dir='ltr'>adierunt.</span> 
     </span>
    </p>

    <p class='ocr_par' dir='ltr' id='par_1_20' title="bbox 1153 5453 2127 5818">
     <span class='ocr_line' id='line_1_108' title="bbox 1191 5453 2127 5537; baseline -0.009 -16"><span class='ocrx_word' id='word_1_565' title='bbox 1191 5460 1210 5533; x_wconf 70' lang='grc' dir='ltr'><strong>ἓ</strong></span> <span class='ocrx_word' id='word_1_566' title='bbox 1231 5460 1259 5521; x_wconf 80' lang='lat'>2.</span> <span class='ocrx_word' id='word_1_567' title='bbox 1285 5460 1404 5520; x_wconf 88' lang='lat' dir='ltr'>interea</span> <span class='ocrx_word' id='word_1_568' title='bbox 1421 5457 1568 5537; x_wconf 89' lang='lat' dir='ltr'>temporis</span> <span class='ocrx_word' id='word_1_569' title='bbox 1590 5455 1758 5519; x_wconf 90' lang='lat' dir='ltr'>nonnullas</span> <span class='ocrx_word' id='word_1_570' title='bbox 1778 5453 1836 5516; x_wconf 92' lang='lat' dir='ltr'>sibi</span> <span class='ocrx_word' id='word_1_571' title='bbox 1850 5469 1898 5514; x_wconf 90' lang='lat' dir='ltr'>re·</span> <span class='ocrx_word' id='word_1_572' title='bbox 1932 5467 2127 5534; x_wconf 65' lang='grc'><strong>3333133333</strong></span> 
     </span>
     <span class='ocr_line' id='line_1_109' title="bbox 1153 5527 2116 5630; baseline -0.006 -17"><span class='ocrx_word' id='word_1_573' title='bbox 1153 5552 1239 5629; x_wconf 86' lang='lat' dir='ltr'>gulas</span> <span class='ocrx_word' id='word_1_574' title='bbox 1261 5568 1317 5630; x_wconf 91' lang='lat' dir='ltr'>pro</span> <span class='ocrx_word' id='word_1_575' title='bbox 1339 5550 1439 5613; x_wconf 75' lang='lat' dir='ltr'>debita</span> <span class='ocrx_word' id='word_1_576' title='bbox 1461 5551 1546 5612; x_wconf 89' lang='lat' dir='ltr'>iuxta</span> <span class='ocrx_word' id='word_1_577' title='bbox 1568 5551 1751 5612; x_wconf 89' lang='lat' dir='ltr'>eorumdem</span> <span class='ocrx_word' id='word_1_578' title='bbox 1774 5547 1899 5609; x_wconf 91' lang='lat' dir='ltr'>institu-</span> <span class='ocrx_word' id='word_1_579' title='bbox 1917 5527 2116 5568; x_wconf 62' lang='lat' dir='ltr'>‘⁰⁰⁸¹&#39;ffl‘fflm&#39;</span> 
     </span>
     <span class='ocr_line' id='line_1_110' title="bbox 1154 5641 1898 5723; baseline -0.011 -16"><span class='ocrx_word' id='word_1_580' title='bbox 1154 5653 1221 5707; x_wconf 88' lang='lat' dir='ltr'>tum</span> <span class='ocrx_word' id='word_1_581' title='bbox 1243 5645 1393 5723; x_wconf 87' lang='lat' dir='ltr'>regularis</span> <span class='ocrx_word' id='word_1_582' title='bbox 1409 5643 1588 5721; x_wconf 91' lang='lat' dir='ltr'>disciplinae</span> <span class='ocrx_word' id='word_1_583' title='bbox 1603 5641 1798 5704; x_wconf 78' lang='lat' dir='ltr'>observantia</span> <span class='ocrx_word' id='word_1_584' title='bbox 1813 5655 1898 5719; x_wconf 86' lang='lat' dir='ltr'>prae-</span> 
     </span>
     <span class='ocr_line' id='line_1_111' title="bbox 1153 5733 1900 5818; baseline -0.009 -18"><span class='ocrx_word' id='word_1_585' title='bbox 1153 5739 1358 5818; x_wconf 90' lang='lat' dir='ltr'>scripserunt:</span> <span class='ocrx_word' id='word_1_586' title='bbox 1394 5753 1486 5816; x_wconf 86' lang='lat' dir='ltr'>quas,</span> <span class='ocrx_word' id='word_1_587' title='bbox 1520 5751 1591 5798; x_wconf 90' lang='lat' dir='ltr'>cum</span> <span class='ocrx_word' id='word_1_588' title='bbox 1625 5735 1754 5797; x_wconf 88' lang='lat' dir='ltr'>dilectus</span> <span class='ocrx_word' id='word_1_589' title='bbox 1784 5733 1900 5812; x_wconf 89' lang='lat' dir='ltr'>pariter</span> 
     </span>
    </p>
   </div>
   <div class='ocr_carea' id='block_1_16' title="bbox 389 5957 1201 6018">
    <p class='ocr_par' dir='ltr' id='par_1_21' title="bbox 389 5957 1201 6018">
     <span class='ocr_line' id='line_1_112' title="bbox 389 5957 1201 6018; baseline -0.007 -12"><span class='ocrx_word' id='word_1_590' title='bbox 389 5963 419 6018; x_wconf 87' lang='lat' dir='ltr'>(t)</span> <span class='ocrx_word' id='word_1_591' title='bbox 435 5963 471 6006; x_wconf 81' lang='lat' dir='ltr'>Ex</span> <span class='ocrx_word' id='word_1_592' title='bbox 486 5961 551 6006; x_wconf 81' lang='lat' dir='ltr'>Ball.</span> <span class='ocrx_word' id='word_1_593' title='bbox 568 5963 592 6005; x_wconf 81' lang='grc' dir='ltr'>Ρ.</span> <span class='ocrx_word' id='word_1_594' title='bbox 608 5959 640 6005; x_wconf 88' lang='lat' dir='ltr'>de</span> <span class='ocrx_word' id='word_1_595' title='bbox 654 5963 727 6017; x_wconf 88' lang='lat' dir='ltr'>Prop.</span> <span class='ocrx_word' id='word_1_596' title='bbox 744 5959 806 6004; x_wconf 79' lang='lat' dir='ltr'>Fide</span> <span class='ocrx_word' id='word_1_597' title='bbox 821 5959 870 6004; x_wconf 95' lang='lat' dir='ltr'>vol.</span> <span class='ocrx_word' id='word_1_598' title='bbox 886 5961 926 6014; x_wconf 90' lang='grc'><strong>11.,</strong></span> <span class='ocrx_word' id='word_1_599' title='bbox 941 5969 998 6016; x_wconf 84' lang='lat' dir='ltr'>pag.</span> <span class='ocrx_word' id='word_1_600' title='bbox 1016 5961 1065 6014; x_wconf 67' lang='lat'>287,</span> <span class='ocrx_word' id='word_1_601' title='bbox 1080 5957 1139 6002; x_wconf 84' lang='lat' dir='ltr'>coll¹</span> <span class='ocrx_word' id='word_1_602' title='bbox 1155 5957 1201 6000; x_wconf 80' lang='lat' dir='ltr'>etc.</span> 
     </span>
    </p>
   </div>
   <div class='ocr_carea' id='block_1_17' title="bbox 455 6079 1051 6140">
    <p class='ocr_par' dir='ltr' id='par_1_22' title="bbox 455 6079 1051 6140">
     <span class='ocr_line' id='line_1_113' title="bbox 455 6079 1051 6140; baseline -0.01 -10"><span class='ocrx_word' id='word_1_603' title='bbox 455 6084 506 6130; x_wconf 84' lang='lat' dir='ltr'>lar.</span> <span class='ocrx_word' id='word_1_604' title='bbox 524 6083 592 6128; x_wconf 79' lang='lat' dir='ltr'>Poat.</span> <span class='ocrx_word' id='word_1_605' title='bbox 609 6081 639 6127; x_wconf 78' lang='lat' dir='ltr'>de</span> <span class='ocrx_word' id='word_1_606' title='bbox 655 6081 728 6140; x_wconf 84' lang='lat' dir='ltr'>Prop.</span> <span class='ocrx_word' id='word_1_607' title='bbox 745 6079 805 6126; x_wconf 80' lang='lat' dir='ltr'>Fide</span> <span class='ocrx_word' id='word_1_608' title='bbox 820 6079 902 6126; x_wconf 86' lang='lat' dir='ltr'>Partis</span> <span class='ocrx_word' id='word_1_609' title='bbox 916 6081 934 6126; x_wconf 91' lang='lat' dir='ltr'>l.</span> <span class='ocrx_word' id='word_1_610' title='bbox 950 6079 1004 6126; x_wconf 81' lang='grc'><strong>1131,</strong></span> <span class='ocrx_word' id='word_1_611' title='bbox 1021 6081 1051 6124; x_wconf 89' lang='grc'>11.</span> 
     </span>
    </p>
   </div>
   <div class='ocr_carea' id='block_1_18' title="bbox 0 0 2426 6980">
    <p class='ocr_par' dir='ltr' id='par_1_23' title="bbox 0 0 2426 6980">
     <span class='ocr_line' id='line_1_114' title="bbox 0 0 2426 6980; baseline 0 0"><span class='ocrx_word' id='word_1_612' title='bbox 0 0 2426 6980; x_wconf 95' lang='lat' dir='ltr'> </span> 
     </span>
    </p>
   </div>
  </div>
 </body>
</html>
