4848 6990
957 596 1165 642 lNNOGENTlUS
1187 595 1230 642 xl.

319 716 496 780 huiusmodi
517 717 575 779 sub
598 714 769 778 immediati
795 714 899 778 nostrai
920 721 950 778 et
971 714 1064 780 huius

319 817 440 872 sancme
474 809 560 874 Sedis
590 809 782 888 spostolicae
809 809 999 886 protectione
1033 815 1064 870 et

319 903 510 966 subiectione
529 904 722 980 suscipimus.
752 901 846 963 Porro
868 902 964 980 ipsam
991 917 1065 962 con-

321 999 545 1076 gregationem,
568 998 611 1059 sic
632 1003 778 1070 erectam,
797 995 926 1074 eiusque
946 993 1065 1056 confra-

320 1101 383 1155 tres
407 1106 632 1171 quoscumque,
654 1109 671 1152 a
695 1089 850 1153 solutione
870 1096 996 1166 quartae
1017 1087 1065 1150 fu-

321 1187 433 1248 neralis
449 1193 510 1248 tam
530 1184 735 1246 saecularibus
756 1199 849 1262 quam
871 1180 1064 1258 regularibus

321 1281 455 1344 ecclesiis
476 1278 711 1358 parochialibus
741 1277 869 1354 aliisque
893 1275 970 1337 locis
994 1273 1062 1352 piis,

321 1375 413 1438 etiam
441 1373 597 1436 doctrinae
628 1371 733 1450 populi
754 1371 904 1433 ludorum
928 1375 981 1430 ant
1007 1366 1064 1428 allai

321 1469 428 1548 quavis
459 1465 713 1530 denominatione
744 1463 948 1541 nuncupatis,
981 1460 1064 1522 debi-
1102 1499 1105 1506 »

322 1570 385 1635 tae,
408 1561 590 1624 auctoritate
623 1557 773 1636 praefata,
809 1557 987 1619 earumdem
1020 1561 1064 1616 te·

321 1671 397 1718 nore
418 1655 637 1733 praesentium,
666 1651 844 1730 plenissime
865 1657 896 1712 et
916 1647 1065 1728 amplissi-

320 1765 371 1812 me
385 1750 423 1812 de
437 1764 519 1810 novo
534 1747 691 1808 eximinus
706 1746 821 1824 pariter
836 1751 866 1806 et
883 1744 1061 1805 liberamus:

320 1832 506 1908 declarantes
521 1841 696 1906 huiusmodi
712 1840 944 1918 exemptionem
958 1836 1065 1900 suffra-

321 1941 385 2017 gari
406 1939 519 2000 debere
533 1937 626 1999 etiam
641 1933 739 2014 quoad
762 1933 920 2012 hospitalia
935 1932 968 1992 in
983 1930 1065 1992 futu-

321 2049 391 2096 rum
413 2031 558 2106 erigenda
579 2037 611 2092 et
629 2045 772 2108 personas
793 2031 1020 2088 commorantes
1035 2030 1065 2084 et

321 2128 527 2188 inservientes
549 2125 631 2186 intra
647 2129 730 2200 septa
750 2119 961 2198 hospitalium,
977 2119 1067 2180 dum·

321 2221 413 2285 modo
435 2227 537 2281 tamen
556 2215 748 2294 sepeliantur
770 2215 802 2276 iu
824 2211 957 2276 ecclesiis
972 2211 1066 2274 dicto·

321 2333 394 2378 rum
415 2313 619 2382 confratrum,
646 2315 677 2368 et
706 2308 803 2369 dictae
831 2305 973 2367 ecclesiae
994 2303 1066 2362 alias

321 2409 453 2473 habeant
468 2403 702 2468 coemeterium.
722 2401 850 2478 insuper
864 2397 979 2460 eisdem
994 2413 1066 2457 con-

321 2502 478 2573 fratribus,
496 2506 529 2560 ut
543 2497 771 2558 sanctissimum
793 2490 1002 2554 Eucharistiae
1022 2507 1068 2551 sa-

321 2602 528 2666 cramentum,
551 2590 654 2652 debito
676 2595 780 2650 tamen
802 2601 875 2647 cum
898 2587 1016 2645 honore
1036 2591 1067 2646 et

321 2686 508 2760 reverentid,
517 2687 549 2746 in
562 2681 696 2746 ecclesiis
707 2677 1067 2756 dictorumhospitalium

321 2784 442 2844 assidue
466 2787 498 2842 et
524 2784 673 2857 perpetuo
702 2789 858 2836 asservare
879 2781 909 2833 et
930 2773 1067 2832 retinere

322 2876 419 2938 libere
440 2882 471 2934 et
492 2871 574 2934 licite
597 2869 729 2947 possint;
760 2877 856 2944 utque
878 2871 1067 2928 sacramenta

321 2961 763 3038 Poenitentiae,Eucharistiae
774 2967 805 3022 et
816 2959 1068 3022 Extrernannc-

298 3059 299 3062 ’
322 3062 415 3124 tionis
436 3057 645 3120 administrari
665 3055 788 3116 valeant
809 3053 942 3116 infirmis
957 3041 1067 3114 et'aliis

322 3156 462 3233 personis
494 3168 590 3229 supra
622 3147 774 3228 expressis
808 3163 863 3224 per
897 3146 1068 3224 capellanos

321 3247 505 3308 eorumdem
525 3243 742 3322 hospitalium,
772 3239 940 3303 dummodo
963 3245 1067 3300 tamen

322 3341 416 3403 iidem
447 3337 594 3416 capellani
618 3337 699 3396 intra
726 3342 812 3412 septa
841 3335 993 3396 dictorum
1015 3332 1068 3393 ho·

321 3433 479 3512 spitalium
506 3437 756 3504 commorentur;
780 3435 874 3506 utque
902 3426 991 3489 liceat
1012 3425 1070 3487 eis·

322 3527 392 3589 dem
414 3525 578 3604 capellanis
593 3523 624 3584 in
641 3522 730 3584 dictis
751 3521 885 3584 ecclesiis
906 3519 1011 3581 divina
1025 3519 1070 3581 of·

322 3617 390 3682 ficia
411 3629 443 3680 et
463 3618 569 3680 missas
594 3617 751 3678 solemnes
782 3615 952 3689 celebrare,
975 3614 1069 3675 etiam

322 3715 354 3776 in
375 3711 562 3775 hebdomadi
584 3710 705 3783 maiori,
721 3709 902 3771 auctoritate
915 3716 946 3770 et
962 3715 1070 3769 tenore

322 3807 482 3886 praedictis
503 3803 702 3866 concedimus
723 3810 754 3863 et
775 3802 982 3878 indulgemus.
1013 3801 1068 3862 De-

323 3902 418 3979 nique
449 3897 654 3960 confratribus
675 3897 774 3958 dictae
804 3895 973 3971 societatis,
996 3911 1069 3956 vere

323 3991 552 4073 poenitentibus
574 3997 605 4052 et
627 3989 772 4052 confessis
787 4007 819 4050 ac
834 3989 916 4050 sacre
930 4003 1069 4050 commu·

323 4088 418 4150 nione
438 4084 570 4160 refectis,
593 4083 642 4146 die
662 4083 761 4162 prima
783 4098 891 4143 eorum
912 4083 1069 4158 ingressus

323 4181 357 4244 in
377 4181 555 4242 societatem
577 4177 765 4251 huiusmodi,
788 4175 975 4254 plenariam
999 4191 1071 4237 neo-

324 4290 387 4336 non
419 4271 564 4335 omnibus
585 4278 616 4332 et
636 4269 767 4345 singulis
795 4269 890 4348 ipsius
917 4267 1069 4329 societatis

324 4367 545 4444 confratribus,
567 4381 600 4426 ac
627 4361 760 4424 infirmis
792 4361 1015 4436 morientibus,
1039 4369 1070 4422 et

323 4459 461 4540 personis
482 4457 725 4539 inservientibus
746 4456 779 4517 in
801 4455 888 4518 dictis
916 4455 1069 4533 hospitali-

324 4555 392 4628 bus,
416 4554 449 4614 in
470 4551 634 4615 cuiuslibet
661 4566 770 4612 eorum
792 4549 902 4610 mortis
928 4547 1067 4623 articulo,

323 4649 349 4708 si
370 4661 444 4708 vere
464 4645 608 4707 similiter
630 4642 822 4722 poenitentes
838 4649 868 4702 et
883 4640 1069 4717 contestas

322 4741 404 4802 sacra
426 4738 648 4802 communione
673 4735 797 4811 refecti,
824 4735 892 4809 vel,
915 4742 1069 4813 qnatenus

324 4833 354 4896 id
375 4833 474 4895 facere
495 4831 707 4910 nequiverint,
728 4829 837 4892 saltem
859 4830 996 4905 contriti,
1015 4843 1069 4892 no·

323 4943 398 4988 men
419 4927 487 4988 lesu
508 4924 609 4996 ore,si
631 4925 801 5002 potuerint,
816 4925 864 4986 sin
887 4925 990 4986 minus
1004 4941 1071 4986 cor·

231 5077 238 5091 ,
324 5021 362 5082 de
382 5021 493 5082 devote
514 5019 740 5093 invocaverint,
757 5019 864 5080 itidem
885 5017 1068 5097 plenariam3

324 5131 357 5176 ac
387 5111 531 5176 omnibus
559 5119 591 5174 et
621 5111 753 5190 singulis
785 5113 947 5191 utriusque
978 5127 1070 5174 sexus

323 5206 575 5268 christifidelibus
596 5221 671 5266 vere
691 5221 816 5284 quoque
842 5205 1070 5284 poenitentibus

325 5311 356 5364 et
377 5301 520 5364 confessis
535 5317 569 5362 ac
588 5301 671 5363 sacra
692 5301 914 5363 communione
935 5299 1069 5372 refectis,

325 5395 378 5475 qui
399 5395 533 5474 aliquam
554 5409 593 5456 ex
614 5395 750 5458 ecclesiis
777 5394 931 5456 dictorum
953 5393 1070 5456 confra-

324 5499 411 5551 trum
433 5497 496 5550 tam
516 5488 666 5551 hactenus
681 5489 790 5552 erectis
811 5504 904 5568 quam
925 5488 957 5550 in
973 5495 1070 5566 poste-

324 5598 397 5643 rum
417 5581 677 5661 quandocumque
698 5582 874 5660 erigendis,
896 5585 931 5646 in
953 5580 1072 5646 duabus

324 5683 449 5738 tantum
469 5675 542 5738 anni
566 5674 786 5740 festivitatibus
813 5694 869 5756 per
895 5677 1071 5741 Ordinarios

325 5768 465 5830 locorum
480 5770 649 5848 respective
659 5770 756 5832 semel
771 5779 894 5835 tantum
909 5773 1070 5850 designan-

326 5862 382 5937 dis,
404 5881 421 5924 a
442 5863 550 5942 primis
577 5865 714 5942 vesperis
744 5869 905 5944 usquead
932 5883 1072 5930 occasum

325 5955 398 6018 solis
415 5955 619 6020 festivitatum
634 5959 823 6037 huiusmodi,
839 5960 927 6022 annis
941 5960 1072 6039 singulis

1788 567 1844 632 109
1894 567 1948 621 An.
1962 569 1992 622 (l.
2014 569 2083 620 1687

1118 715 1229 778 devote
1240 713 1445 788 visitaverint,
1458 719 1489 776 et
1503 712 1546 775 ibi
1559 727 1615 792 pro
1625 708 1863 772 christianorum

1118 808 1294 888 principum
1315 807 1486 883 concordie,
1501 806 1666 868 haeresum
1686 800 1863 881 extirpatio-

1118 920 1169 979 ne,
1185 921 1219 966 ac
1232 909 1355 966 sanctae
1376 903 1483 964 matris
1505 899 1658 964 Ecclesiae
1679 895 1864 960 exaltatione

1118 996 1181 1074 pias
1202 998 1238 1060 ad
1259 997 1358 1059 lleum
1380 1011 1484 1076 preces
1499 993 1677 1067 effuderint,
1700 1009 1758 1070 qua
1780 987 1865 1050 festi·

1119 1090 1212 1154 vitate
1235 1090 1440 1168 praefatarum
1466 1089 1496 1152 id
1516 1087 1656 1172 egerint,
1687 1085 1779 1148 etiam
1801 1082 1865 1160 ple-

1119 1185 1238 1246 nariam
1249 1184 1391 1246 omnium
1404 1190 1599 1261 peccatorum
1616 1195 1745 1244 suorum
1761 1175 1864 1240 indul·

1119 1277 1257 1354 gentiam
1278 1285 1308 1338 et
1329 1278 1544 1340 remissionem
1569 1273 1810 1338 misericorditer
1832 1270 1863 1332 in

1119 1369 1249 1431 Domino
1271 1369 1477 1446 concedimus.

1158 1463 1176 1537 ἓ
1198 1462 1227 1523 3.
1244 1464 1450 1527 Decernentes
1462 1464 1583 1526 easdem
1599 1467 1774 1541 praesentes
1785 1458 1865 1520 litte-

1119 1575 1166 1619 ras
1189 1559 1303 1634 hrmas,
1326 1557 1440 1620 validas
1466 1566 1499 1620 et
1525 1557 1659 1620 efficaces
1681 1555 1812 1616 existere
1835 1559 1866 1612 et

1120 1651 1196 1728 fore,
1225 1668 1359 1731 suosque
1387 1651 1539 1730 plenarios
1559 1658 1591 1712 et
1613 1651 1750 1725 integros
1778 1645 1867 1708 elfec-

1122 1754 1170 1807 tus
1196 1745 1301 1806 sortiri
1328 1754 1360 1808 et
1387 1744 1538 1820 obtinere,
1564 1761 1598 1806 ac
1626 1743 1697 1816 illis,
1723 1741 1760 1803 ad
1789 1755 1865 1819 quos

1120 1846 1235 1918 spectat
1250 1845 1279 1900 et
1295 1855 1349 1917 pro
1362 1845 1502 1917 tempore
1512 1837 1768 1916 quandocumque
1782 1849 1866 1912 spec-

1122 1933 1208 2006 tabit,
1226 1934 1256 1994 in
1272 1932 1418 1994 omnibus
1439 1940 1470 1994 et
1491 1947 1547 2011 per
1568 1931 1671 1992 omnia
1687 1928 1867 2008 plenissime

1120 2026 1292 2104 suflragari,
1316 2035 1346 2088 et
1366 2027 1403 2088 ab
1424 2025 1467 2088 eis
1491 2025 1661 2104 respective
1682 2021 1867 2086 inviolabili·

1122 2131 1170 2182 ter
1184 2121 1351 2194 observari,
1363 2121 1469 2198 sicque
1480 2121 1513 2181 in
1525 2119 1698 2198 praemissis
1709 2133 1765 2196 per
1776 2131 1867 2195 quos·

1121 2229 1257 2292 cumque
1288 2214 1403 2274 iudices
1435 2213 1606 2274 ordinarios
1638 2219 1668 2272 et
1699 2209 1865 2286 delegatos,

1121 2308 1215 2369 etiam
1231 2324 1391 2370 cansarum
1409 2307 1512 2386 palatii
1528 2305 1682 2385 apostolici
1699 2304 1864 2376 auditores,

1122 2403 1249 2464 iudicari
1277 2410 1308 2463 et
1329 2402 1454 2464 definiri
1482 2401 1611 2476 debere,
1634 2417 1667 2462 ac
1689 2399 1814 2460 irritum
1836 2403 1866 2458 et

1122 2495 1215 2556 inane
1235 2495 1261 2556 si
1274 2512 1363 2557 secus
1383 2511 1476 2573 super
1497 2495 1545 2556 his
1566 2511 1582 2554 a
1603 2507 1770 2572 quoquam,
1793 2507 1866 2568 qua·

1122 2591 1169 2650 vis
1192 2591 1393 2664 auctoritate,
1415 2589 1550 2652 scienter
1583 2589 1632 2650 vel
1666 2587 1864 2664 ignoranter,

1121 2684 1286 2760 coratigerit
1307 2683 1462 2746 attentari.
1858 2735 1861 2744 .

1162 2780 1180 2851 ἓ
1201 2779 1230 2839 l.
1255 2777 1323 2838 Non
1339 2777 1530 2839 obstantibus
1544 2774 1730 2854 praemissis,
1745 2791 1779 2836 ac
1797 2789 1867 2852 apo·
1886 2773 2099 2874 rffirrgffi⁰⁰⁰w

1121 2873 1235 2934 stolicis
1256 2877 1287 2932 et
1309 2872 1340 2932 in
1364 2869 1592 2933 universalibus
1613 2868 1868 2948 provincialibus·
2026 2859 2032 2872 '

1122 2983 1183 3043 que
1203 2973 1234 3026 et
1255 2964 1451 3042 synodalibus
1466 2963 1603 3025 conciliis
1624 2963 1724 3036 editis,
1741 2979 1869 3039 genera-

1122 3059 1202 3120 libus
1229 3059 1277 3120 vel
1307 3057 1511 3136 specialibus,
1538 3057 1812 3118 constitutionibus
1837 3061 1868 3116 et

1123 3152 1377 3226 ordinationibus,
1401 3167 1521 3213 necnon
1544 3149 1641 3213 dictae
1665 3149 1868 3212 confraterni-

1124 3247 1204 3320 tatis,
1227 3262 1260 3307 ac
1282 3245 1492 3320 ecclesiarum,
1515 3243 1666 3308 Ordinum
1681 3251 1712 3304 et
1731 3243 1869 3306 locorum

1123 3339 1245 3417 piorum
1281 3339 1493 3417 quorumlibet
1523 3339 1651 3418 aliisque
1686 3337 1868 3416 quibusvis,

1121 3435 1215 3496 etiam
1237 3434 1423 3507 iuramento,
1440 3433 1675 3494 confirmatione
1696 3429 1869 3508 apostolica,

1124 3529 1172 3590 vel
1195 3527 1301 3606 quavis
1324 3527 1470 3587 firmitate
1490 3526 1547 3588 atta
1567 3525 1729 3600 roboratis,
1748 3523 1870 3586 statutis

1124 3629 1153 3682 et
1174 3619 1463 3693 consuetudinibus
1480 3619 1650 3698 privilegiis
1672 3634 1806 3696 quoque,
1824 3617 1870 3678 in·

1125 3715 1218 3789 dultis
1240 3723 1270 3776 et
1292 3713 1402 3776 litteris
1424 3713 1595 3790 apostolicis
1625 3713 1655 3774 in
1678 3711 1868 3774 contrarium

1124 3810 1365 3887 praemissorum
1380 3806 1608 3885 quomodolibet
1620 3806 1781 3880 concessis,
1798 3822 1869 3866 corr-

1124 3902 1255 3964 firmatis
1277 3909 1308 3962 et
1329 3900 1501 3976 innovatis;
1530 3899 1642 3978 quibus
1666 3900 1812 3960 omnibus
1840 3905 1871 3960 et

1123 3995 1267 4071 singulis,
1292 3993 1416 4056 illorum
1439 4001 1562 4054 tenores
1583 3993 1795 4070 praesentibus
1815 4007 1870 4070 pro

1124 4089 1214 4168 plene
1236 4095 1267 4150 et
1291 4087 1482 4150 sufficienter
1509 4085 1658 4164 expressis
1683 4103 1715 4146 ac
1744 4087 1779 4148 ad
1801 4103 1871 4147 ver-

1124 4183 1200 4245 bum
1227 4181 1350 4244 insertis
1372 4180 1536 4256 habentes,
1569 4179 1631 4240 illis
1651 4179 1723 4241 alias
1755 4179 1788 4240 in
1814 4195 1870 4242 suo

1123 4276 1234 4338 robore
1261 4273 1483 4353 permansuris,
1506 4272 1541 4333 ad
1567 4271 1806 4350 praemissorum
1828 4271 1871 4334 el·

1124 4368 1255 4443 fectum,
1279 4368 1334 4430 hac
1354 4367 1422 4428 vice
1442 4367 1617 4440 dumtaxat,
1649 4365 1820 4444 specialiter
1839 4373 1871 4428 et

1124 4479 1268 4542 expresse
1292 4461 1493 4537 derogamus;
1516 4460 1687 4538 ceterisque
1708 4459 1871 4522 contrariis

1124 4556 1381 4635 quibuscumque.

1163 4649 1182 4724 5
1202 4649 1232 4710 5.
1254 4647 1406 4711 Volumus
1421 4654 1525 4710 autern
1542 4653 1576 4710 ut
1592 4649 1771 4712 earumdem
1786 4663 1872 4726 prae-

1122 4743 1261 4804 sentium
1277 4741 1452 4803 litterarum
1467 4741 1681 4819 transumptis,
1697 4757 1752 4804 seu
1767 4757 1871 4804 exem-

1123 4837 1192 4914 plis,
1208 4835 1302 4898 etiam
1323 4835 1490 4912 impressis,
1507 4849 1602 4896 manu
1617 4834 1745 4896 alicuius
1760 4836 1872 4896 nemrii

1125 4929 1239 5008 publici
1269 4927 1461 5006 subscriptis,
1484 4935 1514 4989 et
1536 4927 1637 5002 sigillo
1669 4943 1818 5006 personae
1838 4930 1871 4990 in

1124 5022 1323 5086 ecclesiastica
1343 5020 1494 5098 dignitate
1519 5021 1704 5083 constitutae
1731 5022 1871 5096 munitis,

1125 5117 1230 5178 eadem
1253 5131 1378 5194 prorsus
1399 5117 1473 5178 fides
1494 5114 1610 5192 ubique
1635 5114 1785 5190 locorum,
1808 5121 1872 5176 tarn

1126 5209 1158 5272 in
1173 5210 1287 5272 iudicio
1309 5224 1402 5288 quam
1417 5215 1504 5270 extra
1519 5205 1595 5268 illud
1615 5207 1775 5283 habeatur,
1795 5225 1873 5288 quae

1126 5304 1197 5381 ipsis
1218 5303 1431 5382 praesentibus
1452 5300 1629 5375 haberetur,
1651 5301 1677 5362 si
1698 5301 1802 5364 forent
1820 5318 1871 5364 ex-

1126 5399 1240 5460 hibitae
1260 5397 1309 5458 vel
1331 5403 1480 5458 ostensae.

1167 5493 1277 5554 Datum
1305 5489 1432 5564 Romae,
1464 5488 1543 5568 apud
1572 5489 1602 5552 S.
1629 5489 1755 5552 llariam
1783 5491 1873 5554 llaio-

1126 5600 1205 5660 rem,
1221 5583 1405 5646 subannulo
1420 5582 1591 5656 PiscatoriS,
1604 5583 1653 5644 die
1664 5599 1753 5644 xxva.
1770 5586 1874 5648 martii

1127 5693 1351 5753 nocuxxxvrr„
1368 5675 1564 5755 pontificatus
1580 5676 1681 5737 nostri
1695 5692 1776 5739 anno
1792 5695 1837 5740 xr.

1910 1453 2054 1502 Clausulas.

1942 4637 2014 4684 Fides
2033 4640 2103 4683 tran·

1890 4696 2059 4751 sumptorum.

1381 5865 1619 5876 m
