4848 6990
325 543 379 602 du.
394 539 424 602 d.
445 541 526 622 ideal
566 547 621 616 104

543 693 592 748 ter
613 685 739 762 zelator,
767 685 821 765 qui
842 699 897 766 pro
919 678 970 750 illa
996 687 1166 766 septimana
1194 685 1288 749 luerit

543 781 736 856 nominatus,
770 787 801 842 et
829 787 895 859 post
921 795 1050 843 coenam
1078 780 1190 842 lanient
1215 795 1286 842 eum

542 889 606 936 uuo
621 873 825 953 responsorio,
841 873 1026 936 adoratione
1042 881 1165 936 sauctae
1178 872 1287 952 synodi

542 983 597 1046 pro
611 967 771 1029 animabus
785 967 967 1046 purgatorii,
983 982 1097 1046 eosque
1111 968 1146 1029 ad
1162 966 1287 1028 veniam

541 1067 709 1138 prostratos
730 1059 872 1122 lustrabit
892 1059 1045 1138 superior.

581 1153 639 1214 «6.
653 1153 723 1214 Post
735 1151 901 1230 prandium
912 1161 943 1214 et
953 1167 1092 1227 coenam,
1106 1151 1228 1231 aliquod
1240 1153 1287 1213 in·

541 1244 709 1307 tervallum
732 1244 886 1306 habebunt
908 1243 1065 1306 familiaris
1080 1245 1287 1307 conversatio·

541 1338 601 1412 nis,
614 1344 645 1398 et
660 1345 727 1416 post
742 1352 810 1400 eam
825 1337 980 1400 indicetur
994 1336 1097 1400 sonitu
1112 1337 1285 1412 silentium,

540 1431 621 1509 quod
643 1431 800 1492 observari
826 1429 917 1492 debet
944 1429 1130 1493 adamussim
1151 1447 1167 1490 a
1188 1430 1286 1508 prima

540 1539 639 1602 usque
660 1523 695 1584 ad
716 1523 884 1586 secundam
905 1523 1159 1604 pomeridianam,
1175 1541 1191 1584 a
1206 1525 1287 1586 nona

540 1619 693 1680 nocturno
713 1619 861 1696 usquead
876 1625 994 1680 sestam
1009 1617 1206 1692 matutinam,
1220 1633 1287 1679 om-

541 1727 658 1790 nesque
679 1711 738 1773 diei
760 1710 914 1774 curriculo
934 1703 1054 1774 curent
1066 1711 1231 1773 observare
1247 1710 1287 1772 si-

490 1813 493 1818 “
540 1804 673 1868 lentium
695 1804 777 1884 quod
794 1813 967 1883 pernostra
983 1803 1086 1868 licebit
1101 1805 1282 1867 ministeria.

348 2662 427 2708 curor
441 2661 482 2708 lx.

343 2717 377 2760 lte
397 2715 520 2771 reglmlne

306 2773 521 2869 agstmosocveta·

580 1917 599 1960 «
614 1898 642 1960 7.
659 1897 727 1960 Non
742 1905 890 1978 poterunt
905 1898 1014 1960 iratres
1029 1915 1154 1960 exarare
1169 1897 1285 1961 litteras

541 2007 599 2056 nec
620 1991 797 2069 scripturas,
813 2005 916 2070 neque
930 2007 978 2054 eas
993 1991 1155 2070 recipient,
1172 1991 1285 2070 absque

540 2084 687 2164 peculiari
708 2085 853 2163 praelecti
868 2085 1002 2160 licentio,
1019 2099 1077 2146 nee
1097 2085 1213 2163 pariter
1233 2100 1285 2164 po·

540 2186 648 2241 terunt
662 2178 694 2240 in
710 2178 843 2240 aliorum
858 2177 1012 2241 conclavia
1035 2177 1166 2254 ingredi,
1183 2193 1285 2256 neque

539 2270 573 2332 in
595 2271 794 2345 novitiatum,
818 2287 875 2334 nec
896 2269 969 2331 alias
989 2270 1170 2332 domesticas
1191 2267 1285 2330 offici-

540 2381 594 2426 nas
614 2366 736 2439 domus,
759 2364 819 2426 nisi
839 2363 908 2442 quis
929 2362 1099 2440 indiguerit
1119 2360 1190 2436 illis,
1206 2377 1285 2439 quae

539 2459 616 2520 inibi
637 2459 802 2532 extabunt,
825 2465 855 2519 et
878 2465 952 2520 tunc
972 2456 1003 2519 id
1023 2456 1067 2518 eis
1099 2454 1213 2530 licebit,
1234 2470 1285 2533 pe·

540 2553 595 2613 tiva
616 2550 769 2630 praelecto
790 2549 923 2612 licentio.

581 2663 599 2705 «
616 2645 643 2706 l.
659 2645 717 2706 Pro
733 2651 857 2707 nostrae
870 2641 1022 2706 societatis
1036 2641 1282 2716 conservatione,

540 2742 571 2800 et
592 2745 627 2800 ut
643 2745 705 2800 tam
719 2737 808 2816 pium
829 2737 1009 2799 institutum
1030 2743 1282 2808 manuteneatur,

538 2833 643 2894 adesse
663 2832 786 2896 debebit
806 2830 959 2910 generalis
973 2829 1143 2909 praelectus
1154 2825 1204 2890 cui
1215 2825 1285 2888 obe·

537 2926 649 2989 diatur.

578 3021 636 3084 «2.
654 3022 679 3084 ls
695 3021 800 3096 etiarn,
813 3021 867 3098 qni
879 3035 934 3098 per
948 3019 1134 3081 electionem
1145 3016 1224 3078 inira
1236 3017 1283 3077 in·

536 3115 697 3179 dicandam
711 3114 882 3192 praelectus
897 3113 1049 3190 generalis
1063 3111 1280 3186 coustituetur,

536 3207 648 3271 durare
668 3208 759 3270 debet
773 3208 806 3269 in
821 3207 968 3270 exercitio
991 3205 1057 3268 talis
1072 3204 1213 3269 muneris
1228 3219 1282 3282 per

534 3305 722 3368 sexennium
744 3311 875 3367 tantum.

576 3417 594 3460 «
609 3399 638 3461 3.
659 3399 697 3460 Et
710 3398 857 3476 quoniam
871 3397 963 3459 debet
978 3397 1092 3460 habere
1105 3399 1281 3461 assistentes

535 3492 707 3573 praelectus
728 3490 896 3570 generalis,
929 3507 1000 3554 cum
1022 3492 1134 3572 quibus
1155 3492 1280 3569 negocia

535 3585 728 3649 occurrentia
750 3583 886 3647 conterat
908 3593 939 3646 et
959 3584 1111 3663 expediat,
1140 3584 1214 3647 hinc
1234 3593 1281 3646 est

535 3681 616 3757 quod
631 3679 717 3741 iuxta
731 3677 864 3740 formam
877 3676 957 3739 inira
973 3677 1192 3754 designandam
1207 3677 1280 3754 eligi

535 3772 691 3836 debebunt
705 3771 757 3834 alii
771 3779 905 3851 quatuor
918 3771 1028 3833 fratres
1043 3771 1192 3833 habentes
1207 3788 1279 3849 qua-

534 3866 635 3930 litates
648 3867 729 3928 inira
743 3865 915 3944 requisitas,
928 3865 983 3942 qui
996 3864 1054 3927 sub
1069 3864 1279 3927 assistentium

534 3961 627 4024 titulo
655 3975 727 4022 cum
749 3961 900 4038 praelecto
926 3958 1063 4034 generali
1094 3960 1207 4035 degere
1227 3960 1280 4021 de-

534 4055 637 4130 beant,
660 4053 775 4134 quique
787 4051 834 4116 ‘ab
854 4053 963 4115 eodem
980 4052 1210 4132 praefectoque
1226 4069 1279 4114 vo-

533 4149 627 4212 luerit
648 4145 811 4211 convocari
831 4147 950 4226 possint
964 4147 1001 4208 ad
1022 4145 1233 4225 pertractanda
1247 4153 1279 4208 et

533 4241 724 4321 expedienda
742 4240 869 4318 negocia
887 4240 1091 4316 occurrentia,
1107 4239 1277 4302 habebunt-

533 4351 594 4414 que
614 4333 760 4414 praedicti
781 4333 957 4396 assistentes
972 4339 1082 4395 votum
1094 4333 1276 4407 decisivum,

533 4445 596 4491 non
617 4427 860 4492 consultativum
881 4433 1016 4502 tantum,
1031 4433 1062 4489 et
1077 4427 1151 4489 haec
1164 4427 1279 4505 pariter

532 4522 740 4585 assistentium
772 4537 903 4584 munera
933 4521 1047 4584 debent
1080 4521 1193 4584 durare
1224 4537 1279 4600 per

533 4618 734 4693 sexennium,
757 4621 787 4678 et
808 4615 957 4694 quoniam
971 4615 1005 4676 in
1024 4616 1081 4678 hoc
1102 4615 1192 4677 initio
1214 4631 1278 4678 non

533 4720 634 4791 potest
654 4710 691 4772 ad
712 4709 834 4788 praxim
854 4707 964 4771 deduci
985 4709 1083 4771 lorma
1099 4708 1177 4771 inira
1192 4726 1279 4788 prae-

532 4807 645 4884 scripta
670 4819 763 4883 super
783 4803 949 4879 electione,
974 4809 1035 4864 tam
1059 4803 1205 4881 praelecti
1227 4820 1280 4882 ge·

533 4899 657 4974 neralis,
680 4913 773 4976 quam
794 4897 1015 4972 assistentium,
1029 4905 1059 4960 et
1075 4897 1278 4961 nihilominus

534 4991 724 5058 introductio
745 4991 863 5054 lormae
877 4991 1020 5068 gubernii
1036 4992 1204 5054 necessaria
1219 4999 1276 5067 est,

532 5094 695 5166 propterca
716 5101 773 5164 pro
794 5084 889 5163 prima
916 5085 982 5146 vice
1007 5085 1186 5161 dignabitur
1211 5103 1278 5148 san-

533 5179 688 5243 ctissimus
718 5179 863 5245 domiuus
894 5185 999 5240 noster
1023 5179 1100 5257 Papa
1128 5180 1278 5242 lnnocen-

533 5274 595 5336 tius
616 5273 668 5336 xl.
691 5272 854 5334 nominare
884 5287 986 5334 unum
1012 5289 1051 5334 en
1078 5271 1224 5335 iratribus
1244 5274 1276 5336 in

532 5369 722 5449 praelectum
744 5366 923 5445 generalem
944 5367 1041 5430 dictae
1061 5367 1224 5444 societatis,
1247 5375 1278 5430 et

533 5474 665 5542 quatuor
685 5461 759 5524 alios
780 5462 813 5522 in
834 5462 1011 5523 assistentes
1031 5461 1067 5524 ad
1091 5463 1278 5524 sexennium

532 5557 707 5632 duraturos,
730 5556 784 5633 qui
805 5557 944 5618 eamdem
965 5555 1096 5618 habeant
1117 5557 1279 5618 auotorita-

534 5657 609 5724 tern,
631 5649 758 5726 perinde
779 5665 812 5712 ac
832 5651 858 5710 si
878 5649 1018 5726 legitime
1038 5667 1054 5712 a
1075 5651 1163 5713 dictis
1177 5650 1278 5713 iratri-

533 5741 589 5802 bus
610 5741 699 5802 electi
720 5741 834 5804 locent.

574 5834 635 5895 «l.
656 5834 804 5898 Praelecti
819 5836 971 5912 generalis
986 5836 1097 5898 electio
1111 5853 1166 5916 pro
1180 5837 1278 5915 primd

533 5929 602 5996 vice
621 5929 768 5992 celebrari
779 5930 901 5994 debebit
922 5931 955 5992 in
970 5933 1062 5994 dorna
1077 5931 1278 6008 Guatimalae,

1066 556 1131 618 lud.
1154 555 1245 616 honr.
1270 553 1310 613 bb
1331 565 1360 614 r.
1384 555 1412 614 r.
1437 555 1519 614 bins
1541 557 1563 614 t.

1341 687 1488 766 quoniam
1503 687 1567 767 ipsa
1581 693 1628 750 est
1641 681 1754 750 matrix
1768 694 1799 750 et
1814 683 1912 768 prima
1931 681 2020 766 origo
2035 699 2089 750 no·

1341 789 1422 844 strae
1442 782 1606 856 societatis,
1620 789 1655 844 ut
1666 781 1725 843 iste
1745 781 1846 844 honor
1860 781 1905 844 illi
1922 781 2085 845 tribuatur.

1341 873 1502 952 Perpetuis
1522 882 1628 936 autem
1649 873 1762 937 tuturis
1788 875 1990 954 temporibus,
2013 891 2089 955 quo-

1342 967 1426 1028 niam
1441 967 1474 1029 in
1490 968 1577 1029 dictis
1598 967 1787 1030 Guatimalae
1808 968 1976 1046 provinciis
1998 984 2087 1048 prop-

1342 1070 1389 1120 ter
1410 1059 1549 1121 locorum
1569 1059 1732 1140 qualitates
1753 1069 1784 1123 et
1804 1059 1969 1124 domorum
1990 1077 2089 1141 penu-

1341 1153 1418 1214 riam
1440 1152 1571 1232 capitula
1589 1153 1743 1230 generalia
1765 1153 1911 1216 celebrari
1926 1154 2087 1218 commode

1341 1259 1404 1306 non
1426 1253 1566 1322 possunt,
1590 1246 1663 1308 hinc
1684 1253 1730 1308 est
1752 1247 1844 1325 quod,
1867 1248 1994 1327 excepta
2008 1247 2087 1309 dictt

1341 1336 1439 1414 primo
1461 1337 1630 1414 electione,
1657 1339 1813 1417 perpetuis
1834 1339 1948 1402 tuturis
1969 1347 2088 1420 tempo-

1340 1429 1437 1505 ribus,
1465 1431 1574 1493 electio
1602 1431 1747 1511 praelecti
1769 1432 1936 1510 generalis,
1962 1441 1993 1495 et
2014 1433 2085 1494 reli-

1340 1539 1400 1600 qua
1431 1523 1535 1585 omnia
1561 1539 1640 1602 quae
1664 1525 1697 1587 iu
1726 1525 1923 1602 generalibus
1953 1525 2086 1588 comitiis

1340 1616 1491 1694 explenda
1511 1625 1595 1692 sunt,
1612 1618 1681 1680 fieri
1703 1619 1825 1682 debebit
1845 1619 2022 1681 alternatim
2037 1619 2087 1680 Li-

1340 1724 1408 1770 mae
1429 1717 1460 1772 et
1480 1710 1600 1785 tierrici,
1615 1727 1694 1788 quae
1713 1719 1787 1774 sunt
1801 1711 1912 1775 domus
1933 1712 2088 1790 antiquio·

1340 1819 1405 1878 res,
1429 1804 1470 1865 ita
1492 1811 1527 1866 ut
1556 1803 1722 1882 incipiatur
1746 1821 1762 1864 a
1789 1805 1879 1866 domo
1901 1805 2024 1881 Limae,
2053 1821 2086 1866 ac

1339 1895 1450 1960 deinde
1472 1897 1504 1959 in
1527 1898 1618 1960 domo
1640 1897 1761 1973 llexici,
1778 1899 1835 1960 hoc
1849 1897 1940 1960 modo
1961 1898 2085 1961 electio

1340 2006 1395 2052 nes
1423 1989 1619 2066 alternando,
1649 2007 1711 2070 quo
1732 2007 1827 2070 aequa
1855 1991 1986 2055 habetur
2007 1993 2086 2055 ratio

1340 2084 1516 2160 domorum,
1539 2099 1617 2163 quae
1638 2092 1708 2147 actu
1729 2085 1886 2161 existunt,
1910 2092 1941 2147 et
1962 2084 2086 2148 lavante

1339 2177 1393 2238 llei
1416 2179 1626 2242 misericordia
1648 2179 1850 2258 imposterum
1874 2180 2035 2258 extabunt,
2051 2179 2085 2242 in

1338 2270 1426 2333 dictis
1447 2273 1553 2348 regnis
1574 2281 1605 2334 et
1625 2273 1804 2351 provinciis.

1379 2365 1437 2426 «ὅ.
1455 2365 1573 2427 Electio
1587 2363 1732 2445 praelecti
1747 2368 1900 2444 generalis
1914 2369 2005 2432 debet
2017 2369 2085 2432 fieri

1338 2472 1354 2515 a
1377 2456 1490 2518 vicario
1512 2457 1649 2534 generali
1671 2463 1705 2519 ut
1726 2457 1805 2520 inlra
1826 2461 2085 2536 denunciando,a

1338 2557 1471 2630 quatuor
1484 2549 1708 2626 assistentibus,
1724 2565 1740 2612 a
1754 2553 1918 2616 secretario
1933 2553 2083 2632 generali,

1338 2645 1375 2706 ab
1406 2642 1551 2706 omnibus
1573 2643 1718 2706 iratribus
1748 2645 1924 2722 praelectis,
1948 2654 1979 2709 et
2006 2647 2084 2710 auti·

1338 2736 1581 2816 quioridisereto
1592 2753 1861 2817 quorumcumque
1872 2739 2081 2818 hospitalium,

1338 2845 1460 2892 necnon
1482 2846 1498 2890 a
1519 2831 1674 2907 magistris
1696 2831 1899 2895 novitiorum.
1923 2834 1968 2896 hd
1991 2849 2083 2912 quam

1336 2923 1521 2987 electionem
1541 2933 1595 2986 aut
1626 2925 1842 3004 personaliter,
1865 2935 1918 2989 aut
1938 2943 1994 3005 per
2014 2943 2083 3005 pro·

1336 3023 1511 3080 curatorem
1532 3017 1721 3095 legitimum,
1740 3019 1794 3097 qui
1816 3027 1920 3084 tamen
1942 3036 2009 3083 esse
2029 3038 2083 3084 ne·

1336 3119 1428 3188 queat
1443 3125 1546 3190 neque
1560 3111 1643 3173 ullus
1657 3127 1696 3173 ex
1709 3111 1855 3175 iratribus
1876 3113 2083 3178 residentibus

1336 3203 1369 3267 in
1391 3205 1481 3267 domo
1503 3203 1555 3268 ubi
1577 3206 1631 3267 liet
1652 3205 1779 3282 electio,
1803 3221 1905 3285 neque
1926 3207 2008 3270 ullus
2029 3209 2081 3288 qui

1335 3298 1406 3360 alios
1438 3299 1478 3360 sit
1512 3299 1641 3374 vocalis,
1674 3300 1861 3362 convenient
1892 3317 2012 3364 omnes.
2050 3301 2082 3366 Si

1335 3395 1458 3473 quaudo
1479 3409 1571 3468 vero,
1594 3393 1759 3456 adiuvante
1780 3393 1923 3470 Domino,
1950 3395 2107 3475 hospita.

1334 3486 1413 3548 lium
1434 3502 1585 3549 numerus
1606 3486 1639 3547 in
1660 3502 1776 3564 regno,
1799 3487 1852 3550 ubi
1865 3487 1982 3550 electio
2004 3489 2081 3552 cele·

2119 551 2173 606 Au.
2186 547 2218 607 0.
2242 539 2323 604 1687

1335 3565 1485 3656 orabitur,
1512 3581 1691 3659 pervenerit
1712 3583 1749 3644 ad
1770 3582 1877 3646 decem
1898 3593 1930 3646 et
1951 3600 2076 3661 novem,
2122 3661 2128 3674 ι

1334 3677 1386 3738 tali
1412 3691 1482 3739 casu
1510 3682 1606 3737 cesset
1627 3675 1660 3738 in
1686 3676 1838 3740 electione
1861 3677 2006 3757 praelecti
2028 3694 2080 3756 ge-

1334 3771 1447 3833 neralis
1471 3777 1582 3832 votum
1602 3772 1849 3850 supradictorum
1875 3772 2081 3835 discretorum

1333 3864 1541 3944 hospitalium.
1566 3866 1624 3942 Qui
1644 3866 1792 3928 electores
1812 3883 1884 3929 cum
1905 3867 1986 3930 dicto
2001 3867 2082 3930 vica·

1333 3959 1380 4021 rio
1401 3960 1541 4036 generali
1562 3961 1676 4023 debent
1691 3963 1874 4038 congregari
1896 3962 1929 4024 iu
1951 3961 2019 4025 aula
2033 3979 2079 4026 ca-

1333 4053 1456 4132 pitulari
1468 4059 1644 4134 opportune
1657 4054 1819 4132 instructa,
1832 4056 2036 4134 invocatoque
2047 4057 2079 4119 in

1333 4147 1441 4225 primis
1462 4148 1596 4228 Spiritus
1616 4147 1720 4212 Sancti
1737 4148 1863 4224 auxilio,
1886 4150 2079 4228 praesidente

1332 4242 1397 4321 ipso
1428 4241 1553 4317 vicario,
1582 4242 1749 4320 procedant
1775 4243 1811 4305 ad
1832 4243 2004 4307 faciendam
2025 4259 2080 4324 per

1332 4343 1448 4398 secreta
1469 4336 1612 4412 sutlragia
1628 4335 1772 4415 praelecti
1788 4338 1941 4414 generalis
1955 4338 2079 4401 electio·

1333 4446 1417 4492 nem.
1442 4429 1574 4492 Proinde
1595 4430 1712 4507 singuli
1741 4431 1859 4493 vocales
1881 4431 2012 4495 habeant
2032 4449 2079 4494 se-

1331 4539 1403 4586 cum
1432 4523 1536 4602 plures
1563 4523 1723 4586 schedulas
1753 4523 1925 4587 uniformes
1955 4525 1999 4587 eis
2024 4541 2079 4604 per

1331 4617 1534 4680 secretarium
1560 4615 1754 4693 distributas,
1781 4633 1860 4696 quae
1883 4619 1983 4680 tribus
2004 4619 2078 4680 vici·

1332 4709 1389 4772 bus
1410 4709 1516 4788 plicari
1544 4709 1672 4788 possint.
1703 4709 1742 4772 tu
1763 4711 1795 4772 in
1816 4711 1968 4790 superiori
1992 4719 2079 4790 parte

1332 4803 1471 4866 eiusdem
1501 4803 1664 4866 schedulae
1695 4803 1827 4884 quilibet
1854 4820 1892 4868 ex
1923 4805 2078 4869 vocalibus

1331 4897 1444 4960 scribet
1466 4913 1581 4959 nomen
1609 4899 1770 4977 proprium
1793 4915 1847 4977 par
1870 4899 1944 4961 haec
1965 4899 2075 4960 verba:

1333 4989 1399 5071 Epo
1420 4995 1528 5074 scater
1543 4990 1605 5066 N.,·
1628 4992 1661 5054 iu
1676 4993 1809 5055 secundo
1823 5008 1898 5055 vero
1912 4992 1990 5070 plica
2004 4993 2079 5054 scri-

1332 5085 1399 5147 bat:
1431 5086 1523 5165 Elige
1544 5085 1580 5146 in
1605 5087 1802 5163 praefectum
1830 5087 2025 5166 pecoralem
2047 5093 2078 5147 et

1333 5180 1364 5240 in
1387 5181 1477 5242 tertia
1498 5179 1575 5258 plica
1595 5179 1758 5243 schedulae
1778 5181 1891 5243 scribat
1912 5197 2027 5243 nomen
2042 5180 2078 5241 il-

1333 5273 1409 5350 lius,
1439 5289 1534 5352 quem
1559 5273 1664 5351 eliget.
1697 5275 1832 5353 Quisque
1858 5291 1933 5336 vero
1957 5283 2077 5353 partem
2116 5345 2119 5352 ,

1332 5367 1505 5443 schedulae,
1528 5366 1582 5430 ubi
1602 5369 1753 5447 scriptum
1774 5374 1819 5430 ost
1845 5383 1962 5430 nomen
1984 5368 2078 5447 ipsius

1332 5461 1456 5538 vocalis,
1472 5461 1573 5540 primo
1594 5461 1660 5524 loco
1681 5461 1814 5540 plicabit,
1835 5474 1867 5524 et
1881 5461 1983 5540 sigillo
1996 5463 2077 5524 clau-

1333 5557 1394 5632 det,
1418 5573 1457 5618 ne
1478 5555 1644 5636 aperiatur,
1662 5571 1719 5620 nec
1734 5557 1796 5633 legi
1816 5557 1921 5636 possit,
1944 5564 1976 5619 et
1991 5558 2077 5619 dein-

1332 5651 1371 5714 de
1392 5649 1549 5730 reliquum
1576 5651 1713 5714 eiusdem
1740 5651 1903 5714 schedulae
1923 5652 1964 5712 ita
1987 5651 2078 5730 plica·

1333 5743 1388 5819 bit,
1410 5751 1446 5805 ut
1472 5745 1554 5822 quod
1584 5743 1736 5822 scriptum
1761 5750 1891 5815 estnon
1922 5743 2075 5806 videatur.

1332 5837 1468 5916 Quisque
1488 5836 1583 5897 etiam
1604 5852 1643 5897 ex
1664 5836 1819 5899 vocalibus
1834 5837 1875 5899 ita
1895 5837 2018 5912 scribet,
2042 5843 2077 5899 nt

1333 5931 1415 6010 quod
1436 5930 1474 5992 ab
1495 5945 1559 5992 uno
1579 5929 1743 6006 scribitur,
1766 5929 1803 5992 ab
1823 5930 1922 5993 altero
1947 5947 2011 5993 non
2032 5930 2077 5993 vi·
