<?xml version="1.0" encoding="UTF-8"?>
<!DOCTYPE html PUBLIC "-//W3C//DTD XHTML 1.0 Transitional//EN"
    "http://www.w3.org/TR/xhtml1/DTD/xhtml1-transitional.dtd">
<html xmlns="http://www.w3.org/1999/xhtml" xml:lang="en" lang="en">
 <head>
  <title>
</title>
<meta http-equiv="Content-Type" content="text/html;charset=utf-8" />
  <meta name='ocr-system' content='tesseract 3.04.00' />
  <meta name='ocr-capabilities' content='ocr_page ocr_carea ocr_par ocr_line ocrx_word'/>
</head>
<body>
  <div class='ocr_page' id='page_1' title='image "./iurispontificii04martgoog_0337.png"; bbox 0 0 4880 6982; ppageno 0'>
   <div class='ocr_carea' id='block_1_1' title="bbox 1021 551 1227 602">
    <p class='ocr_par' dir='ltr' id='par_1_1' title="bbox 1021 551 1227 602">
     <span class='ocr_line' id='line_1_1' title="bbox 1021 551 1227 602; baseline -0.019 0"><span class='ocrx_word' id='word_1_1' title='bbox 1021 551 1162 602; x_wconf 80' lang='lat' dir='ltr'>ctuttttrvs</span> <span class='ocrx_word' id='word_1_2' title='bbox 1183 553 1227 600; x_wconf 82' lang='lat' dir='ltr'>tit.</span> 
     </span>
    </p>
   </div>
   <div class='ocr_carea' id='block_1_2' title="bbox 348 675 1098 6000">
    <p class='ocr_par' dir='ltr' id='par_1_2' title="bbox 348 675 1098 6000">
     <span class='ocr_line' id='line_1_2' title="bbox 352 675 1095 755; baseline -0.005 -15"><span class='ocrx_word' id='word_1_3' title='bbox 352 683 402 740; x_wconf 88' lang='lat' dir='ltr'>tus</span> <span class='ocrx_word' id='word_1_4' title='bbox 423 677 558 751; x_wconf 90' lang='lat' dir='ltr'>ordines,</span> <span class='ocrx_word' id='word_1_5' title='bbox 582 675 677 738; x_wconf 87' lang='lat' dir='ltr'>etiarn</span> <span class='ocrx_word' id='word_1_6' title='bbox 699 684 785 738; x_wconf 81' lang='lat' dir='ltr'>extra</span> <span class='ocrx_word' id='word_1_7' title='bbox 812 684 950 755; x_wconf 91' lang='lat' dir='ltr'>tempora</span> <span class='ocrx_word' id='word_1_8' title='bbox 971 675 1007 737; x_wconf 92' lang='lat' dir='ltr'>ad</span> <span class='ocrx_word' id='word_1_9' title='bbox 1027 675 1058 736; x_wconf 90' lang='lat' dir='ltr'>id</span> <span class='ocrx_word' id='word_1_10' title='bbox 1080 693 1095 736; x_wconf 89' lang='lat' dir='ltr'>a</span> 
     </span>
     <span class='ocr_line' id='line_1_3' title="bbox 352 769 1094 846; baseline 0.001 -15"><span class='ocrx_word' id='word_1_11' title='bbox 352 771 420 832; x_wconf 89' lang='lat' dir='ltr'>iure</span> <span class='ocrx_word' id='word_1_12' title='bbox 450 779 573 845; x_wconf 88' lang='lat' dir='ltr'>statuta,</span> <span class='ocrx_word' id='word_1_13' title='bbox 595 779 628 832; x_wconf 91' lang='grc'>33</span> <span class='ocrx_word' id='word_1_14' title='bbox 655 787 718 832; x_wconf 91' lang='grc'>333</span> <span class='ocrx_word' id='word_1_15' title='bbox 748 772 876 832; x_wconf 87' lang='grc'>33333313</span> <span class='ocrx_word' id='word_1_16' title='bbox 907 769 1094 846; x_wconf 89' lang='lat' dir='ltr'>interstitiis,</span> 
     </span>
     <span class='ocr_line' id='line_1_4' title="bbox 351 864 1095 944; baseline 0.005 -21"><span class='ocrx_word' id='word_1_17' title='bbox 351 872 443 942; x_wconf 87' lang='lat' dir='ltr'>atque</span> <span class='ocrx_word' id='word_1_18' title='bbox 471 864 564 926; x_wconf 90' lang='lat' dir='ltr'>etiam</span> <span class='ocrx_word' id='word_1_19' title='bbox 584 864 652 926; x_wconf 90' lang='lat' dir='ltr'>sine</span> <span class='ocrx_word' id='word_1_20' title='bbox 681 865 781 939; x_wconf 87' lang='lat' dir='ltr'>titula,</span> <span class='ocrx_word' id='word_1_21' title='bbox 810 866 895 944; x_wconf 89' lang='lat' dir='ltr'>prius</span> <span class='ocrx_word' id='word_1_22' title='bbox 924 874 1026 928; x_wconf 90' lang='lat' dir='ltr'>tamen</span> <span class='ocrx_word' id='word_1_23' title='bbox 1048 882 1095 927; x_wconf 86' lang='lat' dir='ltr'>re-</span> 
     </span>
     <span class='ocr_line' id='line_1_5' title="bbox 351 957 1097 1037; baseline 0.005 -19"><span class='ocrx_word' id='word_1_24' title='bbox 351 964 440 1036; x_wconf 89' lang='lat' dir='ltr'>cepto</span> <span class='ocrx_word' id='word_1_25' title='bbox 461 957 659 1020; x_wconf 82' lang='lat' dir='ltr'>missionibus</span> <span class='ocrx_word' id='word_1_26' title='bbox 681 967 830 1037; x_wconf 89' lang='lat' dir='ltr'>perpetuo</span> <span class='ocrx_word' id='word_1_27' title='bbox 846 959 1036 1022; x_wconf 89' lang='lat' dir='ltr'>inserviendi</span> <span class='ocrx_word' id='word_1_28' title='bbox 1051 960 1097 1022; x_wconf 92' lang='lat' dir='ltr'>iu·</span> 
     </span>
     <span class='ocr_line' id='line_1_6' title="bbox 351 1051 1096 1130; baseline 0.005 -20"><span class='ocrx_word' id='word_1_29' title='bbox 351 1057 504 1126; x_wconf 86' lang='lat' dir='ltr'>ramento,</span> <span class='ocrx_word' id='word_1_30' title='bbox 537 1051 713 1113; x_wconf 90' lang='lat' dir='ltr'>conferendi</span> <span class='ocrx_word' id='word_1_31' title='bbox 735 1060 766 1114; x_wconf 89' lang='lat' dir='ltr'>et</span> <span class='ocrx_word' id='word_1_32' title='bbox 797 1052 981 1130; x_wconf 82' lang='lat' dir='ltr'>pontificalia</span> <span class='ocrx_word' id='word_1_33' title='bbox 1010 1069 1096 1116; x_wconf 83' lang='grc'>3333-</span> 
     </span>
     <span class='ocr_line' id='line_1_7' title="bbox 351 1145 1096 1223; baseline 0.005 -19"><span class='ocrx_word' id='word_1_34' title='bbox 351 1145 439 1207; x_wconf 90' lang='lat' dir='ltr'>cendi</span> <span class='ocrx_word' id='word_1_35' title='bbox 454 1146 568 1223; x_wconf 81' lang='lat' dir='ltr'>absque</span> <span class='ocrx_word' id='word_1_36' title='bbox 585 1145 680 1207; x_wconf 91' lang='lat' dir='ltr'>ullius</span> <span class='ocrx_word' id='word_1_37' title='bbox 694 1146 846 1208; x_wconf 86' lang='lat' dir='ltr'>Ordinarii</span> <span class='ocrx_word' id='word_1_38' title='bbox 860 1146 910 1207; x_wconf 92' lang='lat' dir='ltr'>vel</span> <span class='ocrx_word' id='word_1_39' title='bbox 925 1147 1096 1208; x_wconf 89' lang='lat' dir='ltr'>dioecesani</span> 
     </span>
     <span class='ocr_line' id='line_1_8' title="bbox 351 1238 1096 1318; baseline 0.004 -20"><span class='ocrx_word' id='word_1_40' title='bbox 351 1253 546 1316; x_wconf 89' lang='lat' dir='ltr'>quacumque</span> <span class='ocrx_word' id='word_1_41' title='bbox 566 1238 727 1314; x_wconf 79' lang='lat' dir='ltr'>dignitate,</span> <span class='ocrx_word' id='word_1_42' title='bbox 751 1240 843 1301; x_wconf 90' lang='lat' dir='ltr'>etiam</span> <span class='ocrx_word' id='word_1_43' title='bbox 861 1239 1096 1318; x_wconf 89' lang='lat' dir='ltr'>metropolitana</span> 
     </span>
     <span class='ocr_line' id='line_1_9' title="bbox 350 1331 1096 1408; baseline 0.005 -18"><span class='ocrx_word' id='word_1_44' title='bbox 350 1338 403 1390; x_wconf 89' lang='lat' dir='ltr'>aut</span> <span class='ocrx_word' id='word_1_45' title='bbox 413 1331 588 1408; x_wconf 81' lang='lat' dir='ltr'>primatiali,</span> <span class='ocrx_word' id='word_1_46' title='bbox 601 1331 748 1408; x_wconf 91' lang='lat' dir='ltr'>fulgentis</span> <span class='ocrx_word' id='word_1_47' title='bbox 763 1348 916 1394; x_wconf 88' lang='lat' dir='ltr'>consensu</span> <span class='ocrx_word' id='word_1_48' title='bbox 931 1349 985 1394; x_wconf 92' lang='lat' dir='ltr'>seu</span> <span class='ocrx_word' id='word_1_49' title='bbox 1000 1334 1096 1395; x_wconf 91' lang='lat' dir='ltr'>scien-</span> 
     </span>
     <span class='ocr_line' id='line_1_10' title="bbox 350 1423 1097 1501; baseline 0.005 -17"><span class='ocrx_word' id='word_1_50' title='bbox 350 1423 407 1500; x_wconf 88' lang='grc'>313;</span> <span class='ocrx_word' id='word_1_51' title='bbox 430 1424 624 1500; x_wconf 89' lang='lat' dir='ltr'>instituendi,</span> <span class='ocrx_word' id='word_1_52' title='bbox 648 1426 847 1500; x_wconf 82' lang='lat' dir='ltr'>destituendi,</span> <span class='ocrx_word' id='word_1_53' title='bbox 863 1426 1015 1501; x_wconf 90' lang='lat' dir='ltr'>mutandi,</span> <span class='ocrx_word' id='word_1_54' title='bbox 1032 1443 1097 1488; x_wconf 91' lang='lat' dir='ltr'>sus-</span> 
     </span>
     <span class='ocr_line' id='line_1_11' title="bbox 351 1517 1095 1596; baseline 0.003 -18"><span class='ocrx_word' id='word_1_55' title='bbox 351 1517 518 1596; x_wconf 90' lang='lat' dir='ltr'>pendendi,</span> <span class='ocrx_word' id='word_1_56' title='bbox 541 1519 635 1580; x_wconf 90' lang='lat' dir='ltr'>etiam</span> <span class='ocrx_word' id='word_1_57' title='bbox 656 1519 733 1581; x_wconf 93' lang='lat' dir='ltr'>iuris</span> <span class='ocrx_word' id='word_1_58' title='bbox 754 1520 863 1582; x_wconf 89' lang='lat' dir='ltr'>ordine</span> <span class='ocrx_word' id='word_1_59' title='bbox 885 1536 947 1581; x_wconf 92' lang='lat' dir='ltr'>non</span> <span class='ocrx_word' id='word_1_60' title='bbox 962 1529 1095 1593; x_wconf 89' lang='grc'>3333333,</span> 
     </span>
     <span class='ocr_line' id='line_1_12' title="bbox 350 1612 1098 1692; baseline 0.004 -21"><span class='ocrx_word' id='word_1_61' title='bbox 350 1619 381 1672; x_wconf 88' lang='grc'>33</span> <span class='ocrx_word' id='word_1_62' title='bbox 402 1613 675 1674; x_wconf 82' lang='grc'>33333133131311333</span> <span class='ocrx_word' id='word_1_63' title='bbox 701 1612 904 1692; x_wconf 89' lang='lat' dir='ltr'>procedendo,</span> <span class='ocrx_word' id='word_1_64' title='bbox 934 1629 1098 1692; x_wconf 89' lang='lat' dir='ltr'>quoscum-</span> 
     </span>
     <span class='ocr_line' id='line_1_13' title="bbox 350 1703 1096 1783; baseline 0.001 -18"><span class='ocrx_word' id='word_1_65' title='bbox 350 1719 412 1781; x_wconf 87' lang='lat' dir='ltr'>que</span> <span class='ocrx_word' id='word_1_66' title='bbox 443 1703 577 1766; x_wconf 69' lang='lat' dir='ltr'>ficarios</span> <span class='ocrx_word' id='word_1_67' title='bbox 609 1705 808 1783; x_wconf 69' lang='lat' dir='ltr'>apostolicos,</span> <span class='ocrx_word' id='word_1_68' title='bbox 831 1723 864 1768; x_wconf 89' lang='lat' dir='ltr'>ac</span> <span class='ocrx_word' id='word_1_69' title='bbox 886 1722 982 1768; x_wconf 90' lang='grc'>33333</span> <span class='ocrx_word' id='word_1_70' title='bbox 1004 1706 1096 1768; x_wconf 86' lang='lat' dir='ltr'>etiarn</span> 
     </span>
     <span class='ocr_line' id='line_1_14' title="bbox 350 1795 1096 1878; baseline 0.005 -21"><span class='ocrx_word' id='word_1_71' title='bbox 350 1795 520 1859; x_wconf 73' lang='lat' dir='ltr'>vicariatus</span> <span class='ocrx_word' id='word_1_72' title='bbox 542 1799 594 1860; x_wconf 93' lang='lat' dir='ltr'>ubi</span> <span class='ocrx_word' id='word_1_73' title='bbox 615 1807 646 1861; x_wconf 90' lang='lat' dir='ltr'>et</span> <span class='ocrx_word' id='word_1_74' title='bbox 660 1800 779 1878; x_wconf 89' lang='lat' dir='ltr'>quoties</span> <span class='ocrx_word' id='word_1_75' title='bbox 793 1816 869 1878; x_wconf 93' lang='lat' dir='ltr'>opus</span> <span class='ocrx_word' id='word_1_76' title='bbox 883 1800 988 1874; x_wconf 90' lang='lat' dir='ltr'>fuerit,</span> <span class='ocrx_word' id='word_1_77' title='bbox 1005 1800 1037 1861; x_wconf 91' lang='grc'>13</span> <span class='ocrx_word' id='word_1_78' title='bbox 1053 1800 1096 1861; x_wconf 91' lang='grc'>13-</span> 
     </span>
     <span class='ocr_line' id='line_1_15' title="bbox 351 1883 1096 1971; baseline 0.004 -21"><span class='ocrx_word' id='word_1_79' title='bbox 351 1891 393 1950; x_wconf 90' lang='grc'>313</span> <span class='ocrx_word' id='word_1_80' title='bbox 414 1899 532 1966; x_wconf 90' lang='lat' dir='ltr'>tamen,</span> <span class='ocrx_word' id='word_1_81' title='bbox 551 1883 608 1970; x_wconf 83' lang='lat' dir='ltr'>&#39;qui</span> <span class='ocrx_word' id='word_1_82' title='bbox 630 1907 693 1954; x_wconf 93' lang='lat' dir='ltr'>non</span> <span class='ocrx_word' id='word_1_83' title='bbox 715 1892 846 1957; x_wconf 88' lang='lat' dir='ltr'>subsunt</span> <span class='ocrx_word' id='word_1_84' title='bbox 868 1893 1023 1971; x_wconf 87' lang='lat' dir='ltr'>Episcopis</span> <span class='ocrx_word' id='word_1_85' title='bbox 1044 1902 1096 1954; x_wconf 89' lang='lat' dir='ltr'>aut</span> 
     </span>
     <span class='ocr_line' id='line_1_16' title="bbox 350 1981 1095 2064; baseline 0.008 -22"><span class='ocrx_word' id='word_1_86' title='bbox 350 1981 476 2044; x_wconf 70' lang='lat' dir='ltr'>ficariis</span> <span class='ocrx_word' id='word_1_87' title='bbox 497 2001 514 2043; x_wconf 90' lang='lat' dir='ltr'>a</span> <span class='ocrx_word' id='word_1_88' title='bbox 535 1984 614 2048; x_wconf 84' lang='lat' dir='ltr'>Sede</span> <span class='ocrx_word' id='word_1_89' title='bbox 635 1986 806 2064; x_wconf 81' lang='grc'>3333331133</span> <span class='ocrx_word' id='word_1_90' title='bbox 827 1987 1013 2062; x_wconf 89' lang='grc'>33333133313,</span> <span class='ocrx_word' id='word_1_91' title='bbox 1036 1989 1095 2048; x_wconf 92' lang='lat' dir='ltr'>eri-</span> 
     </span>
     <span class='ocr_line' id='line_1_17' title="bbox 352 2077 1098 2160; baseline 0.005 -23"><span class='ocrx_word' id='word_1_92' title='bbox 352 2077 455 2152; x_wconf 86' lang='lat' dir='ltr'>gendi,</span> <span class='ocrx_word' id='word_1_93' title='bbox 479 2078 582 2156; x_wconf 90' lang='lat' dir='ltr'>ibique</span> <span class='ocrx_word' id='word_1_94' title='bbox 613 2079 748 2142; x_wconf 88' lang='lat' dir='ltr'>Vicarios</span> <span class='ocrx_word' id='word_1_95' title='bbox 770 2080 957 2160; x_wconf 76' lang='lat' dir='ltr'>apostolicos</span> <span class='ocrx_word' id='word_1_96' title='bbox 988 2079 1098 2142; x_wconf 92' lang='lat' dir='ltr'>simili-</span> 
     </span>
     <span class='ocr_line' id='line_1_18' title="bbox 350 2171 1097 2248; baseline 0.005 -18"><span class='ocrx_word' id='word_1_97' title='bbox 350 2177 398 2231; x_wconf 88' lang='lat' dir='ltr'>ter</span> <span class='ocrx_word' id='word_1_98' title='bbox 419 2171 615 2248; x_wconf 84' lang='lat' dir='ltr'>praeficiendi</span> <span class='ocrx_word' id='word_1_99' title='bbox 636 2189 709 2236; x_wconf 91' lang='lat' dir='ltr'>cum</span> <span class='ocrx_word' id='word_1_100' title='bbox 724 2173 821 2236; x_wconf 88' lang='lat' dir='ltr'>solitis</span> <span class='ocrx_word' id='word_1_101' title='bbox 836 2173 1031 2236; x_wconf 86' lang='lat' dir='ltr'>facultatibus</span> <span class='ocrx_word' id='word_1_102' title='bbox 1045 2172 1097 2234; x_wconf 89' lang='lat' dir='ltr'>de·</span> 
     </span>
     <span class='ocr_line' id='line_1_19' title="bbox 350 2263 1096 2346; baseline 0.008 -23"><span class='ocrx_word' id='word_1_103' title='bbox 350 2263 497 2340; x_wconf 89' lang='lat' dir='ltr'>clarandi,</span> <span class='ocrx_word' id='word_1_104' title='bbox 520 2265 711 2343; x_wconf 89' lang='lat' dir='ltr'>moderandi,</span> <span class='ocrx_word' id='word_1_105' title='bbox 734 2267 942 2346; x_wconf 89' lang='lat' dir='ltr'>suspendendi</span> <span class='ocrx_word' id='word_1_106' title='bbox 963 2276 993 2329; x_wconf 91' lang='lat' dir='ltr'>et</span> <span class='ocrx_word' id='word_1_107' title='bbox 1008 2284 1096 2330; x_wconf 92' lang='lat' dir='ltr'>revo-</span> 
     </span>
     <span class='ocr_line' id='line_1_20' title="bbox 350 2357 1096 2441; baseline 0.005 -23"><span class='ocrx_word' id='word_1_108' title='bbox 350 2357 437 2419; x_wconf 91' lang='lat' dir='ltr'>candi</span> <span class='ocrx_word' id='word_1_109' title='bbox 458 2360 704 2440; x_wconf 87' lang='lat' dir='ltr'>quibuscumque</span> <span class='ocrx_word' id='word_1_110' title='bbox 725 2362 863 2441; x_wconf 89' lang='lat' dir='ltr'>personis</span> <span class='ocrx_word' id='word_1_111' title='bbox 879 2370 941 2424; x_wconf 92' lang='lat' dir='ltr'>tam</span> <span class='ocrx_word' id='word_1_112' title='bbox 957 2360 1096 2424; x_wconf 88' lang='lat' dir='ltr'>Saecula·</span> 
     </span>
     <span class='ocr_line' id='line_1_21' title="bbox 349 2453 1096 2532; baseline 0.005 -20"><span class='ocrx_word' id='word_1_113' title='bbox 349 2453 435 2514; x_wconf 92' lang='lat' dir='ltr'>ribus</span> <span class='ocrx_word' id='word_1_114' title='bbox 457 2471 550 2532; x_wconf 91' lang='lat' dir='ltr'>quarn</span> <span class='ocrx_word' id='word_1_115' title='bbox 572 2455 793 2532; x_wconf 83' lang='lat' dir='ltr'>Regularibus,</span> <span class='ocrx_word' id='word_1_116' title='bbox 822 2455 916 2518; x_wconf 89' lang='lat' dir='ltr'>etiam</span> <span class='ocrx_word' id='word_1_117' title='bbox 938 2455 1096 2520; x_wconf 91' lang='lat' dir='ltr'>Societatis</span> 
     </span>
     <span class='ocr_line' id='line_1_22' title="bbox 351 2547 1097 2628; baseline 0.004 -21"><span class='ocrx_word' id='word_1_118' title='bbox 351 2547 429 2622; x_wconf 90' lang='lat' dir='ltr'>lesu,</span> <span class='ocrx_word' id='word_1_119' title='bbox 452 2564 667 2628; x_wconf 90' lang='lat' dir='ltr'>quaecumque</span> <span class='ocrx_word' id='word_1_120' title='bbox 688 2549 849 2628; x_wconf 88' lang='lat' dir='ltr'>privilegia</span> <span class='ocrx_word' id='word_1_121' title='bbox 871 2550 962 2612; x_wconf 85' lang='lat' dir='ltr'>etiam</span> <span class='ocrx_word' id='word_1_122' title='bbox 984 2550 1097 2612; x_wconf 85' lang='lat' dir='ltr'>adleta</span> 
     </span>
     <span class='ocr_line' id='line_1_23' title="bbox 351 2640 1096 2722; baseline 0.001 -19"><span class='ocrx_word' id='word_1_123' title='bbox 351 2640 428 2704; x_wconf 85' lang='lat' dir='ltr'>Sede</span> <span class='ocrx_word' id='word_1_124' title='bbox 449 2644 749 2720; x_wconf 89' lang='lat' dir='ltr'>quomodocumque,</span> <span class='ocrx_word' id='word_1_125' title='bbox 773 2651 804 2704; x_wconf 91' lang='lat' dir='ltr'>et</span> <span class='ocrx_word' id='word_1_126' title='bbox 825 2658 864 2703; x_wconf 82' lang='grc'>33</span> <span class='ocrx_word' id='word_1_127' title='bbox 885 2643 993 2722; x_wconf 78' lang='lat' dir='ltr'>quavis</span> <span class='ocrx_word' id='word_1_128' title='bbox 1007 2661 1096 2705; x_wconf 86' lang='lat' dir='ltr'>eausa</span> 
     </span>
     <span class='ocr_line' id='line_1_24' title="bbox 349 2735 1097 2815; baseline 0.003 -19"><span class='ocrx_word' id='word_1_129' title='bbox 349 2751 502 2811; x_wconf 88' lang='lat' dir='ltr'>concessa,</span> <span class='ocrx_word' id='word_1_130' title='bbox 526 2737 619 2796; x_wconf 89' lang='lat' dir='ltr'>etiam</span> <span class='ocrx_word' id='word_1_131' title='bbox 652 2735 767 2815; x_wconf 90' lang='lat' dir='ltr'>pluries</span> <span class='ocrx_word' id='word_1_132' title='bbox 797 2737 977 2798; x_wconf 84' lang='lat' dir='ltr'>confirmata</span> <span class='ocrx_word' id='word_1_133' title='bbox 998 2745 1029 2798; x_wconf 91' lang='lat' dir='ltr'>et</span> <span class='ocrx_word' id='word_1_134' title='bbox 1051 2739 1097 2798; x_wconf 91' lang='grc'>13-</span> 
     </span>
     <span class='ocr_line' id='line_1_25' title="bbox 351 2827 1093 2908; baseline 0.004 -18"><span class='ocrx_word' id='word_1_135' title='bbox 351 2837 477 2906; x_wconf 76' lang='lat' dir='ltr'>novata,</span> <span class='ocrx_word' id='word_1_136' title='bbox 506 2827 713 2892; x_wconf 88' lang='lat' dir='ltr'>substituendi</span> <span class='ocrx_word' id='word_1_137' title='bbox 734 2837 766 2892; x_wconf 93' lang='lat' dir='ltr'>et</span> <span class='ocrx_word' id='word_1_138' title='bbox 786 2829 953 2908; x_wconf 84' lang='lat' dir='ltr'>deputandi</span> <span class='ocrx_word' id='word_1_139' title='bbox 981 2847 1093 2906; x_wconf 91' lang='lat' dir='ltr'>unum,</span> 
     </span>
     <span class='ocr_line' id='line_1_26' title="bbox 349 2923 1096 3003; baseline 0.001 -20"><span class='ocrx_word' id='word_1_140' title='bbox 349 2923 398 2984; x_wconf 90' lang='lat' dir='ltr'>vel</span> <span class='ocrx_word' id='word_1_141' title='bbox 420 2923 524 3001; x_wconf 90' lang='lat' dir='ltr'>plures</span> <span class='ocrx_word' id='word_1_142' title='bbox 544 2923 726 2999; x_wconf 88' lang='lat' dir='ltr'>sacerdotes,</span> <span class='ocrx_word' id='word_1_143' title='bbox 749 2939 825 3003; x_wconf 89' lang='lat' dir='ltr'>quos</span> <span class='ocrx_word' id='word_1_144' title='bbox 849 2925 948 3001; x_wconf 89' lang='lat' dir='ltr'>magis</span> <span class='ocrx_word' id='word_1_145' title='bbox 972 2924 1096 2986; x_wconf 91' lang='lat' dir='ltr'>idoneos</span> 
     </span>
     <span class='ocr_line' id='line_1_27' title="bbox 349 3016 1096 3096; baseline -0.001 -18"><span class='ocrx_word' id='word_1_146' title='bbox 349 3017 531 3080; x_wconf 81' lang='lat' dir='ltr'>indicaveris</span> <span class='ocrx_word' id='word_1_147' title='bbox 552 3019 583 3078; x_wconf 96' lang='lat' dir='ltr'>in</span> <span class='ocrx_word' id='word_1_148' title='bbox 606 3016 785 3080; x_wconf 88' lang='lat' dir='ltr'>llisitatores</span> <span class='ocrx_word' id='word_1_149' title='bbox 807 3017 995 3096; x_wconf 83' lang='lat' dir='ltr'>Apostolicos</span> <span class='ocrx_word' id='word_1_150' title='bbox 1018 3018 1096 3080; x_wconf 92' lang='lat' dir='ltr'>loco-</span> 
     </span>
     <span class='ocr_line' id='line_1_28' title="bbox 349 3111 1095 3190; baseline 0.003 -18"><span class='ocrx_word' id='word_1_151' title='bbox 349 3127 422 3174; x_wconf 91' lang='lat' dir='ltr'>rum</span> <span class='ocrx_word' id='word_1_152' title='bbox 441 3128 496 3173; x_wconf 89' lang='lat' dir='ltr'>seu</span> <span class='ocrx_word' id='word_1_153' title='bbox 517 3111 747 3189; x_wconf 88' lang='lat' dir='ltr'>provinciarum</span> <span class='ocrx_word' id='word_1_154' title='bbox 764 3112 816 3174; x_wconf 88' lang='lat' dir='ltr'>ulti</span> <span class='ocrx_word' id='word_1_155' title='bbox 833 3128 908 3190; x_wconf 92' lang='lat' dir='ltr'>opus</span> <span class='ocrx_word' id='word_1_156' title='bbox 923 3111 1029 3187; x_wconf 90' lang='lat' dir='ltr'>fuerit,</span> <span class='ocrx_word' id='word_1_157' title='bbox 1045 3113 1095 3174; x_wconf 93' lang='lat' dir='ltr'>iis·</span> 
     </span>
     <span class='ocr_line' id='line_1_29' title="bbox 349 3205 1095 3284; baseline 0.003 -18"><span class='ocrx_word' id='word_1_158' title='bbox 349 3206 484 3284; x_wconf 90' lang='lat' dir='ltr'>demque</span> <span class='ocrx_word' id='word_1_159' title='bbox 505 3205 754 3268; x_wconf 87' lang='lat' dir='ltr'>communicandi</span> <span class='ocrx_word' id='word_1_160' title='bbox 775 3205 809 3266; x_wconf 88' lang='lat' dir='ltr'>ad</span> <span class='ocrx_word' id='word_1_161' title='bbox 827 3213 947 3284; x_wconf 90' lang='lat' dir='ltr'>tempus</span> <span class='ocrx_word' id='word_1_162' title='bbox 963 3206 1030 3267; x_wconf 81' lang='lat' dir='ltr'>vibi</span> <span class='ocrx_word' id='word_1_163' title='bbox 1045 3206 1095 3268; x_wconf 91' lang='lat' dir='ltr'>be-</span> 
     </span>
     <span class='ocr_line' id='line_1_30' title="bbox 350 3299 1095 3380; baseline 0.007 -22"><span class='ocrx_word' id='word_1_164' title='bbox 350 3299 495 3362; x_wconf 91' lang='lat' dir='ltr'>nevisum</span> <span class='ocrx_word' id='word_1_165' title='bbox 514 3299 672 3360; x_wconf 83' lang='lat' dir='ltr'>facultates</span> <span class='ocrx_word' id='word_1_166' title='bbox 692 3299 877 3361; x_wconf 86' lang='lat' dir='ltr'>necessarias</span> <span class='ocrx_word' id='word_1_167' title='bbox 898 3305 929 3359; x_wconf 91' lang='lat' dir='ltr'>et</span> <span class='ocrx_word' id='word_1_168' title='bbox 951 3308 1095 3380; x_wconf 90' lang='lat' dir='ltr'>opportu-</span> 
     </span>
     <span class='ocr_line' id='line_1_31' title="bbox 350 3393 1096 3471; baseline 0.001 -17"><span class='ocrx_word' id='word_1_169' title='bbox 350 3408 422 3469; x_wconf 89' lang='lat' dir='ltr'>nas;</span> <span class='ocrx_word' id='word_1_170' title='bbox 453 3393 618 3471; x_wconf 82' lang='lat' dir='ltr'>deputandi</span> <span class='ocrx_word' id='word_1_171' title='bbox 651 3408 862 3471; x_wconf 88' lang='lat' dir='ltr'>quoscumque</span> <span class='ocrx_word' id='word_1_172' title='bbox 890 3393 1096 3456; x_wconf 87' lang='lat' dir='ltr'>llissionarios</span> 
     </span>
     <span class='ocr_line' id='line_1_32' title="bbox 350 3485 1097 3566; baseline 0.001 -19"><span class='ocrx_word' id='word_1_173' title='bbox 350 3485 550 3566; x_wconf 71' lang='lat' dir='ltr'>Apostolicos</span> <span class='ocrx_word' id='word_1_174' title='bbox 568 3495 631 3548; x_wconf 89' lang='lat' dir='ltr'>tam</span> <span class='ocrx_word' id='word_1_175' title='bbox 653 3487 829 3550; x_wconf 85' lang='lat' dir='ltr'>Saeculares</span> <span class='ocrx_word' id='word_1_176' title='bbox 850 3504 943 3565; x_wconf 93' lang='lat' dir='ltr'>quam</span> <span class='ocrx_word' id='word_1_177' title='bbox 964 3488 1097 3565; x_wconf 86' lang='lat' dir='ltr'>Regula-</span> 
     </span>
     <span class='ocr_line' id='line_1_33' title="bbox 349 3580 1095 3660; baseline 0.004 -19"><span class='ocrx_word' id='word_1_178' title='bbox 349 3597 409 3656; x_wconf 88' lang='lat' dir='ltr'>res,</span> <span class='ocrx_word' id='word_1_179' title='bbox 427 3580 520 3642; x_wconf 87' lang='lat' dir='ltr'>etiam</span> <span class='ocrx_word' id='word_1_180' title='bbox 542 3580 640 3642; x_wconf 88' lang='lat' dir='ltr'>dictae</span> <span class='ocrx_word' id='word_1_181' title='bbox 655 3580 813 3644; x_wconf 89' lang='lat' dir='ltr'>Societatis</span> <span class='ocrx_word' id='word_1_182' title='bbox 828 3581 907 3656; x_wconf 84' lang='lat' dir='ltr'>lesu,</span> <span class='ocrx_word' id='word_1_183' title='bbox 924 3598 1048 3660; x_wconf 89' lang='lat' dir='ltr'>eosque,</span> <span class='ocrx_word' id='word_1_184' title='bbox 1065 3589 1095 3644; x_wconf 92' lang='lat' dir='ltr'>et</span> 
     </span>
     <span class='ocr_line' id='line_1_34' title="bbox 349 3673 1097 3753; baseline 0.004 -19"><span class='ocrx_word' id='word_1_185' title='bbox 349 3673 423 3735; x_wconf 91' lang='grc'>31133</span> <span class='ocrx_word' id='word_1_186' title='bbox 444 3673 537 3734; x_wconf 89' lang='lat' dir='ltr'>etiam</span> <span class='ocrx_word' id='word_1_187' title='bbox 558 3690 574 3732; x_wconf 91' lang='lat' dir='ltr'>a</span> <span class='ocrx_word' id='word_1_188' title='bbox 596 3673 673 3737; x_wconf 89' lang='lat' dir='ltr'>Sede</span> <span class='ocrx_word' id='word_1_189' title='bbox 694 3675 846 3752; x_wconf 89' lang='lat' dir='ltr'>praedicta</span> <span class='ocrx_word' id='word_1_190' title='bbox 861 3673 1032 3753; x_wconf 89' lang='lat' dir='ltr'>deputatos,</span> <span class='ocrx_word' id='word_1_191' title='bbox 1048 3692 1097 3737; x_wconf 90' lang='grc'>33-</span> 
     </span>
     <span class='ocr_line' id='line_1_35' title="bbox 349 3766 1092 3845; baseline 0.003 -17"><span class='ocrx_word' id='word_1_192' title='bbox 349 3767 495 3829; x_wconf 89' lang='lat' dir='ltr'>movendi</span> <span class='ocrx_word' id='word_1_193' title='bbox 518 3773 548 3828; x_wconf 91' lang='lat' dir='ltr'>et</span> <span class='ocrx_word' id='word_1_194' title='bbox 570 3766 773 3830; x_wconf 90' lang='lat' dir='ltr'>transferendi</span> <span class='ocrx_word' id='word_1_195' title='bbox 795 3767 832 3829; x_wconf 92' lang='lat' dir='ltr'>de</span> <span class='ocrx_word' id='word_1_196' title='bbox 849 3767 915 3830; x_wconf 88' lang='lat' dir='ltr'>loco</span> <span class='ocrx_word' id='word_1_197' title='bbox 931 3769 963 3830; x_wconf 92' lang='grc'>13</span> <span class='ocrx_word' id='word_1_198' title='bbox 979 3769 1092 3845; x_wconf 89' lang='lat' dir='ltr'>locum,</span> 
     </span>
     <span class='ocr_line' id='line_1_36' title="bbox 349 3859 1096 3942; baseline 0.004 -22"><span class='ocrx_word' id='word_1_199' title='bbox 349 3861 528 3938; x_wconf 86' lang='lat' dir='ltr'>eisdemque</span> <span class='ocrx_word' id='word_1_200' title='bbox 548 3860 651 3922; x_wconf 89' lang='lat' dir='ltr'>solitas</span> <span class='ocrx_word' id='word_1_201' title='bbox 665 3859 823 3923; x_wconf 84' lang='lat' dir='ltr'>facultates</span> <span class='ocrx_word' id='word_1_202' title='bbox 838 3864 873 3925; x_wconf 93' lang='lat' dir='ltr'>ad</span> <span class='ocrx_word' id='word_1_203' title='bbox 889 3869 1012 3942; x_wconf 89' lang='lat' dir='ltr'>tempus</span> <span class='ocrx_word' id='word_1_204' title='bbox 1028 3861 1096 3924; x_wconf 84' lang='lat' dir='ltr'>Tibi</span> 
     </span>
     <span class='ocr_line' id='line_1_37' title="bbox 348 3953 1095 4034; baseline 0.004 -20"><span class='ocrx_word' id='word_1_205' title='bbox 348 3953 533 4016; x_wconf 89' lang='lat' dir='ltr'>benevisum</span> <span class='ocrx_word' id='word_1_206' title='bbox 554 3954 751 4030; x_wconf 88' lang='lat' dir='ltr'>concedendi,</span> <span class='ocrx_word' id='word_1_207' title='bbox 770 3971 987 4034; x_wconf 84' lang='lat' dir='ltr'>concessasque</span> <span class='ocrx_word' id='word_1_208' title='bbox 1002 3956 1095 4017; x_wconf 88' lang='lat' dir='ltr'>etiam</span> 
     </span>
     <span class='ocr_line' id='line_1_38' title="bbox 349 4047 1094 4112; baseline 0.004 -3"><span class='ocrx_word' id='word_1_209' title='bbox 349 4048 386 4110; x_wconf 89' lang='lat' dir='ltr'>ab</span> <span class='ocrx_word' id='word_1_210' title='bbox 406 4047 513 4110; x_wconf 86' lang='lat' dir='ltr'>eadem</span> <span class='ocrx_word' id='word_1_211' title='bbox 535 4048 612 4111; x_wconf 89' lang='lat' dir='ltr'>Sede</span> <span class='ocrx_word' id='word_1_212' title='bbox 633 4057 663 4111; x_wconf 90' lang='lat' dir='ltr'>et</span> <span class='ocrx_word' id='word_1_213' title='bbox 684 4047 763 4111; x_wconf 89' lang='lat' dir='ltr'>dicta</span> <span class='ocrx_word' id='word_1_214' title='bbox 785 4050 994 4112; x_wconf 79' lang='lat' dir='ltr'>cardinalium</span> <span class='ocrx_word' id='word_1_215' title='bbox 1016 4049 1094 4112; x_wconf 84' lang='lat' dir='ltr'>Con-</span> 
     </span>
     <span class='ocr_line' id='line_1_39' title="bbox 350 4142 1095 4222; baseline 0.001 -19"><span class='ocrx_word' id='word_1_216' title='bbox 350 4142 530 4219; x_wconf 88' lang='lat' dir='ltr'>gregatione</span> <span class='ocrx_word' id='word_1_217' title='bbox 558 4160 613 4222; x_wconf 92' lang='lat' dir='ltr'>pro</span> <span class='ocrx_word' id='word_1_218' title='bbox 636 4151 689 4205; x_wconf 93' lang='lat' dir='ltr'>tuo</span> <span class='ocrx_word' id='word_1_219' title='bbox 716 4143 842 4206; x_wconf 88' lang='lat' dir='ltr'>arbitrio</span> <span class='ocrx_word' id='word_1_220' title='bbox 872 4151 903 4205; x_wconf 91' lang='lat' dir='ltr'>et</span> <span class='ocrx_word' id='word_1_221' title='bbox 930 4145 1095 4222; x_wconf 88' lang='lat' dir='ltr'>prudentia</span> 
     </span>
     <span class='ocr_line' id='line_1_40' title="bbox 350 4236 1094 4300; baseline 0.004 -4"><span class='ocrx_word' id='word_1_222' title='bbox 350 4236 531 4298; x_wconf 85' lang='lat' dir='ltr'>moderandi</span> <span class='ocrx_word' id='word_1_223' title='bbox 551 4252 606 4298; x_wconf 90' lang='lat' dir='ltr'>seu</span> <span class='ocrx_word' id='word_1_224' title='bbox 627 4237 791 4300; x_wconf 89' lang='lat' dir='ltr'>revocandi</span> <span class='ocrx_word' id='word_1_225' title='bbox 812 4238 845 4298; x_wconf 96' lang='lat' dir='ltr'>in</span> <span class='ocrx_word' id='word_1_226' title='bbox 868 4244 967 4299; x_wconf 89' lang='lat' dir='ltr'>totum</span> <span class='ocrx_word' id='word_1_227' title='bbox 989 4237 1040 4300; x_wconf 92' lang='lat' dir='ltr'>vel</span> <span class='ocrx_word' id='word_1_228' title='bbox 1062 4237 1094 4299; x_wconf 94' lang='lat' dir='ltr'>in</span> 
     </span>
     <span class='ocr_line' id='line_1_41' title="bbox 350 4329 1094 4408; baseline 0.005 -20"><span class='ocrx_word' id='word_1_229' title='bbox 350 4337 487 4408; x_wconf 84' lang='lat' dir='ltr'>partem3</span> <span class='ocrx_word' id='word_1_230' title='bbox 516 4329 702 4392; x_wconf 89' lang='lat' dir='ltr'>convocandi</span> <span class='ocrx_word' id='word_1_231' title='bbox 727 4331 866 4408; x_wconf 79' lang='lat' dir='ltr'>Synodos</span> <span class='ocrx_word' id='word_1_232' title='bbox 887 4331 1094 4406; x_wconf 72' lang='lat' dir='ltr'>dioecesanae,</span> 
     </span>
     <span class='ocr_line' id='line_1_42' title="bbox 350 4423 1096 4502; baseline 0 -18"><span class='ocrx_word' id='word_1_233' title='bbox 350 4423 554 4500; x_wconf 81' lang='lat' dir='ltr'>provinciales</span> <span class='ocrx_word' id='word_1_234' title='bbox 584 4441 639 4486; x_wconf 88' lang='lat' dir='ltr'>seu</span> <span class='ocrx_word' id='word_1_235' title='bbox 671 4423 855 4499; x_wconf 87' lang='lat' dir='ltr'>nationales,</span> <span class='ocrx_word' id='word_1_236' title='bbox 889 4424 987 4502; x_wconf 90' lang='lat' dir='ltr'>iisque</span> <span class='ocrx_word' id='word_1_237' title='bbox 1018 4424 1096 4487; x_wconf 89' lang='lat' dir='ltr'>dicta</span> 
     </span>
     <span class='ocr_line' id='line_1_43' title="bbox 351 4515 1095 4596; baseline 0.007 -21"><span class='ocrx_word' id='word_1_238' title='bbox 351 4515 532 4578; x_wconf 87' lang='lat' dir='ltr'>auctoritate</span> <span class='ocrx_word' id='word_1_239' title='bbox 552 4516 715 4594; x_wconf 89' lang='lat' dir='ltr'>apostolica</span> <span class='ocrx_word' id='word_1_240' title='bbox 735 4517 927 4594; x_wconf 87' lang='lat' dir='ltr'>praesidendi</span> <span class='ocrx_word' id='word_1_241' title='bbox 941 4533 996 4579; x_wconf 91' lang='lat' dir='ltr'>seu</span> <span class='ocrx_word' id='word_1_242' title='bbox 1010 4533 1095 4596; x_wconf 91' lang='lat' dir='ltr'>prae·</span> 
     </span>
     <span class='ocr_line' id='line_1_44' title="bbox 350 4610 1095 4691; baseline 0.004 -21"><span class='ocrx_word' id='word_1_243' title='bbox 350 4610 513 4672; x_wconf 89' lang='lat' dir='ltr'>sidentiam</span> <span class='ocrx_word' id='word_1_244' title='bbox 540 4611 606 4671; x_wconf 91' lang='lat' dir='ltr'>aliis</span> <span class='ocrx_word' id='word_1_245' title='bbox 638 4610 852 4686; x_wconf 87' lang='lat' dir='ltr'>demandandi,</span> <span class='ocrx_word' id='word_1_246' title='bbox 881 4619 974 4691; x_wconf 87' lang='lat' dir='ltr'>atque</span> <span class='ocrx_word' id='word_1_247' title='bbox 1001 4613 1095 4674; x_wconf 90' lang='lat' dir='ltr'>etiam</span> 
     </span>
     <span class='ocr_line' id='line_1_45' title="bbox 350 4703 1096 4781; baseline 0.003 -17"><span class='ocrx_word' id='word_1_248' title='bbox 350 4711 436 4767; x_wconf 85' lang='grc'>33333</span> <span class='ocrx_word' id='word_1_249' title='bbox 451 4703 589 4781; x_wconf 80' lang='lat' dir='ltr'>synodos</span> <span class='ocrx_word' id='word_1_250' title='bbox 603 4705 840 4767; x_wconf 88' lang='lat' dir='ltr'>constitutiones</span> <span class='ocrx_word' id='word_1_251' title='bbox 855 4714 885 4767; x_wconf 90' lang='grc'>33</span> <span class='ocrx_word' id='word_1_252' title='bbox 900 4712 1013 4768; x_wconf 88' lang='lat' dir='ltr'>statuta</span> <span class='ocrx_word' id='word_1_253' title='bbox 1025 4721 1096 4767; x_wconf 92' lang='lat' dir='ltr'>con·</span> 
     </span>
     <span class='ocr_line' id='line_1_46' title="bbox 350 4795 1095 4862; baseline 0.003 -3"><span class='ocrx_word' id='word_1_254' title='bbox 350 4798 453 4860; x_wconf 89' lang='lat' dir='ltr'>dendi.</span> <span class='ocrx_word' id='word_1_255' title='bbox 482 4795 648 4860; x_wconf 88' lang='lat' dir='ltr'>Duodecim</span> <span class='ocrx_word' id='word_1_256' title='bbox 677 4797 761 4859; x_wconf 91' lang='lat' dir='ltr'>viros</span> <span class='ocrx_word' id='word_1_257' title='bbox 786 4798 1003 4862; x_wconf 89' lang='lat' dir='ltr'>ecclesiasticos</span> <span class='ocrx_word' id='word_1_258' title='bbox 1027 4800 1095 4861; x_wconf 89' lang='lat' dir='ltr'>doc-</span> 
     </span>
     <span class='ocr_line' id='line_1_47' title="bbox 351 4891 1095 4970; baseline 0.003 -18"><span class='ocrx_word' id='word_1_259' title='bbox 351 4893 443 4967; x_wconf 91' lang='lat' dir='ltr'>trina,</span> <span class='ocrx_word' id='word_1_260' title='bbox 465 4891 583 4953; x_wconf 86' lang='lat' dir='ltr'>virtute</span> <span class='ocrx_word' id='word_1_261' title='bbox 597 4900 628 4952; x_wconf 92' lang='lat' dir='ltr'>et</span> <span class='ocrx_word' id='word_1_262' title='bbox 644 4891 763 4953; x_wconf 90' lang='lat' dir='ltr'>meritis</span> <span class='ocrx_word' id='word_1_263' title='bbox 778 4899 977 4970; x_wconf 86' lang='lat' dir='ltr'>praestantes,</span> <span class='ocrx_word' id='word_1_264' title='bbox 993 4910 1026 4954; x_wconf 91' lang='lat' dir='ltr'>ac</span> <span class='ocrx_word' id='word_1_265' title='bbox 1041 4909 1095 4954; x_wconf 90' lang='lat' dir='ltr'>no-</span> 
     </span>
     <span class='ocr_line' id='line_1_48' title="bbox 348 4983 1094 5064; baseline 0.004 -19"><span class='ocrx_word' id='word_1_266' title='bbox 348 4984 405 5046; x_wconf 84' lang='lat' dir='ltr'>stri</span> <span class='ocrx_word' id='word_1_267' title='bbox 427 4992 457 5046; x_wconf 90' lang='grc'>33</span> <span class='ocrx_word' id='word_1_268' title='bbox 478 4985 575 5047; x_wconf 88' lang='lat' dir='ltr'>dictae</span> <span class='ocrx_word' id='word_1_269' title='bbox 603 4983 690 5047; x_wconf 91' lang='lat' dir='ltr'>Sedis</span> <span class='ocrx_word' id='word_1_270' title='bbox 710 4986 743 5046; x_wconf 91' lang='grc'>13</span> <span class='ocrx_word' id='word_1_271' title='bbox 765 4985 874 5064; x_wconf 90' lang='lat' dir='ltr'>primis</span> <span class='ocrx_word' id='word_1_272' title='bbox 901 4988 1037 5062; x_wconf 88' lang='lat' dir='ltr'>devotos,</span> <span class='ocrx_word' id='word_1_273' title='bbox 1061 4987 1094 5048; x_wconf 96' lang='lat' dir='ltr'>in</span> 
     </span>
     <span class='ocr_line' id='line_1_49' title="bbox 351 5078 1095 5144; baseline 0.005 -5"><span class='ocrx_word' id='word_1_274' title='bbox 351 5087 473 5140; x_wconf 90' lang='lat' dir='ltr'>nostros</span> <span class='ocrx_word' id='word_1_275' title='bbox 485 5085 517 5140; x_wconf 93' lang='grc'>33</span> <span class='ocrx_word' id='word_1_276' title='bbox 532 5079 670 5141; x_wconf 89' lang='lat' dir='ltr'>eiusdem</span> <span class='ocrx_word' id='word_1_277' title='bbox 685 5078 771 5142; x_wconf 89' lang='lat' dir='ltr'>Sedis</span> <span class='ocrx_word' id='word_1_278' title='bbox 786 5079 920 5142; x_wconf 87' lang='lat' dir='ltr'>notarios</span> <span class='ocrx_word' id='word_1_279' title='bbox 936 5081 1015 5142; x_wconf 91' lang='lat' dir='ltr'>dicta</span> <span class='ocrx_word' id='word_1_280' title='bbox 1026 5098 1095 5144; x_wconf 88' lang='lat' dir='ltr'>auc·</span> 
     </span>
     <span class='ocr_line' id='line_1_50' title="bbox 350 5171 1095 5250; baseline 0.004 -18"><span class='ocrx_word' id='word_1_281' title='bbox 350 5173 475 5233; x_wconf 91' lang='lat' dir='ltr'>toritate</span> <span class='ocrx_word' id='word_1_282' title='bbox 502 5171 668 5250; x_wconf 88' lang='lat' dir='ltr'>recipiendi</span> <span class='ocrx_word' id='word_1_283' title='bbox 688 5181 720 5232; x_wconf 90' lang='lat' dir='ltr'>et</span> <span class='ocrx_word' id='word_1_284' title='bbox 748 5173 944 5248; x_wconf 89' lang='lat' dir='ltr'>admittendi,</span> <span class='ocrx_word' id='word_1_285' title='bbox 973 5190 1006 5235; x_wconf 92' lang='grc'>33</span> <span class='ocrx_word' id='word_1_286' title='bbox 1026 5173 1095 5235; x_wconf 88' lang='grc'>11133</span> 
     </span>
     <span class='ocr_line' id='line_1_51' title="bbox 349 5263 1096 5327; baseline 0.005 -4"><span class='ocrx_word' id='word_1_287' title='bbox 349 5264 482 5326; x_wconf 90' lang='lat' dir='ltr'>aliorum</span> <span class='ocrx_word' id='word_1_288' title='bbox 503 5271 682 5326; x_wconf 90' lang='lat' dir='ltr'>nostrorum</span> <span class='ocrx_word' id='word_1_289' title='bbox 703 5271 734 5325; x_wconf 90' lang='lat' dir='ltr'>et</span> <span class='ocrx_word' id='word_1_290' title='bbox 748 5263 846 5326; x_wconf 89' lang='lat' dir='ltr'>dictae</span> <span class='ocrx_word' id='word_1_291' title='bbox 862 5265 948 5327; x_wconf 91' lang='lat' dir='ltr'>Sedis</span> <span class='ocrx_word' id='word_1_292' title='bbox 962 5266 1096 5326; x_wconf 87' lang='grc'>3333313-</span> 
     </span>
     <span class='ocr_line' id='line_1_52' title="bbox 349 5357 1096 5436; baseline 0.003 -18"><span class='ocrx_word' id='word_1_293' title='bbox 349 5373 421 5419; x_wconf 90' lang='lat' dir='ltr'>rum</span> <span class='ocrx_word' id='word_1_294' title='bbox 444 5373 578 5420; x_wconf 91' lang='lat' dir='ltr'>numero</span> <span class='ocrx_word' id='word_1_295' title='bbox 598 5365 629 5418; x_wconf 91' lang='grc'>33</span> <span class='ocrx_word' id='word_1_296' title='bbox 650 5357 803 5419; x_wconf 88' lang='lat' dir='ltr'>consortio</span> <span class='ocrx_word' id='word_1_297' title='bbox 818 5358 1028 5421; x_wconf 80' lang='lat' dir='ltr'>favorabiliter</span> <span class='ocrx_word' id='word_1_298' title='bbox 1044 5375 1096 5436; x_wconf 85' lang='lat' dir='ltr'>ag-</span> 
     </span>
     <span class='ocr_line' id='line_1_53' title="bbox 351 5450 1095 5529; baseline 0.003 -17"><span class='ocrx_word' id='word_1_299' title='bbox 351 5451 510 5527; x_wconf 83' lang='lat' dir='ltr'>gregandi,</span> <span class='ocrx_word' id='word_1_300' title='bbox 538 5450 661 5529; x_wconf 91' lang='lat' dir='ltr'>illisque</span> <span class='ocrx_word' id='word_1_301' title='bbox 688 5458 733 5526; x_wconf 90' lang='lat' dir='ltr'>ut,</span> <span class='ocrx_word' id='word_1_302' title='bbox 761 5451 882 5514; x_wconf 92' lang='lat' dir='ltr'>etiamsi</span> <span class='ocrx_word' id='word_1_303' title='bbox 903 5452 1042 5514; x_wconf 90' lang='lat' dir='ltr'>habitum</span> <span class='ocrx_word' id='word_1_304' title='bbox 1064 5460 1095 5514; x_wconf 91' lang='lat' dir='ltr'>et</span> 
     </span>
     <span class='ocr_line' id='line_1_54' title="bbox 350 5543 1095 5621; baseline -0.001 -13"><span class='ocrx_word' id='word_1_305' title='bbox 350 5548 527 5608; x_wconf 84' lang='lat' dir='ltr'>rochettum</span> <span class='ocrx_word' id='word_1_306' title='bbox 548 5561 611 5607; x_wconf 92' lang='lat' dir='ltr'>non</span> <span class='ocrx_word' id='word_1_307' title='bbox 634 5543 784 5621; x_wconf 90' lang='lat' dir='ltr'>deferant,</span> <span class='ocrx_word' id='word_1_308' title='bbox 808 5545 1011 5609; x_wconf 88' lang='lat' dir='ltr'>nibilominus</span> <span class='ocrx_word' id='word_1_309' title='bbox 1030 5563 1095 5609; x_wconf 90' lang='lat' dir='ltr'>om-</span> 
     </span>
     <span class='ocr_line' id='line_1_55' title="bbox 350 5637 1094 5720; baseline -0.001 -18"><span class='ocrx_word' id='word_1_310' title='bbox 350 5640 440 5702; x_wconf 91' lang='lat' dir='ltr'>nibus</span> <span class='ocrx_word' id='word_1_311' title='bbox 452 5647 482 5700; x_wconf 91' lang='lat' dir='ltr'>et</span> <span class='ocrx_word' id='word_1_312' title='bbox 491 5637 623 5716; x_wconf 88' lang='lat' dir='ltr'>singulis</span> <span class='ocrx_word' id='word_1_313' title='bbox 637 5638 804 5714; x_wconf 88' lang='lat' dir='ltr'>favoribus,</span> <span class='ocrx_word' id='word_1_314' title='bbox 817 5639 996 5714; x_wconf 89' lang='lat' dir='ltr'>bonoribus,</span> <span class='ocrx_word' id='word_1_315' title='bbox 1009 5655 1094 5720; x_wconf 92' lang='lat' dir='ltr'>prae-</span> 
     </span>
     <span class='ocr_line' id='line_1_56' title="bbox 350 5731 1094 5814; baseline 0.001 -19"><span class='ocrx_word' id='word_1_316' title='bbox 350 5733 542 5808; x_wconf 87' lang='lat' dir='ltr'>eminentiis,</span> <span class='ocrx_word' id='word_1_317' title='bbox 565 5731 704 5808; x_wconf 91' lang='lat' dir='ltr'>indultis,</span> <span class='ocrx_word' id='word_1_318' title='bbox 727 5732 909 5810; x_wconf 88' lang='lat' dir='ltr'>privilegiis,</span> <span class='ocrx_word' id='word_1_319' title='bbox 925 5735 1094 5814; x_wconf 84' lang='lat' dir='ltr'>exemptio-</span> 
     </span>
     <span class='ocr_line' id='line_1_57' title="bbox 349 5826 1095 5904; baseline -0.001 -15"><span class='ocrx_word' id='word_1_320' title='bbox 349 5827 439 5890; x_wconf 90' lang='lat' dir='ltr'>nibus</span> <span class='ocrx_word' id='word_1_321' title='bbox 460 5835 491 5888; x_wconf 94' lang='lat' dir='ltr'>et</span> <span class='ocrx_word' id='word_1_322' title='bbox 519 5826 756 5904; x_wconf 67' lang='lat' dir='ltr'>praerogativis&#39;,</span> <span class='ocrx_word' id='word_1_323' title='bbox 786 5827 898 5904; x_wconf 88' lang='lat' dir='ltr'>quibus</span> <span class='ocrx_word' id='word_1_324' title='bbox 919 5826 970 5889; x_wconf 91' lang='lat' dir='ltr'>alii</span> <span class='ocrx_word' id='word_1_325' title='bbox 996 5828 1095 5890; x_wconf 89' lang='lat' dir='ltr'>nostri</span> 
     </span>
     <span class='ocr_line' id='line_1_58' title="bbox 349 5920 1095 6000; baseline 0.003 -18"><span class='ocrx_word' id='word_1_326' title='bbox 349 5930 381 5984; x_wconf 89' lang='grc'>33</span> <span class='ocrx_word' id='word_1_327' title='bbox 402 5921 541 5984; x_wconf 88' lang='lat' dir='ltr'>eiusdem</span> <span class='ocrx_word' id='word_1_328' title='bbox 563 5920 648 5984; x_wconf 88' lang='lat' dir='ltr'>Sedis</span> <span class='ocrx_word' id='word_1_329' title='bbox 663 5921 776 5982; x_wconf 91' lang='lat' dir='ltr'>notarii</span> <span class='ocrx_word' id='word_1_330' title='bbox 792 5929 855 5982; x_wconf 90' lang='lat' dir='ltr'>tam</span> <span class='ocrx_word' id='word_1_331' title='bbox 869 5922 907 5984; x_wconf 88' lang='lat' dir='ltr'>de</span> <span class='ocrx_word' id='word_1_332' title='bbox 921 5921 988 5984; x_wconf 91' lang='lat' dir='ltr'>iure</span> <span class='ocrx_word' id='word_1_333' title='bbox 1002 5938 1095 6000; x_wconf 89' lang='lat' dir='ltr'>quam</span> 
     </span>
    </p>
   </div>
   <div class='ocr_carea' id='block_1_3' title="bbox 456 6064 1052 6128">
    <p class='ocr_par' dir='ltr' id='par_1_3' title="bbox 456 6064 1052 6128">
     <span class='ocr_line' id='line_1_59' title="bbox 456 6064 1052 6128; baseline 0.005 -16"><span class='ocrx_word' id='word_1_334' title='bbox 456 6065 509 6112; x_wconf 82' lang='grc'>133.</span> <span class='ocrx_word' id='word_1_335' title='bbox 526 6065 596 6114; x_wconf 87' lang='lat' dir='ltr'>Pont.</span> <span class='ocrx_word' id='word_1_336' title='bbox 611 6064 642 6114; x_wconf 80' lang='lat' dir='ltr'>de</span> <span class='ocrx_word' id='word_1_337' title='bbox 656 6066 731 6128; x_wconf 84' lang='lat' dir='ltr'>Prop.</span> <span class='ocrx_word' id='word_1_338' title='bbox 746 6065 809 6114; x_wconf 79' lang='lat' dir='ltr'>Fide</span> <span class='ocrx_word' id='word_1_339' title='bbox 822 6067 904 6114; x_wconf 83' lang='lat' dir='ltr'>Partis</span> <span class='ocrx_word' id='word_1_340' title='bbox 919 6068 938 6116; x_wconf 89' lang='lat'>1.</span> <span class='ocrx_word' id='word_1_341' title='bbox 954 6066 1005 6116; x_wconf 82' lang='lat' dir='ltr'>Vol.</span> <span class='ocrx_word' id='word_1_342' title='bbox 1022 6068 1052 6115; x_wconf 92' lang='lat'>11.</span> 
     </span>
    </p>
   </div>
   <div class='ocr_carea' id='block_1_4' title="bbox 1149 673 1977 5906">
    <p class='ocr_par' dir='ltr' id='par_1_4' title="bbox 1149 673 1977 5906">
     <span class='ocr_line' id='line_1_60' title="bbox 1150 673 1896 755; baseline 0.007 -20"><span class='ocrx_word' id='word_1_343' title='bbox 1150 673 1188 735; x_wconf 92' lang='lat' dir='ltr'>de</span> <span class='ocrx_word' id='word_1_344' title='bbox 1201 675 1426 738; x_wconf 89' lang='lat' dir='ltr'>consuetudine</span> <span class='ocrx_word' id='word_1_345' title='bbox 1441 683 1588 751; x_wconf 91' lang='lat' dir='ltr'>utuntur,</span> <span class='ocrx_word' id='word_1_346' title='bbox 1600 676 1764 755; x_wconf 90' lang='lat' dir='ltr'>potiuntur</span> <span class='ocrx_word' id='word_1_347' title='bbox 1778 682 1808 738; x_wconf 89' lang='lat' dir='ltr'>et</span> <span class='ocrx_word' id='word_1_348' title='bbox 1824 692 1896 754; x_wconf 83' lang='lat' dir='ltr'>gau·</span> 
     </span>
     <span class='ocr_line' id='line_1_61' title="bbox 1151 767 1898 848; baseline 0.003 -18"><span class='ocrx_word' id='word_1_349' title='bbox 1151 769 1237 843; x_wconf 90' lang='lat' dir='ltr'>dent,</span> <span class='ocrx_word' id='word_1_350' title='bbox 1259 787 1292 831; x_wconf 92' lang='grc'>33</span> <span class='ocrx_word' id='word_1_351' title='bbox 1314 769 1370 844; x_wconf 86' lang='grc'>331,</span> <span class='ocrx_word' id='word_1_352' title='bbox 1394 771 1486 848; x_wconf 89' lang='grc'>333131</span> <span class='ocrx_word' id='word_1_353' title='bbox 1507 778 1538 832; x_wconf 89' lang='grc'>33</span> <span class='ocrx_word' id='word_1_354' title='bbox 1561 767 1694 848; x_wconf 82' lang='lat' dir='ltr'>gaudere</span> <span class='ocrx_word' id='word_1_355' title='bbox 1715 777 1845 848; x_wconf 90' lang='lat' dir='ltr'>possunt</span> <span class='ocrx_word' id='word_1_356' title='bbox 1867 777 1898 832; x_wconf 90' lang='grc'>33</span> 
     </span>
     <span class='ocr_line' id='line_1_62' title="bbox 1152 862 1897 942; baseline 0.001 -19"><span class='ocrx_word' id='word_1_357' title='bbox 1152 868 1300 942; x_wconf 89' lang='grc'>33333333</span> <span class='ocrx_word' id='word_1_358' title='bbox 1321 862 1551 942; x_wconf 86' lang='lat' dir='ltr'>quomodolibet</span> <span class='ocrx_word' id='word_1_359' title='bbox 1566 865 1599 926; x_wconf 95' lang='grc'>13</span> <span class='ocrx_word' id='word_1_360' title='bbox 1614 864 1757 926; x_wconf 90' lang='lat' dir='ltr'>futurum</span> <span class='ocrx_word' id='word_1_361' title='bbox 1771 863 1897 942; x_wconf 88' lang='lat' dir='ltr'>(absque</span> 
     </span>
     <span class='ocr_line' id='line_1_63' title="bbox 1151 957 1896 1021; baseline 0.004 -5"><span class='ocrx_word' id='word_1_362' title='bbox 1151 964 1256 1018; x_wconf 90' lang='lat' dir='ltr'>tamen</span> <span class='ocrx_word' id='word_1_363' title='bbox 1285 965 1463 1021; x_wconf 83' lang='lat' dir='ltr'>nostrorum</span> <span class='ocrx_word' id='word_1_364' title='bbox 1485 965 1515 1020; x_wconf 89' lang='lat' dir='ltr'>et</span> <span class='ocrx_word' id='word_1_365' title='bbox 1536 957 1675 1020; x_wconf 90' lang='lat' dir='ltr'>eiusdem</span> <span class='ocrx_word' id='word_1_366' title='bbox 1704 959 1788 1020; x_wconf 88' lang='lat' dir='ltr'>Sedis</span> <span class='ocrx_word' id='word_1_367' title='bbox 1810 965 1896 1019; x_wconf 90' lang='lat' dir='ltr'>nota·</span> 
     </span>
     <span class='ocr_line' id='line_1_64' title="bbox 1153 1051 1897 1132; baseline 0.003 -22"><span class='ocrx_word' id='word_1_368' title='bbox 1153 1051 1272 1113; x_wconf 90' lang='lat' dir='ltr'>riorum</span> <span class='ocrx_word' id='word_1_369' title='bbox 1293 1052 1331 1112; x_wconf 92' lang='lat' dir='ltr'>de</span> <span class='ocrx_word' id='word_1_370' title='bbox 1352 1067 1485 1113; x_wconf 91' lang='lat' dir='ltr'>numero</span> <span class='ocrx_word' id='word_1_371' title='bbox 1506 1051 1756 1132; x_wconf 89' lang='lat' dir='ltr'>participantium</span> <span class='ocrx_word' id='word_1_372' title='bbox 1778 1051 1897 1129; x_wconf 89' lang='lat' dir='ltr'>praeiu-</span> 
     </span>
     <span class='ocr_line' id='line_1_65' title="bbox 1152 1143 1897 1223; baseline 0 -19"><span class='ocrx_word' id='word_1_373' title='bbox 1152 1144 1242 1218; x_wconf 91' lang='lat' dir='ltr'>dicio,</span> <span class='ocrx_word' id='word_1_374' title='bbox 1265 1150 1296 1204; x_wconf 92' lang='lat' dir='ltr'>et</span> <span class='ocrx_word' id='word_1_375' title='bbox 1317 1143 1392 1206; x_wconf 91' lang='lat' dir='ltr'>citra</span> <span class='ocrx_word' id='word_1_376' title='bbox 1414 1144 1628 1223; x_wconf 84' lang='lat' dir='ltr'>exemptiones</span> <span class='ocrx_word' id='word_1_377' title='bbox 1649 1144 1816 1208; x_wconf 77' lang='lat' dir='ltr'>aconcilio</span> <span class='ocrx_word' id='word_1_378' title='bbox 1832 1145 1897 1206; x_wconf 86' lang='lat' dir='ltr'>Tri-</span> 
     </span>
     <span class='ocr_line' id='line_1_66' title="bbox 1152 1235 1897 1315; baseline 0.004 -18"><span class='ocrx_word' id='word_1_379' title='bbox 1152 1235 1281 1300; x_wconf 90' lang='lat' dir='ltr'>dentino</span> <span class='ocrx_word' id='word_1_380' title='bbox 1301 1237 1445 1312; x_wconf 88' lang='lat' dir='ltr'>sublatas,</span> <span class='ocrx_word' id='word_1_381' title='bbox 1461 1255 1494 1300; x_wconf 91' lang='lat' dir='ltr'>ac</span> <span class='ocrx_word' id='word_1_382' title='bbox 1515 1238 1673 1300; x_wconf 89' lang='lat' dir='ltr'>facultates</span> <span class='ocrx_word' id='word_1_383' title='bbox 1692 1238 1897 1315; x_wconf 83' lang='lat' dir='ltr'>legitimandi,</span> 
     </span>
     <span class='ocr_line' id='line_1_67' title="bbox 1152 1331 1898 1410; baseline 0.003 -20"><span class='ocrx_word' id='word_1_384' title='bbox 1152 1331 1188 1392; x_wconf 90' lang='lat' dir='ltr'>ad</span> <span class='ocrx_word' id='word_1_385' title='bbox 1212 1331 1324 1407; x_wconf 85' lang='lat' dir='ltr'>gradus</span> <span class='ocrx_word' id='word_1_386' title='bbox 1346 1331 1560 1409; x_wconf 90' lang='lat' dir='ltr'>promovendi,</span> <span class='ocrx_word' id='word_1_387' title='bbox 1577 1331 1696 1410; x_wconf 88' lang='lat' dir='ltr'>aliaque</span> <span class='ocrx_word' id='word_1_388' title='bbox 1709 1331 1823 1392; x_wconf 91' lang='lat' dir='ltr'>similia</span> <span class='ocrx_word' id='word_1_389' title='bbox 1837 1331 1898 1410; x_wconf 89' lang='lat' dir='ltr'>pri-</span> 
     </span>
     <span class='ocr_line' id='line_1_68' title="bbox 1152 1423 1898 1503; baseline 0.001 -20"><span class='ocrx_word' id='word_1_390' title='bbox 1152 1423 1265 1500; x_wconf 87' lang='lat' dir='ltr'>vilegia</span> <span class='ocrx_word' id='word_1_391' title='bbox 1286 1423 1401 1485; x_wconf 88' lang='lat' dir='ltr'>eisdem</span> <span class='ocrx_word' id='word_1_392' title='bbox 1423 1424 1550 1486; x_wconf 90' lang='lat' dir='ltr'>notariis</span> <span class='ocrx_word' id='word_1_393' title='bbox 1571 1427 1609 1487; x_wconf 90' lang='lat' dir='ltr'>de</span> <span class='ocrx_word' id='word_1_394' title='bbox 1630 1441 1763 1486; x_wconf 88' lang='lat' dir='ltr'>numero</span> <span class='ocrx_word' id='word_1_395' title='bbox 1777 1425 1898 1503; x_wconf 89' lang='lat' dir='ltr'>partici-</span> 
     </span>
     <span class='ocr_line' id='line_1_69' title="bbox 1152 1517 1895 1596; baseline 0.001 -19"><span class='ocrx_word' id='word_1_396' title='bbox 1152 1517 1293 1594; x_wconf 93' lang='lat' dir='ltr'>pantium</span> <span class='ocrx_word' id='word_1_397' title='bbox 1322 1533 1480 1592; x_wconf 82' lang='lat' dir='ltr'>concessa,</span> <span class='ocrx_word' id='word_1_398' title='bbox 1513 1534 1568 1580; x_wconf 90' lang='lat' dir='ltr'>seu</span> <span class='ocrx_word' id='word_1_399' title='bbox 1595 1517 1632 1580; x_wconf 88' lang='lat' dir='ltr'>ab</span> <span class='ocrx_word' id='word_1_400' title='bbox 1653 1519 1696 1579; x_wconf 86' lang='lat' dir='ltr'>eis</span> <span class='ocrx_word' id='word_1_401' title='bbox 1724 1525 1895 1596; x_wconf 88' lang='lat' dir='ltr'>praetensa,</span> 
     </span>
     <span class='ocr_line' id='line_1_70' title="bbox 1152 1611 1899 1688; baseline -0.001 -17"><span class='ocrx_word' id='word_1_402' title='bbox 1152 1611 1263 1688; x_wconf 89' lang='lat' dir='ltr'>quibus</span> <span class='ocrx_word' id='word_1_403' title='bbox 1285 1611 1397 1672; x_wconf 91' lang='lat' dir='ltr'>notarii</span> <span class='ocrx_word' id='word_1_404' title='bbox 1418 1628 1434 1671; x_wconf 90' lang='grc'>3</span> <span class='ocrx_word' id='word_1_405' title='bbox 1457 1620 1487 1672; x_wconf 92' lang='grc'>33</span> <span class='ocrx_word' id='word_1_406' title='bbox 1507 1611 1630 1674; x_wconf 87' lang='lat' dir='ltr'>creandi</span> <span class='ocrx_word' id='word_1_407' title='bbox 1652 1611 1764 1673; x_wconf 92' lang='lat' dir='ltr'>nullibi</span> <span class='ocrx_word' id='word_1_408' title='bbox 1785 1611 1832 1672; x_wconf 90' lang='lat' dir='ltr'>uti</span> <span class='ocrx_word' id='word_1_409' title='bbox 1847 1627 1899 1670; x_wconf 91' lang='grc'>33-</span> 
     </span>
     <span class='ocr_line' id='line_1_71' title="bbox 1152 1702 1897 1778; baseline 0.004 -15"><span class='ocrx_word' id='word_1_410' title='bbox 1152 1702 1246 1778; x_wconf 89' lang='grc'>13333,</span> <span class='ocrx_word' id='word_1_411' title='bbox 1271 1711 1301 1765; x_wconf 91' lang='grc'>33</span> <span class='ocrx_word' id='word_1_412' title='bbox 1323 1705 1348 1765; x_wconf 89' lang='grc'>31</span> <span class='ocrx_word' id='word_1_413' title='bbox 1369 1720 1455 1768; x_wconf 87' lang='grc'>33333</span> <span class='ocrx_word' id='word_1_414' title='bbox 1476 1705 1514 1766; x_wconf 93' lang='lat' dir='ltr'>ab</span> <span class='ocrx_word' id='word_1_415' title='bbox 1535 1705 1577 1766; x_wconf 90' lang='lat' dir='ltr'>eis</span> <span class='ocrx_word' id='word_1_416' title='bbox 1599 1705 1713 1768; x_wconf 88' lang='lat' dir='ltr'>factum</span> <span class='ocrx_word' id='word_1_417' title='bbox 1735 1704 1897 1777; x_wconf 79' lang='grc'>13331313-</span> 
     </span>
     <span class='ocr_line' id='line_1_72' title="bbox 1152 1797 1898 1878; baseline 0.001 -20"><span class='ocrx_word' id='word_1_418' title='bbox 1152 1797 1249 1858; x_wconf 91' lang='lat' dir='ltr'>ritum</span> <span class='ocrx_word' id='word_1_419' title='bbox 1270 1805 1301 1859; x_wconf 87' lang='lat' dir='ltr'>et</span> <span class='ocrx_word' id='word_1_420' title='bbox 1322 1798 1413 1860; x_wconf 86' lang='lat' dir='ltr'>inane</span> <span class='ocrx_word' id='word_1_421' title='bbox 1435 1798 1568 1878; x_wconf 86' lang='grc'>3313333),</span> <span class='ocrx_word' id='word_1_422' title='bbox 1592 1799 1649 1873; x_wconf 88' lang='grc'>331,</span> <span class='ocrx_word' id='word_1_423' title='bbox 1673 1798 1765 1878; x_wconf 89' lang='grc'>333131</span> <span class='ocrx_word' id='word_1_424' title='bbox 1780 1805 1811 1858; x_wconf 89' lang='grc'>33</span> <span class='ocrx_word' id='word_1_425' title='bbox 1826 1813 1898 1874; x_wconf 91' lang='lat' dir='ltr'>gau·</span> 
     </span>
     <span class='ocr_line' id='line_1_73' title="bbox 1152 1891 1898 1969; baseline -0.003 -17"><span class='ocrx_word' id='word_1_426' title='bbox 1152 1891 1224 1952; x_wconf 90' lang='lat' dir='ltr'>dere</span> <span class='ocrx_word' id='word_1_427' title='bbox 1245 1891 1361 1969; x_wconf 88' lang='lat' dir='ltr'>possint</span> <span class='ocrx_word' id='word_1_428' title='bbox 1383 1902 1413 1953; x_wconf 92' lang='lat' dir='ltr'>et</span> <span class='ocrx_word' id='word_1_429' title='bbox 1434 1891 1567 1966; x_wconf 89' lang='lat' dir='ltr'>valeant,</span> <span class='ocrx_word' id='word_1_430' title='bbox 1591 1891 1778 1956; x_wconf 87' lang='lat' dir='ltr'>concedendi</span> <span class='ocrx_word' id='word_1_431' title='bbox 1800 1897 1830 1952; x_wconf 92' lang='lat' dir='ltr'>et</span> <span class='ocrx_word' id='word_1_432' title='bbox 1851 1891 1898 1950; x_wconf 93' lang='lat' dir='ltr'>in-</span> 
     </span>
     <span class='ocr_line' id='line_1_74' title="bbox 1152 1983 1899 2064; baseline 0.001 -19"><span class='ocrx_word' id='word_1_433' title='bbox 1152 1983 1317 2060; x_wconf 89' lang='lat' dir='ltr'>dulgendi;</span> <span class='ocrx_word' id='word_1_434' title='bbox 1340 1985 1478 2064; x_wconf 87' lang='lat' dir='ltr'>apposito</span> <span class='ocrx_word' id='word_1_435' title='bbox 1493 1993 1597 2048; x_wconf 90' lang='lat' dir='ltr'>tamen</span> <span class='ocrx_word' id='word_1_436' title='bbox 1613 1985 1645 2046; x_wconf 93' lang='lat' dir='ltr'>in</span> <span class='ocrx_word' id='word_1_437' title='bbox 1661 1985 1722 2047; x_wconf 91' lang='lat' dir='ltr'>tuis</span> <span class='ocrx_word' id='word_1_438' title='bbox 1737 1984 1834 2046; x_wconf 90' lang='lat' dir='ltr'>literis</span> <span class='ocrx_word' id='word_1_439' title='bbox 1849 2001 1899 2046; x_wconf 91' lang='lat' dir='ltr'>eo-</span> 
     </span>
     <span class='ocr_line' id='line_1_75' title="bbox 1152 2077 1898 2157; baseline 0.001 -19"><span class='ocrx_word' id='word_1_440' title='bbox 1152 2094 1223 2139; x_wconf 91' lang='lat' dir='ltr'>rum</span> <span class='ocrx_word' id='word_1_441' title='bbox 1251 2079 1414 2140; x_wconf 89' lang='lat' dir='ltr'>creationis</span> <span class='ocrx_word' id='word_1_442' title='bbox 1435 2080 1468 2142; x_wconf 95' lang='lat' dir='ltr'>in</span> <span class='ocrx_word' id='word_1_443' title='bbox 1491 2079 1626 2142; x_wconf 90' lang='lat' dir='ltr'>notarios</span> <span class='ocrx_word' id='word_1_444' title='bbox 1657 2077 1791 2154; x_wconf 88' lang='lat' dir='ltr'>decreto,</span> <span class='ocrx_word' id='word_1_445' title='bbox 1815 2077 1898 2157; x_wconf 92' lang='lat' dir='ltr'>quod</span> 
     </span>
     <span class='ocr_line' id='line_1_76' title="bbox 1152 2171 1897 2252; baseline 0.001 -20"><span class='ocrx_word' id='word_1_446' title='bbox 1152 2171 1208 2251; x_wconf 89' lang='lat' dir='ltr'>ipsi</span> <span class='ocrx_word' id='word_1_447' title='bbox 1230 2179 1396 2252; x_wconf 90' lang='lat' dir='ltr'>antequam</span> <span class='ocrx_word' id='word_1_448' title='bbox 1428 2174 1574 2236; x_wconf 81' lang='lat' dir='ltr'>exercitio</span> <span class='ocrx_word' id='word_1_449' title='bbox 1606 2174 1702 2248; x_wconf 91' lang='lat' dir='ltr'>tituli,</span> <span class='ocrx_word' id='word_1_450' title='bbox 1724 2173 1897 2250; x_wconf 86' lang='lat' dir='ltr'>insignium</span> 
     </span>
     <span class='ocr_line' id='line_1_77' title="bbox 1152 2266 1897 2344; baseline 0.003 -18"><span class='ocrx_word' id='word_1_451' title='bbox 1152 2273 1182 2327; x_wconf 92' lang='lat' dir='ltr'>et</span> <span class='ocrx_word' id='word_1_452' title='bbox 1202 2266 1440 2344; x_wconf 86' lang='lat' dir='ltr'>privilegiorum</span> <span class='ocrx_word' id='word_1_453' title='bbox 1462 2268 1590 2330; x_wconf 90' lang='lat' dir='ltr'>notariis</span> <span class='ocrx_word' id='word_1_454' title='bbox 1616 2267 1795 2329; x_wconf 86' lang='lat' dir='ltr'>huiusmodi</span> <span class='ocrx_word' id='word_1_455' title='bbox 1816 2283 1897 2328; x_wconf 93' lang='lat' dir='ltr'>com·</span> 
     </span>
     <span class='ocr_line' id='line_1_78' title="bbox 1151 2359 1898 2440; baseline 0.001 -21"><span class='ocrx_word' id='word_1_456' title='bbox 1151 2359 1325 2437; x_wconf 89' lang='lat' dir='ltr'>petentium</span> <span class='ocrx_word' id='word_1_457' title='bbox 1358 2361 1474 2439; x_wconf 91' lang='lat' dir='ltr'>perfrui</span> <span class='ocrx_word' id='word_1_458' title='bbox 1505 2360 1665 2440; x_wconf 91' lang='lat' dir='ltr'>incipiant,</span> <span class='ocrx_word' id='word_1_459' title='bbox 1695 2360 1898 2422; x_wconf 89' lang='lat' dir='ltr'>inmanibus</span> 
     </span>
     <span class='ocr_line' id='line_1_79' title="bbox 1152 2453 1898 2534; baseline 0.004 -21"><span class='ocrx_word' id='word_1_460' title='bbox 1152 2453 1225 2526; x_wconf 89' lang='lat' dir='ltr'>tuis,</span> <span class='ocrx_word' id='word_1_461' title='bbox 1247 2469 1303 2515; x_wconf 91' lang='lat' dir='ltr'>seu</span> <span class='ocrx_word' id='word_1_462' title='bbox 1325 2454 1453 2518; x_wconf 89' lang='lat' dir='ltr'>alicuius</span> <span class='ocrx_word' id='word_1_463' title='bbox 1475 2471 1623 2534; x_wconf 90' lang='lat' dir='ltr'>personae</span> <span class='ocrx_word' id='word_1_464' title='bbox 1637 2455 1670 2516; x_wconf 94' lang='lat' dir='ltr'>in</span> <span class='ocrx_word' id='word_1_465' title='bbox 1685 2453 1835 2532; x_wconf 81' lang='lat' dir='ltr'>dignitate</span> <span class='ocrx_word' id='word_1_466' title='bbox 1850 2471 1898 2516; x_wconf 90' lang='grc'>33-</span> 
     </span>
     <span class='ocr_line' id='line_1_80' title="bbox 1151 2547 1897 2628; baseline -0.001 -19"><span class='ocrx_word' id='word_1_467' title='bbox 1151 2547 1315 2610; x_wconf 87' lang='grc'>31331333133</span> <span class='ocrx_word' id='word_1_468' title='bbox 1344 2549 1544 2624; x_wconf 90' lang='lat' dir='ltr'>constitutae,</span> <span class='ocrx_word' id='word_1_469' title='bbox 1575 2547 1800 2628; x_wconf 87' lang='lat' dir='ltr'>professionem</span> <span class='ocrx_word' id='word_1_470' title='bbox 1825 2548 1897 2610; x_wconf 85' lang='lat' dir='ltr'>ndei</span> 
     </span>
     <span class='ocr_line' id='line_1_81' title="bbox 1152 2639 1897 2722; baseline 0.003 -22"><span class='ocrx_word' id='word_1_471' title='bbox 1152 2639 1236 2702; x_wconf 85' lang='lat' dir='ltr'>iuxta</span> <span class='ocrx_word' id='word_1_472' title='bbox 1250 2641 1392 2704; x_wconf 91' lang='lat' dir='ltr'>articulos</span> <span class='ocrx_word' id='word_1_473' title='bbox 1408 2642 1527 2720; x_wconf 88' lang='lat' dir='ltr'>pridem</span> <span class='ocrx_word' id='word_1_474' title='bbox 1539 2660 1554 2703; x_wconf 92' lang='grc'>3</span> <span class='ocrx_word' id='word_1_475' title='bbox 1567 2643 1644 2706; x_wconf 89' lang='lat' dir='ltr'>Sede</span> <span class='ocrx_word' id='word_1_476' title='bbox 1655 2646 1711 2722; x_wconf 82' lang='lat' dir='ltr'>Ap.</span> <span class='ocrx_word' id='word_1_477' title='bbox 1726 2641 1897 2721; x_wconf 91' lang='lat' dir='ltr'>propositos</span> 
     </span>
     <span class='ocr_line' id='line_1_82' title="bbox 1151 2735 1896 2809; baseline 0 -13"><span class='ocrx_word' id='word_1_478' title='bbox 1151 2735 1306 2809; x_wconf 86' lang='lat' dir='ltr'>emittere,</span> <span class='ocrx_word' id='word_1_479' title='bbox 1322 2742 1354 2796; x_wconf 91' lang='grc'>33</span> <span class='ocrx_word' id='word_1_480' title='bbox 1372 2735 1499 2797; x_wconf 88' lang='lat' dir='ltr'>solitum</span> <span class='ocrx_word' id='word_1_481' title='bbox 1515 2736 1669 2798; x_wconf 84' lang='lat' dir='ltr'>fidelitatis</span> <span class='ocrx_word' id='word_1_482' title='bbox 1684 2738 1896 2800; x_wconf 88' lang='lat' dir='ltr'>iuramentum</span> 
     </span>
     <span class='ocr_line' id='line_1_83' title="bbox 1151 2828 1897 2908; baseline 0.003 -20"><span class='ocrx_word' id='word_1_483' title='bbox 1151 2835 1303 2905; x_wconf 88' lang='lat' dir='ltr'>praestare</span> <span class='ocrx_word' id='word_1_484' title='bbox 1320 2837 1496 2906; x_wconf 73' lang='grc'>3333333333</span> <span class='ocrx_word' id='word_1_485' title='bbox 1510 2846 1567 2892; x_wconf 91' lang='grc'>333</span> <span class='ocrx_word' id='word_1_486' title='bbox 1581 2846 1656 2905; x_wconf 91' lang='grc'>333,</span> <span class='ocrx_word' id='word_1_487' title='bbox 1673 2830 1725 2892; x_wconf 93' lang='lat' dir='ltr'>ubi</span> <span class='ocrx_word' id='word_1_488' title='bbox 1740 2845 1816 2908; x_wconf 91' lang='lat' dir='ltr'>opus</span> <span class='ocrx_word' id='word_1_489' title='bbox 1830 2828 1897 2891; x_wconf 90' lang='lat' dir='ltr'>lue-</span> 
     </span>
     <span class='ocr_line' id='line_1_84' title="bbox 1151 2921 1895 2998; baseline 0.004 -17"><span class='ocrx_word' id='word_1_490' title='bbox 1151 2921 1204 2995; x_wconf 92' lang='lat' dir='ltr'>rit,</span> <span class='ocrx_word' id='word_1_491' title='bbox 1227 2921 1301 2984; x_wconf 89' lang='lat' dir='ltr'>alios</span> <span class='ocrx_word' id='word_1_492' title='bbox 1324 2923 1458 2984; x_wconf 90' lang='lat' dir='ltr'>notarios</span> <span class='ocrx_word' id='word_1_493' title='bbox 1480 2923 1572 2985; x_wconf 88' lang='lat' dir='ltr'>etiam</span> <span class='ocrx_word' id='word_1_494' title='bbox 1594 2923 1733 2998; x_wconf 89' lang='lat' dir='ltr'>clericos,</span> <span class='ocrx_word' id='word_1_495' title='bbox 1749 2930 1810 2984; x_wconf 94' lang='lat' dir='ltr'>tam</span> <span class='ocrx_word' id='word_1_496' title='bbox 1832 2938 1895 2984; x_wconf 90' lang='lat' dir='ltr'>sae·</span> 
     </span>
     <span class='ocr_line' id='line_1_85' title="bbox 1149 3015 1897 3095; baseline 0.003 -19"><span class='ocrx_word' id='word_1_497' title='bbox 1149 3015 1268 3076; x_wconf 89' lang='grc'>3313333</span> <span class='ocrx_word' id='word_1_498' title='bbox 1290 3031 1383 3093; x_wconf 92' lang='lat' dir='ltr'>quam</span> <span class='ocrx_word' id='word_1_499' title='bbox 1409 3018 1581 3093; x_wconf 79' lang='lat' dir='ltr'>regulares,</span> <span class='ocrx_word' id='word_1_500' title='bbox 1603 3025 1727 3095; x_wconf 89' lang='lat' dir='ltr'>recepto</span> <span class='ocrx_word' id='word_1_501' title='bbox 1755 3017 1839 3095; x_wconf 92' lang='lat' dir='ltr'>prius</span> <span class='ocrx_word' id='word_1_502' title='bbox 1860 3017 1897 3078; x_wconf 94' lang='lat' dir='ltr'>ab</span> 
     </span>
     <span class='ocr_line' id='line_1_86' title="bbox 1150 3108 1894 3186; baseline 0.003 -16"><span class='ocrx_word' id='word_1_503' title='bbox 1150 3109 1194 3170; x_wconf 93' lang='lat' dir='ltr'>eis</span> <span class='ocrx_word' id='word_1_504' title='bbox 1214 3108 1368 3170; x_wconf 81' lang='lat' dir='ltr'>fidelitatis</span> <span class='ocrx_word' id='word_1_505' title='bbox 1383 3110 1500 3173; x_wconf 89' lang='lat' dir='ltr'>debitae</span> <span class='ocrx_word' id='word_1_506' title='bbox 1514 3110 1604 3172; x_wconf 91' lang='lat' dir='ltr'>solito</span> <span class='ocrx_word' id='word_1_507' title='bbox 1619 3113 1805 3186; x_wconf 90' lang='lat' dir='ltr'>iuramento,</span> <span class='ocrx_word' id='word_1_508' title='bbox 1822 3126 1894 3172; x_wconf 89' lang='lat' dir='ltr'>cum</span> 
     </span>
     <span class='ocr_line' id='line_1_87' title="bbox 1149 3200 1897 3283; baseline 0.003 -21"><span class='ocrx_word' id='word_1_509' title='bbox 1149 3200 1346 3264; x_wconf 88' lang='lat' dir='ltr'>facultatibus</span> <span class='ocrx_word' id='word_1_510' title='bbox 1374 3203 1552 3264; x_wconf 88' lang='lat' dir='ltr'>necessariis</span> <span class='ocrx_word' id='word_1_511' title='bbox 1578 3210 1609 3265; x_wconf 90' lang='grc'>33</span> <span class='ocrx_word' id='word_1_512' title='bbox 1629 3203 1811 3283; x_wconf 92' lang='lat' dir='ltr'>opportunis</span> <span class='ocrx_word' id='word_1_513' title='bbox 1831 3219 1897 3264; x_wconf 90' lang='lat' dir='ltr'>cre-</span> 
     </span>
     <span class='ocr_line' id='line_1_88' title="bbox 1150 3297 1897 3375; baseline 0.001 -19"><span class='ocrx_word' id='word_1_514' title='bbox 1150 3297 1233 3370; x_wconf 92' lang='lat' dir='ltr'>andi,</span> <span class='ocrx_word' id='word_1_515' title='bbox 1255 3313 1288 3358; x_wconf 93' lang='grc'>33</span> <span class='ocrx_word' id='word_1_516' title='bbox 1309 3297 1422 3374; x_wconf 86' lang='lat' dir='ltr'>viginti</span> <span class='ocrx_word' id='word_1_517' title='bbox 1453 3303 1585 3375; x_wconf 89' lang='lat' dir='ltr'>quatuor</span> <span class='ocrx_word' id='word_1_518' title='bbox 1615 3304 1737 3358; x_wconf 90' lang='lat' dir='ltr'>auratae</span> <span class='ocrx_word' id='word_1_519' title='bbox 1765 3297 1897 3358; x_wconf 90' lang='lat' dir='ltr'>militiae</span> 
     </span>
     <span class='ocr_line' id='line_1_89' title="bbox 1150 3389 1895 3470; baseline 0.003 -21"><span class='ocrx_word' id='word_1_520' title='bbox 1150 3389 1269 3468; x_wconf 91' lang='lat' dir='ltr'>equites</span> <span class='ocrx_word' id='word_1_521' title='bbox 1291 3391 1485 3466; x_wconf 90' lang='lat' dir='ltr'>instituendi,</span> <span class='ocrx_word' id='word_1_522' title='bbox 1509 3390 1639 3470; x_wconf 89' lang='lat' dir='ltr'>illosque</span> <span class='ocrx_word' id='word_1_523' title='bbox 1659 3390 1793 3456; x_wconf 89' lang='lat' dir='ltr'>aliorum</span> <span class='ocrx_word' id='word_1_524' title='bbox 1809 3391 1895 3470; x_wconf 91' lang='lat' dir='ltr'>equi-</span> 
     </span>
     <span class='ocr_line' id='line_1_90' title="bbox 1152 3483 1896 3548; baseline 0.003 -4"><span class='ocrx_word' id='word_1_525' title='bbox 1152 3491 1219 3544; x_wconf 89' lang='lat' dir='ltr'>tum</span> <span class='ocrx_word' id='word_1_526' title='bbox 1238 3483 1418 3546; x_wconf 88' lang='lat' dir='ltr'>huiusmodi</span> <span class='ocrx_word' id='word_1_527' title='bbox 1438 3499 1571 3546; x_wconf 91' lang='lat' dir='ltr'>numero</span> <span class='ocrx_word' id='word_1_528' title='bbox 1592 3494 1623 3547; x_wconf 92' lang='lat' dir='ltr'>et</span> <span class='ocrx_word' id='word_1_529' title='bbox 1644 3485 1798 3548; x_wconf 91' lang='lat' dir='ltr'>consortio</span> <span class='ocrx_word' id='word_1_530' title='bbox 1812 3484 1896 3546; x_wconf 90' lang='lat' dir='ltr'>favo-</span> 
     </span>
     <span class='ocr_line' id='line_1_91' title="bbox 1150 3576 1896 3659; baseline 0.003 -21"><span class='ocrx_word' id='word_1_531' title='bbox 1150 3576 1289 3638; x_wconf 90' lang='lat' dir='ltr'>rabiliter</span> <span class='ocrx_word' id='word_1_532' title='bbox 1318 3579 1515 3654; x_wconf 79' lang='lat' dir='ltr'>aggregandi,</span> <span class='ocrx_word' id='word_1_533' title='bbox 1539 3579 1664 3655; x_wconf 92' lang='grc'>3311113,</span> <span class='ocrx_word' id='word_1_534' title='bbox 1688 3586 1723 3642; x_wconf 93' lang='lat' dir='ltr'>ut</span> <span class='ocrx_word' id='word_1_535' title='bbox 1750 3587 1896 3659; x_wconf 87' lang='lat' dir='ltr'>torquem</span> 
     </span>
     <span class='ocr_line' id='line_1_92' title="bbox 1150 3671 1895 3750; baseline 0.003 -18"><span class='ocrx_word' id='word_1_536' title='bbox 1150 3685 1281 3733; x_wconf 87' lang='lat' dir='ltr'>aureum</span> <span class='ocrx_word' id='word_1_537' title='bbox 1302 3679 1332 3732; x_wconf 89' lang='lat' dir='ltr'>et</span> <span class='ocrx_word' id='word_1_538' title='bbox 1353 3679 1458 3733; x_wconf 88' lang='lat' dir='ltr'>aurata</span> <span class='ocrx_word' id='word_1_539' title='bbox 1473 3671 1595 3734; x_wconf 91' lang='lat' dir='ltr'>calcaria</span> <span class='ocrx_word' id='word_1_540' title='bbox 1612 3680 1742 3750; x_wconf 88' lang='lat' dir='ltr'>gestare,</span> <span class='ocrx_word' id='word_1_541' title='bbox 1758 3687 1895 3735; x_wconf 90' lang='grc'>333333</span> 
     </span>
     <span class='ocr_line' id='line_1_93' title="bbox 1150 3765 1895 3844; baseline 0.005 -19"><span class='ocrx_word' id='word_1_542' title='bbox 1150 3765 1295 3828; x_wconf 89' lang='lat' dir='ltr'>omnibus</span> <span class='ocrx_word' id='word_1_543' title='bbox 1309 3765 1491 3844; x_wconf 88' lang='lat' dir='ltr'>privilegiis,</span> <span class='ocrx_word' id='word_1_544' title='bbox 1507 3765 1648 3842; x_wconf 90' lang='lat' dir='ltr'>indultis,</span> <span class='ocrx_word' id='word_1_545' title='bbox 1664 3765 1829 3842; x_wconf 91' lang='lat' dir='ltr'>favoribus,</span> <span class='ocrx_word' id='word_1_546' title='bbox 1842 3767 1895 3829; x_wconf 91' lang='lat' dir='ltr'>bo-</span> 
     </span>
     <span class='ocr_line' id='line_1_94' title="bbox 1151 3859 1896 3940; baseline 0.001 -19"><span class='ocrx_word' id='word_1_547' title='bbox 1151 3859 1279 3921; x_wconf 91' lang='lat' dir='ltr'>noribus</span> <span class='ocrx_word' id='word_1_548' title='bbox 1301 3866 1331 3920; x_wconf 91' lang='lat' dir='ltr'>et</span> <span class='ocrx_word' id='word_1_549' title='bbox 1352 3860 1583 3936; x_wconf 69' lang='lat' dir='ltr'>praerogativis</span> <span class='ocrx_word' id='word_1_550' title='bbox 1606 3861 1717 3940; x_wconf 90' lang='lat' dir='ltr'>quibus</span> <span class='ocrx_word' id='word_1_551' title='bbox 1738 3861 1789 3923; x_wconf 92' lang='grc'>3111</span> <span class='ocrx_word' id='word_1_552' title='bbox 1810 3862 1896 3940; x_wconf 92' lang='lat' dir='ltr'>equi·</span> 
     </span>
     <span class='ocr_line' id='line_1_95' title="bbox 1150 3951 1953 4030; baseline 0.006 -15"><span class='ocrx_word' id='word_1_553' title='bbox 1150 3961 1196 4016; x_wconf 89' lang='lat' dir='ltr'>tes</span> <span class='ocrx_word' id='word_1_554' title='bbox 1216 3951 1394 4015; x_wconf 90' lang='lat' dir='ltr'>huiusmodi</span> <span class='ocrx_word' id='word_1_555' title='bbox 1416 3953 1454 4014; x_wconf 92' lang='lat' dir='ltr'>de</span> <span class='ocrx_word' id='word_1_556' title='bbox 1474 3955 1553 4030; x_wconf 91' lang='lat' dir='ltr'>iure,</span> <span class='ocrx_word' id='word_1_557' title='bbox 1576 3971 1646 4030; x_wconf 92' lang='lat' dir='ltr'>usu,</span> <span class='ocrx_word' id='word_1_558' title='bbox 1662 3956 1712 4016; x_wconf 89' lang='grc'>331</span> <span class='ocrx_word' id='word_1_559' title='bbox 1731 3965 1895 4020; x_wconf 88' lang='lat' dir='ltr'>consuetu·</span> <span class='ocrx_word' id='word_1_560' title='bbox 1949 3967 1953 3972; x_wconf 75' lang='grc'>’</span> 
     </span>
     <span class='ocr_line' id='line_1_96' title="bbox 1150 4047 1894 4130; baseline 0.005 -21"><span class='ocrx_word' id='word_1_561' title='bbox 1150 4048 1222 4110; x_wconf 93' lang='lat' dir='ltr'>dine</span> <span class='ocrx_word' id='word_1_562' title='bbox 1244 4048 1301 4124; x_wconf 93' lang='lat' dir='ltr'>uti,</span> <span class='ocrx_word' id='word_1_563' title='bbox 1324 4047 1418 4126; x_wconf 90' lang='lat' dir='ltr'>potiri</span> <span class='ocrx_word' id='word_1_564' title='bbox 1439 4057 1470 4108; x_wconf 90' lang='lat' dir='ltr'>ct</span> <span class='ocrx_word' id='word_1_565' title='bbox 1492 4049 1625 4125; x_wconf 88' lang='lat' dir='ltr'>gaudere</span> <span class='ocrx_word' id='word_1_566' title='bbox 1646 4049 1760 4126; x_wconf 89' lang='lat' dir='ltr'>solent,</span> <span class='ocrx_word' id='word_1_567' title='bbox 1783 4058 1814 4113; x_wconf 91' lang='grc'>33</span> <span class='ocrx_word' id='word_1_568' title='bbox 1828 4067 1894 4130; x_wconf 86' lang='grc'>333-</span> 
     </span>
     <span class='ocr_line' id='line_1_97' title="bbox 1149 4142 1893 4221; baseline 0.007 -19"><span class='ocrx_word' id='word_1_569' title='bbox 1149 4151 1235 4218; x_wconf 84' lang='grc'>3333,</span> <span class='ocrx_word' id='word_1_570' title='bbox 1249 4159 1282 4204; x_wconf 88' lang='grc'>33</span> <span class='ocrx_word' id='word_1_571' title='bbox 1296 4149 1444 4220; x_wconf 88' lang='grc'>33333333</span> <span class='ocrx_word' id='word_1_572' title='bbox 1458 4142 1491 4204; x_wconf 94' lang='grc'>13</span> <span class='ocrx_word' id='word_1_573' title='bbox 1506 4143 1660 4220; x_wconf 86' lang='lat' dir='ltr'>futurum,</span> <span class='ocrx_word' id='word_1_574' title='bbox 1676 4145 1820 4207; x_wconf 87' lang='lat' dir='ltr'>similiter</span> <span class='ocrx_word' id='word_1_575' title='bbox 1836 4147 1893 4221; x_wconf 93' lang='lat' dir='ltr'>uti,</span> 
     </span>
     <span class='ocr_line' id='line_1_98' title="bbox 1150 4235 1896 4319; baseline 0.008 -23"><span class='ocrx_word' id='word_1_576' title='bbox 1150 4235 1212 4298; x_wconf 91' lang='lat' dir='ltr'>frui</span> <span class='ocrx_word' id='word_1_577' title='bbox 1233 4243 1264 4296; x_wconf 87' lang='grc'>33</span> <span class='ocrx_word' id='word_1_578' title='bbox 1284 4235 1419 4312; x_wconf 88' lang='lat' dir='ltr'>gaudere</span> <span class='ocrx_word' id='word_1_579' title='bbox 1448 4238 1577 4316; x_wconf 92' lang='lat' dir='ltr'>possint,</span> <span class='ocrx_word' id='word_1_580' title='bbox 1600 4247 1630 4301; x_wconf 90' lang='lat' dir='ltr'>et</span> <span class='ocrx_word' id='word_1_581' title='bbox 1657 4239 1780 4303; x_wconf 89' lang='lat' dir='ltr'>valeant</span> <span class='ocrx_word' id='word_1_582' title='bbox 1807 4241 1896 4319; x_wconf 81' lang='lat' dir='ltr'>(citra</span> 
     </span>
     <span class='ocr_line' id='line_1_99' title="bbox 1150 4329 1895 4410; baseline 0.008 -18"><span class='ocrx_word' id='word_1_583' title='bbox 1150 4337 1179 4392; x_wconf 90' lang='lat' dir='ltr'>ta</span> <span class='ocrx_word' id='word_1_584' title='bbox 1234 4345 1253 4392; x_wconf 95' lang='grc'>3</span> <span class='ocrx_word' id='word_1_585' title='bbox 1276 4329 1445 4406; x_wconf 86' lang='lat' dir='ltr'>facultates,</span> <span class='ocrx_word' id='word_1_586' title='bbox 1462 4339 1493 4392; x_wconf 89' lang='lat' dir='ltr'>et</span> <span class='ocrx_word' id='word_1_587' title='bbox 1507 4333 1719 4410; x_wconf 83' lang='lat' dir='ltr'>exemptiones</span> <span class='ocrx_word' id='word_1_588' title='bbox 1734 4335 1771 4396; x_wconf 90' lang='lat' dir='ltr'>ab</span> <span class='ocrx_word' id='word_1_589' title='bbox 1785 4337 1895 4397; x_wconf 90' lang='lat' dir='ltr'>eodem</span> 
     </span>
     <span class='ocr_line' id='line_1_100' title="bbox 1151 4423 1894 4506; baseline 0.008 -20"><span class='ocrx_word' id='word_1_590' title='bbox 1151 4425 1192 4486; x_wconf 85' lang='lat' dir='ltr'>Co</span> <span class='ocrx_word' id='word_1_591' title='bbox 1218 4423 1287 4486; x_wconf 89' lang='lat' dir='ltr'>cilio</span> <span class='ocrx_word' id='word_1_592' title='bbox 1309 4423 1492 4486; x_wconf 89' lang='lat' dir='ltr'>Tridentino</span> <span class='ocrx_word' id='word_1_593' title='bbox 1512 4425 1657 4506; x_wconf 82' lang='lat' dir='ltr'>sublatas)</span> <span class='ocrx_word' id='word_1_594' title='bbox 1688 4427 1803 4506; x_wconf 87' lang='lat' dir='ltr'>pariter</span> <span class='ocrx_word' id='word_1_595' title='bbox 1823 4446 1894 4492; x_wconf 89' lang='lat' dir='ltr'>con-</span> 
     </span>
     <span class='ocr_line' id='line_1_101' title="bbox 1150 4517 1977 4602; baseline 0.008 -22"><span class='ocrx_word' id='word_1_596' title='bbox 1150 4517 1278 4580; x_wconf 89' lang='lat' dir='ltr'>cedendi</span> <span class='ocrx_word' id='word_1_597' title='bbox 1307 4524 1337 4579; x_wconf 93' lang='lat' dir='ltr'>et</span> <span class='ocrx_word' id='word_1_598' title='bbox 1364 4517 1564 4595; x_wconf 84' lang='lat' dir='ltr'>indulgendi;</span> <span class='ocrx_word' id='word_1_599' title='bbox 1598 4520 1794 4599; x_wconf 89' lang='lat' dir='ltr'>dispensandi</span> <span class='ocrx_word' id='word_1_600' title='bbox 1823 4540 1894 4586; x_wconf 90' lang='lat' dir='ltr'>cam</span> <span class='ocrx_word' id='word_1_601' title='bbox 1972 4591 1977 4602; x_wconf 61' lang='grc'>,</span> 
     </span>
     <span class='ocr_line' id='line_1_102' title="bbox 1150 4611 1895 4693; baseline 0.008 -21"><span class='ocrx_word' id='word_1_602' title='bbox 1150 4611 1267 4674; x_wconf 89' lang='lat' dir='ltr'>clericis</span> <span class='ocrx_word' id='word_1_603' title='bbox 1295 4618 1357 4672; x_wconf 89' lang='lat' dir='ltr'>tam</span> <span class='ocrx_word' id='word_1_604' title='bbox 1386 4611 1592 4675; x_wconf 88' lang='lat' dir='ltr'>saecularibus</span> <span class='ocrx_word' id='word_1_605' title='bbox 1622 4630 1715 4692; x_wconf 90' lang='lat' dir='ltr'>quam</span> <span class='ocrx_word' id='word_1_606' title='bbox 1746 4617 1895 4693; x_wconf 88' lang='lat' dir='ltr'>regulari-</span> 
     </span>
     <span class='ocr_line' id='line_1_103' title="bbox 1150 4703 1895 4786; baseline 0.011 -20"><span class='ocrx_word' id='word_1_607' title='bbox 1150 4703 1206 4766; x_wconf 90' lang='lat' dir='ltr'>bus</span> <span class='ocrx_word' id='word_1_608' title='bbox 1227 4719 1322 4782; x_wconf 90' lang='lat' dir='ltr'>super</span> <span class='ocrx_word' id='word_1_609' title='bbox 1343 4705 1490 4766; x_wconf 83' lang='lat' dir='ltr'>exercitio</span> <span class='ocrx_word' id='word_1_610' title='bbox 1511 4706 1584 4768; x_wconf 89' lang='lat' dir='ltr'>artis</span> <span class='ocrx_word' id='word_1_611' title='bbox 1605 4707 1786 4786; x_wconf 91' lang='lat' dir='ltr'>medicinae,</span> <span class='ocrx_word' id='word_1_612' title='bbox 1804 4711 1845 4772; x_wconf 92' lang='lat' dir='ltr'>ita</span> <span class='ocrx_word' id='word_1_613' title='bbox 1861 4719 1895 4774; x_wconf 93' lang='lat' dir='ltr'>ut</span> 
     </span>
     <span class='ocr_line' id='line_1_104' title="bbox 1150 4797 1894 4878; baseline 0.011 -20"><span class='ocrx_word' id='word_1_614' title='bbox 1150 4797 1223 4859; x_wconf 90' lang='lat' dir='ltr'>inde</span> <span class='ocrx_word' id='word_1_615' title='bbox 1243 4797 1453 4874; x_wconf 85' lang='lat' dir='ltr'>irregularitas</span> <span class='ocrx_word' id='word_1_616' title='bbox 1485 4815 1549 4862; x_wconf 90' lang='grc'>333</span> <span class='ocrx_word' id='word_1_617' title='bbox 1571 4804 1780 4878; x_wconf 90' lang='lat' dir='ltr'>contrabatur,</span> <span class='ocrx_word' id='word_1_618' title='bbox 1803 4806 1836 4865; x_wconf 93' lang='grc'>13</span> <span class='ocrx_word' id='word_1_619' title='bbox 1859 4807 1894 4866; x_wconf 87' lang='grc'>113</span> 
     </span>
     <span class='ocr_line' id='line_1_105' title="bbox 1149 4891 1894 4969; baseline 0.012 -17"><span class='ocrx_word' id='word_1_620' title='bbox 1149 4892 1330 4969; x_wconf 87' lang='lat' dir='ltr'>praesertim</span> <span class='ocrx_word' id='word_1_621' title='bbox 1351 4891 1435 4966; x_wconf 90' lang='lat' dir='ltr'>locis,</span> <span class='ocrx_word' id='word_1_622' title='bbox 1459 4893 1511 4954; x_wconf 92' lang='lat' dir='ltr'>ubi</span> <span class='ocrx_word' id='word_1_623' title='bbox 1533 4910 1596 4956; x_wconf 92' lang='lat' dir='ltr'>non</span> <span class='ocrx_word' id='word_1_624' title='bbox 1623 4896 1686 4956; x_wconf 91' lang='lat' dir='ltr'>sint</span> <span class='ocrx_word' id='word_1_625' title='bbox 1708 4897 1827 4960; x_wconf 90' lang='grc'>1313133</span> <span class='ocrx_word' id='word_1_626' title='bbox 1849 4915 1894 4961; x_wconf 86' lang='lat' dir='ltr'>ca-</span> 
     </span>
     <span class='ocr_line' id='line_1_106' title="bbox 1149 4985 1895 5060; baseline 0.013 -14"><span class='ocrx_word' id='word_1_627' title='bbox 1149 4985 1255 5047; x_wconf 88' lang='lat' dir='ltr'>tltolici</span> <span class='ocrx_word' id='word_1_628' title='bbox 1276 4985 1398 5060; x_wconf 88' lang='lat' dir='ltr'>medici,</span> <span class='ocrx_word' id='word_1_629' title='bbox 1420 4985 1588 5050; x_wconf 89' lang='lat' dir='ltr'>dummodo</span> <span class='ocrx_word' id='word_1_630' title='bbox 1609 4997 1714 5052; x_wconf 87' lang='lat' dir='ltr'>tamen</span> <span class='ocrx_word' id='word_1_631' title='bbox 1735 4993 1843 5055; x_wconf 89' lang='grc'>313313</span> <span class='ocrx_word' id='word_1_632' title='bbox 1860 5011 1895 5056; x_wconf 89' lang='lat' dir='ltr'>ea</span> 
     </span>
     <span class='ocr_line' id='line_1_107' title="bbox 1150 5079 1895 5158; baseline 0.015 -20"><span class='ocrx_word' id='word_1_633' title='bbox 1150 5085 1216 5140; x_wconf 92' lang='lat' dir='ltr'>arte</span> <span class='ocrx_word' id='word_1_634' title='bbox 1243 5079 1345 5158; x_wconf 90' lang='lat' dir='ltr'>periti,</span> <span class='ocrx_word' id='word_1_635' title='bbox 1374 5087 1405 5140; x_wconf 92' lang='grc'>33</span> <span class='ocrx_word' id='word_1_636' title='bbox 1425 5079 1501 5141; x_wconf 86' lang='lat' dir='ltr'>citra</span> <span class='ocrx_word' id='word_1_637' title='bbox 1530 5083 1743 5146; x_wconf 90' lang='lat' dir='ltr'>membrorum</span> <span class='ocrx_word' id='word_1_638' title='bbox 1775 5087 1895 5149; x_wconf 88' lang='lat' dir='ltr'>incisio-</span> 
     </span>
     <span class='ocr_line' id='line_1_108' title="bbox 1150 5171 1894 5253; baseline 0.015 -21"><span class='ocrx_word' id='word_1_639' title='bbox 1150 5187 1223 5234; x_wconf 87' lang='lat' dir='ltr'>nent</span> <span class='ocrx_word' id='word_1_640' title='bbox 1244 5178 1274 5233; x_wconf 92' lang='grc'>33</span> <span class='ocrx_word' id='word_1_641' title='bbox 1296 5171 1500 5249; x_wconf 90' lang='lat' dir='ltr'>adustionem,</span> <span class='ocrx_word' id='word_1_642' title='bbox 1523 5192 1557 5236; x_wconf 89' lang='lat' dir='ltr'>ac</span> <span class='ocrx_word' id='word_1_643' title='bbox 1577 5177 1671 5253; x_wconf 91' lang='lat' dir='ltr'>gratis</span> <span class='ocrx_word' id='word_1_644' title='bbox 1692 5185 1723 5239; x_wconf 91' lang='grc'>33</span> <span class='ocrx_word' id='word_1_645' title='bbox 1743 5179 1811 5242; x_wconf 90' lang='grc'>3133</span> <span class='ocrx_word' id='word_1_646' title='bbox 1832 5181 1894 5242; x_wconf 91' lang='grc'>3113</span> 
     </span>
     <span class='ocr_line' id='line_1_109' title="bbox 1150 5267 1896 5346; baseline 0.009 -19"><span class='ocrx_word' id='word_1_647' title='bbox 1150 5283 1275 5346; x_wconf 92' lang='lat' dir='ltr'>prorsus</span> <span class='ocrx_word' id='word_1_648' title='bbox 1297 5267 1438 5328; x_wconf 90' lang='lat' dir='ltr'>mercede</span> <span class='ocrx_word' id='word_1_649' title='bbox 1464 5274 1563 5329; x_wconf 89' lang='lat' dir='ltr'>artem</span> <span class='ocrx_word' id='word_1_650' title='bbox 1592 5269 1763 5334; x_wconf 90' lang='lat' dir='ltr'>medicinae</span> <span class='ocrx_word' id='word_1_651' title='bbox 1789 5273 1896 5336; x_wconf 60' lang='grc' dir='ltr'>133133ω</span> 
     </span>
     <span class='ocr_line' id='line_1_110' title="bbox 1150 5361 1896 5444; baseline 0.016 -24"><span class='ocrx_word' id='word_1_652' title='bbox 1150 5361 1233 5422; x_wconf 90' lang='lat' dir='ltr'>modi</span> <span class='ocrx_word' id='word_1_653' title='bbox 1254 5367 1432 5436; x_wconf 83' lang='lat' dir='ltr'>exerceant3</span> <span class='ocrx_word' id='word_1_654' title='bbox 1456 5362 1651 5440; x_wconf 87' lang='lat' dir='ltr'>dispensandi</span> <span class='ocrx_word' id='word_1_655' title='bbox 1667 5381 1759 5444; x_wconf 88' lang='lat' dir='ltr'>super</span> <span class='ocrx_word' id='word_1_656' title='bbox 1773 5366 1896 5432; x_wconf 90' lang='lat' dir='ltr'>defectu</span> 
     </span>
     <span class='ocr_line' id='line_1_111' title="bbox 1150 5454 1894 5538; baseline 0.013 -24"><span class='ocrx_word' id='word_1_657' title='bbox 1150 5454 1256 5516; x_wconf 88' lang='lat' dir='ltr'>aetatis</span> <span class='ocrx_word' id='word_1_658' title='bbox 1277 5454 1425 5517; x_wconf 89' lang='lat' dir='ltr'>tredecim</span> <span class='ocrx_word' id='word_1_659' title='bbox 1447 5457 1603 5518; x_wconf 90' lang='lat' dir='ltr'>mensium</span> <span class='ocrx_word' id='word_1_660' title='bbox 1624 5458 1663 5520; x_wconf 91' lang='lat' dir='ltr'>ob</span> <span class='ocrx_word' id='word_1_661' title='bbox 1680 5461 1894 5538; x_wconf 89' lang='lat' dir='ltr'>operariorum</span> 
     </span>
     <span class='ocr_line' id='line_1_112' title="bbox 1150 5546 1895 5630; baseline 0.016 -24"><span class='ocrx_word' id='word_1_662' title='bbox 1150 5546 1324 5624; x_wconf 90' lang='lat' dir='ltr'>penuriam,</span> <span class='ocrx_word' id='word_1_663' title='bbox 1348 5555 1382 5610; x_wconf 95' lang='lat' dir='ltr'>ut</span> <span class='ocrx_word' id='word_1_664' title='bbox 1403 5551 1579 5628; x_wconf 87' lang='lat' dir='ltr'>promoveri</span> <span class='ocrx_word' id='word_1_665' title='bbox 1600 5552 1719 5630; x_wconf 89' lang='lat' dir='ltr'>possint</span> <span class='ocrx_word' id='word_1_666' title='bbox 1740 5555 1776 5618; x_wconf 88' lang='lat' dir='ltr'>ad</span> <span class='ocrx_word' id='word_1_667' title='bbox 1797 5571 1895 5618; x_wconf 90' lang='lat' dir='ltr'>sacer·</span> 
     </span>
     <span class='ocr_line' id='line_1_113' title="bbox 1150 5640 1892 5726; baseline 0.009 -25"><span class='ocrx_word' id='word_1_668' title='bbox 1150 5641 1280 5716; x_wconf 89' lang='lat' dir='ltr'>dotium,</span> <span class='ocrx_word' id='word_1_669' title='bbox 1296 5641 1322 5701; x_wconf 94' lang='lat' dir='ltr'>si</span> <span class='ocrx_word' id='word_1_670' title='bbox 1344 5640 1415 5702; x_wconf 92' lang='lat' dir='ltr'>alias</span> <span class='ocrx_word' id='word_1_671' title='bbox 1431 5641 1533 5703; x_wconf 91' lang='lat' dir='ltr'>idonei</span> <span class='ocrx_word' id='word_1_672' title='bbox 1547 5643 1682 5722; x_wconf 81' lang='lat' dir='ltr'>fuerint3</span> <span class='ocrx_word' id='word_1_673' title='bbox 1698 5647 1892 5726; x_wconf 89' lang='lat' dir='ltr'>dispensandi</span> 
     </span>
     <span class='ocr_line' id='line_1_114' title="bbox 1150 5733 1895 5820; baseline 0.012 -26"><span class='ocrx_word' id='word_1_674' title='bbox 1150 5741 1181 5794; x_wconf 91' lang='lat' dir='ltr'>et</span> <span class='ocrx_word' id='word_1_675' title='bbox 1201 5733 1412 5796; x_wconf 91' lang='lat' dir='ltr'>commutandi</span> <span class='ocrx_word' id='word_1_676' title='bbox 1440 5743 1511 5796; x_wconf 90' lang='lat' dir='ltr'>vota</span> <span class='ocrx_word' id='word_1_677' title='bbox 1541 5736 1691 5816; x_wconf 90' lang='lat' dir='ltr'>simplicia</span> <span class='ocrx_word' id='word_1_678' title='bbox 1713 5740 1745 5801; x_wconf 94' lang='lat' dir='ltr'>in</span> <span class='ocrx_word' id='word_1_679' title='bbox 1767 5741 1824 5801; x_wconf 90' lang='lat' dir='ltr'>alia</span> <span class='ocrx_word' id='word_1_680' title='bbox 1846 5743 1895 5820; x_wconf 91' lang='grc'>313</span> 
     </span>
     <span class='ocr_line' id='line_1_115' title="bbox 1150 5826 1892 5906; baseline 0.011 -18"><span class='ocrx_word' id='word_1_681' title='bbox 1150 5843 1252 5905; x_wconf 88' lang='grc'>33333,</span> <span class='ocrx_word' id='word_1_682' title='bbox 1275 5835 1306 5888; x_wconf 91' lang='grc'>33</span> <span class='ocrx_word' id='word_1_683' title='bbox 1326 5826 1522 5906; x_wconf 90' lang='lat' dir='ltr'>dispensandi</span> <span class='ocrx_word' id='word_1_684' title='bbox 1542 5845 1580 5890; x_wconf 86' lang='grc'>33</span> <span class='ocrx_word' id='word_1_685' title='bbox 1601 5832 1774 5894; x_wconf 88' lang='lat' dir='ltr'>rationabili</span> <span class='ocrx_word' id='word_1_686' title='bbox 1804 5850 1892 5896; x_wconf 89' lang='lat' dir='ltr'>causa</span> 
     </span>
    </p>
   </div>
   <div class='ocr_carea' id='block_1_5' title="bbox 1150 5921 1893 6128">
    <p class='ocr_par' dir='ltr' id='par_1_5' title="bbox 1150 5921 1893 6128">
     <span class='ocr_line' id='line_1_116' title="bbox 1150 5921 1893 6008; baseline 0.009 -25"><span class='ocrx_word' id='word_1_687' title='bbox 1150 5921 1182 5985; x_wconf 93' lang='grc'>13</span> <span class='ocrx_word' id='word_1_688' title='bbox 1204 5923 1286 5985; x_wconf 87' lang='grc'>33313</span> <span class='ocrx_word' id='word_1_689' title='bbox 1308 5922 1498 6003; x_wconf 87' lang='lat' dir='ltr'>simplicibus</span> <span class='ocrx_word' id='word_1_690' title='bbox 1513 5925 1656 5989; x_wconf 86' lang='lat' dir='ltr'>castitatis</span> <span class='ocrx_word' id='word_1_691' title='bbox 1670 5933 1701 5988; x_wconf 87' lang='grc'>33</span> <span class='ocrx_word' id='word_1_692' title='bbox 1717 5928 1893 6008; x_wconf 86' lang='lat' dir='ltr'>religionis;</span> 
     </span>
     <span class='ocr_line' id='line_1_117' title="bbox 1763 6074 1789 6128; baseline 0 0"><span class='ocrx_word' id='word_1_693' title='bbox 1763 6074 1789 6128; x_wconf 78' lang='lat' dir='ltr'>ta</span> 
     </span>
    </p>
   </div>
   <div class='ocr_carea' id='block_1_6' title="bbox 0 0 2444 6981">
    <p class='ocr_par' dir='ltr' id='par_1_6' title="bbox 0 0 2444 6981">
     <span class='ocr_line' id='line_1_118' title="bbox 0 0 2444 6981; baseline 0 0"><span class='ocrx_word' id='word_1_694' title='bbox 0 0 2444 6981; x_wconf 95' lang='lat' dir='ltr'> </span> 
     </span>
    </p>
   </div>
   <div class='ocr_carea' id='block_1_7' title="bbox 1819 535 2114 603">
    <p class='ocr_par' dir='ltr' id='par_1_7' title="bbox 1819 535 2114 603">
     <span class='ocr_line' id='line_1_119' title="bbox 1819 535 2114 603; baseline 0.01 -12"><span class='ocrx_word' id='word_1_695' title='bbox 1819 535 1877 603; x_wconf 73' lang='lat'>329</span> <span class='ocrx_word' id='word_1_696' title='bbox 1928 537 1981 594; x_wconf 79' lang='lat' dir='ltr'>Au.</span> <span class='ocrx_word' id='word_1_697' title='bbox 1995 541 2025 595; x_wconf 82' lang='grc'>0.</span> <span class='ocrx_word' id='word_1_698' title='bbox 2047 536 2114 594; x_wconf 76' lang='lat'>1719</span> 
     </span>
    </p>
   </div>
  </div>
 </body>
</html>
