4878 6982
339 561 396 625 113.
411 564 441 624 O.
462 561 529 625 1703

578 559 637 630 alo

561 700 661 766 tennii
676 711 730 782 per
742 691 957 762 innocentium
969 691 1234 774 praedecessorem
1246 704 1299 752 ne·

561 788 1114 873 113311333131333113331331331133,
1138 785 1248 864 quibus
1270 792 1300 845 et

560 889 683 952 residuo
705 885 862 964 temporis,
883 890 917 944 ut
939 881 1123 962 praelector,
1145 879 1299 959 prorogati

561 980 753 1054 durantibus,
763 978 819 1056 ipsi
830 976 970 1040 moderni
982 983 1013 1037 31
1025 992 1079 1054 pro
1089 982 1227 1053 tempore
1238 973 1301 1034 exi·

560 1081 675 1136 etentes
690 1072 830 1151 Episcopi
847 1069 960 1133 Vicacii
978 1069 1141 1147 apostolici
1163 1069 1194 1130 in
1211 1066 1300 1145 parti·

560 1168 617 1229 bus
627 1165 787 1244 praedietis
798 1165 835 1228 ab
846 1165 899 1226 bac
908 1161 938 1226 S.
950 1162 1026 1226 Sede
1037 1162 1173 1239 deputati
1185 1159 1301 1221 eisdem

560 1254 1301 1334 133311311113331131113333333113331333311333

561 1354 668 1430 vigore
683 1352 863 1416 facultatum
882 1348 1057 1413 huiusmodi
1076 1347 1300 1426 promoverint,

562 1449 654 1510 etiam
679 1446 889 1509 recitationem
911 1443 1001 1505 officii
1023 1441 1132 1515 divini,
1155 1441 1302 1500 horarum

561 1541 704 1603 videlicet
724 1539 952 1612 canonicarum,
975 1536 1008 1598 in
1029 1535 1102 1596 alias
1123 1549 1226 1613 preces
1247 1547 1302 1609 per

458 1631 461 1636 ’
562 1651 614 1696 333
628 1634 735 1696 diebus
748 1632 879 1709 singulis
894 1630 1062 1693 recitandas
1077 1628 1213 1706 ipsorum
1225 1626 1304 1688 arbi-

353 2677 491 2726 contrariis
505 2675 546 2723 de·

334 2737 415 2790 regat.

378 3144 452 3192 Fides
472 3147 547 3188 tran-

335 3201 502 3258 sumptorum.

375 5413 517 5462 Exordium.

562 1727 622 1789 trio
633 1727 813 1788 auctoritate
824 1725 926 1787 nostra
937 1722 1097 1802 apostolica
1112 1727 1302 1783 commutare

563 1820 658 1882 libere
678 1819 793 1898 pariter
813 1826 845 1880 31
866 1818 948 1880 113113
972 1816 1088 1894 possint
1109 1825 1138 1876 et
1159 1813 1301 1888 valeant3

562 1912 681 1975 servata
711 1919 816 1972 tamen
837 1918 869 1972 et
895 1910 976 1970 salvai
998 1909 1029 1970 in
1051 1907 1178 1986 reliquis
1205 1921 1302 1968 rema-

562 2013 658 2068 nente
672 2006 850 2068 earumdem
866 2003 1042 2076 Alexandri,
1059 2001 1221 2078 utriusque
1237 1999 1303 2062 Cle·

563 2100 688 2172 mentis,
710 2115 743 2160 33
764 2096 937 2160 1333333111
959 2096 1226 2175 praedeeessorum
1242 2092 1304 2154 ier-

562 2195 611 2256 ma
632 2199 663 2254 31
683 2191 891 2269 dispositione,
911 2187 1091 2250 auctoritate
1111 2187 1244 2266 praelata
1260 2195 1304 2249 te-

564 2301 640 2348 nere
656 2283 865 2362 praesentium
886 2297 1088 2360 prorogamus
1108 2279 1252 2343 similiter
1270 2297 1302 2342 ae

563 2377 759 2441 extendimus
789 2385 820 2438 31
850 2375 1047 2455 ampliamus:
1081 2373 1164 2436 salva
1200 2381 1303 2436 tamen

563 2486 684 2550 semper
705 2471 737 2533 iu
762 2469 933 2548 praemissis
960 2467 1140 2532 auctoritate
1167 2467 1304 2544 Congre-

564 2562 695 2642 gationis
717 2562 898 2624 eorumdem
923 2558 1142 2630 Cardinalium.

604 2659 623 2732 5
643 2658 671 2717 5.
696 2656 765 2718 Non
783 2654 974 2716 obstantibus
987 2651 1258 2716 constitutionibus
1273 2657 1304 2712 31

564 2749 807 2816 ordinationibus
818 2746 989 2826 apostolicis
1000 2761 1032 2807 ac
1043 2745 1187 2806 omnibus
1198 2753 1229 2805 et
1242 2745 1305 2805 sin-

565 2844 647 2923 gulis
662 2841 733 2917 illis,
750 2841 871 2920 quaein
883 2839 1024 2918 praelatis
1039 2838 1150 2900 litteris
1165 2853 1305 2900 concessa

565 2945 638 3000 sunt
651 2953 715 2999 non
730 2936 861 3011 obstare,
878 2932 1048 3010 ceterisque
1063 2931 1222 2995 contrariis
1237 2931 1304 3010 qui-

566 3033 767 3109 boscumque.

606 3125 625 3200 5
645 3125 674 3188 O.
694 3122 846 3186 Volumus
860 3130 964 3183 autern
979 3127 1012 3181 31
1026 3119 1206 3180 earumdem
1220 3131 1305 3196 prae-

565 3221 701 3283 sentium
716 3218 891 3280 litterarum
906 3215 1117 3291 transumptis,
1133 3227 1187 3272 seu
1202 3226 1307 3272 311331-

565 3315 634 3395 plis,
657 3312 750 3374 etiam
771 3309 937 3388 impressis,
956 3322 1052 3369 manu
1072 3304 1199 3367 alicuius
1220 3311 1306 3366 nota-

565 3408 604 3470 rii
623 3406 740 3486 publici
769 3402 957 3480 subscriptis,
980 3407 1010 3462 31
1031 3398 1132 3476 sigillo
1159 3413 1306 3476 personae

565 3501 599 3564 in
620 3498 819 3564 ecclesiastiea
840 3495 990 3573 dignitate
1004 3493 1190 3556 constitutae
1204 3491 1306 3553 muni·

566 3595 616 3668 tis,
629 3594 734 3656 eadem
750 3607 873 3670 prorsus
887 3589 959 3650 111133
973 3595 1034 3648 1331
1045 3584 1198 3648 iniudicio
1213 3601 1305 3663 quam

566 3697 652 3752 311113
666 3687 743 3749 illud
767 3684 924 3758 habeatur,
944 3696 1020 3761 quae
1041 3680 1217 3754 baberetur,
1234 3677 1305 3758 ipsis

565 3779 788 3859 praesentibus,
800 3777 825 3840 si
845 3775 1000 3838 exhibitae
1020 3774 1122 3836 131331
1139 3772 1189 3834 vel
1203 3779 1305 3834 osten·

565 3889 625 3936 sae.
1247 3905 1249 3908 .

606 3969 717 4031 Datum
738 3963 863 4039 Romae,
885 3960 963 4042 apud
980 3959 1012 4025 S.
1028 3961 1154 4022 Petrum
1174 3958 1232 4020 sub
1252 3973 1304 4019 an-

566 4063 642 4125 3313
660 4058 830 4134 Piscatoris,
846 4057 894 4120 die
910 4072 944 4117 11.
962 4054 1131 4117 decembris
1153 4069 1303 4128 11333113,

565 4156 760 4238 pontificatus
781 4152 880 4215 nostri
901 4165 982 4212 anno
1004 4165 1052 4210 nr.

818 4353 1055 4366 ........--—---

905 4535 970 4598 xli.

568 4725 717 4796 Concedit
735 4723 905 4806 privilegio
926 4721 1217 4800 capraeiacietirero
1232 4718 1305 4780 ntis·

604 4823 759 4888 3131131113
792 4821 827 4882 io
851 4817 1017 4893 AEtbr'opa'e
1048 4813 1179 4878 Ordinis
1205 4811 1305 4875 Mino·
1332 4820 1334 4837 ¹

605 4934 678 4981 rom
694 4917 729 4979 de
748 4905 1302 4990 0113313331ῐά11313113313131311).

769 5079 952 5152 tremens
975 5079 1034 5148 ΡΡ.
1059 5076 1104 5146 tlt.
1332 5012 1335 5097 ⁴

690 5211 726 5279 ad
749 5213 919 5294 perpetuam
942 5205 984 5272 cei
1008 5199 1184 5270 memoriam.

605 5392 740 5456 iustitiae
763 5396 793 5452 31
817 5385 978 5464 aequitatis
999 5383 1075 5445 ratic
1103 5379 1247 5460 postulat,
1271 5386 1305 5440 ut

566 5487 708 5566 operarii,
733 5485 763 5545 in
786 5477 1010 5544 vineallomini
1031 5483 1157 5538 strenue
1173 5473 1304 5534 utiliter·
1330 5518 1332 5540 ,

1075 561 1139 620 133.
1163 557 1254 618 bons.
1278 559 1318 616 33
1339 553 1367 614 b.
1392 553 1420 616 1.
1446 553 1569 614 113331.

1355 685 1438 844 modi
1465 685 1584 751 labores
1612 681 1752 750 alacriter
1777 677 1953 752 subeundos
1984 680 2094 748 stimu-

1367 791 1471 845 entur.

1395 877 1413 951 ἓ
1438 877 1463 938 1.
1490 877 1567 940 Cum
1589 877 1703 957 itaque,
1725 878 1804 941 sieut
1831 876 2014 956 accepimus,
2037 876 2095 938 113-
2115 938 2140 985 sn
2154 883 2276 984 ‘issssffffan
2301 883 2335 928 uc

1358 977 1419 1034 tres
1450 972 1634 1034 missionarii
1661 971 1782 1036 Ordinis
1808 973 1964 1034 llinerum
1992 971 2097 1034 Sancti

1357 1063 1508 1128 Francisci
1546 1066 1583 1127 de
1614 1064 1813 1128 Obseruantia
1847 1064 2096 1127 Reformatorum

1357 1167 1606 1238 nuncupatorum
1627 1160 1660 1220 in
1681 1159 1867 1238 AEtbiopiam
1882 1175 1935 1238 pro
1956 1165 2097 1238 tempore

1357 1253 1504 1330 deputati,
1521 1253 1587 1315 sive
1599 1252 1675 1316 illuc
1689 1269 1727 1314 311
1742 1254 1862 1332 Europa
1883 1269 1916 1314 se
1936 1253 2098 1315 conferen-

1357 1345 1407 1418 do,
1430 1355 1555 1424 propter
1575 1347 1723 1408 itinerum
1739 1364 1792 1425 per
1813 1362 1916 1426 aspera
1933 1353 1964 1408 31
1978 1348 2096 1408 deserta

1360 1438 1422 1500 loca
1444 1445 1627 1518 montesque
1648 1441 1839 1516 agendorum
1859 1439 2052 1502 difficultates
2066 1447 2098 1501 ct

1358 1533 1502 1611 pericula,
1518 1533 1584 1596 sive
1599 1533 1639 1594 ibi
1655 1535 1885 1608 commorando,
1901 1541 2025 1612 propter
2040 1534 2098 1594 im-

1358 1627 1492 1689 modicos
1503 1627 1626 1688 illarum
1639 1628 1801 1704 regionum
1816 1627 1929 1689 calores
1940 1633 1970 1688 et
1984 1627 2096 1688 diversi

1357 1720 1489 1782 climatis
1503 1721 1705 1800 ciborumque
1720 1721 1922 1784 insalubrium
1937 1719 2098 1799 qualitates

1358 1830 1468 1878 eorum
1490 1822 1617 1878 naturae
1637 1816 1821 1890 contrarias,
1844 1816 1995 1878 maximos
2017 1814 2097 1876 labe-

1358 1924 1407 1970 res
1421 1909 1610 1985 sustineant3
1627 1925 1688 1987 quo
1702 1925 1776 1971 vero
1792 1925 1899 1971 eorum
1912 1908 2007 1970 animi
2023 1925 2099 1987 pon·

1357 2001 1423 2064 deri
1445 2018 1507 2064 non
1528 2001 1745 2078 succumbant,
1768 2013 1799 2066 31
1821 2003 1851 2065 13
1874 2003 2022 2082 susceptis
2042 2018 2097 2080 pro

1358 2094 1524 2157 catholicae
1558 2094 1628 2156 fidei
1663 2096 1905 2175 christianaeque
1940 2095 2098 2172 religionis

1358 2188 1576 2266 propagatione
1602 2188 1756 2252 laboribus
1782 2189 1960 2254 huiusmodi
1987 2189 2098 2252 confir·

1359 2291 1496 2356 mentur,
1519 2290 1550 2344 31
1572 2283 1695 2345 defessis
1716 2300 1770 2346 seu
1792 2285 1966 2346 mercedem
1987 2283 2099 2344 emeri-

1358 2375 1396 2438 tis
1418 2377 1491 2438 nevi
1512 2391 1633 2462 semper
1647 2385 1678 2440 31
1698 2378 1810 2440 alacres
1830 2379 2012 2456 strenuique
2027 2394 2097 2456 epe-

1359 2470 1431 2530 rarii
1462 2471 1640 2544 succedant,
1668 2485 1722 2548 spe
1752 2469 1881 2532 alieuius
1911 2469 2037 2530 lionoris
2067 2475 2099 2530 et

1297 2572 1300 2579 ’
1359 2563 1485 2642 praemii
1506 2563 1687 2626 sublevandi
1702 2570 1732 2625 31
1753 2561 1905 2625 excitandi
1925 2563 2002 2624 sint:
2026 2563 2098 2624 11133

1359 2663 1404 2720 331
1426 2659 1506 2735 quod
1528 2673 1595 2731 nos,
1611 2673 1649 2718 311
1663 2657 1843 2718 commissae
1864 2656 1952 2718 nobis
1973 2657 2099 2718 caelitus

1359 2749 1592 2829 dispensationis
1622 2765 1770 2824 munere,
1793 2750 1921 2811 illorum
1951 2750 2098 2811 bonorib-

1359 2843 1477 2905 centiae
1508 2844 1668 2906 consulere
1696 2843 1851 2917 volentes,
1874 2843 1911 2904 de
1932 2841 2098 2904 nonnullo-

1360 2936 1462 2998 lorum
1490 2953 1529 2998 ex
1554 2936 1781 3000 venerabilibus
1812 2935 1958 2999 tratribus
1986 2937 2098 2999 nestris

1360 3029 1391 3092 S.
1405 3030 1439 3092 lt.
1455 3031 1489 3092 11.
1508 3030 1719 3094 cardinalibus
1735 3030 1990 3106 congregationis
2005 3045 2100 3106 nege-

1360 3123 1410 3184 tiis
1421 3125 1631 3201 Propagandae
1648 3123 1729 3185 uidet
1744 3123 1933 3202 praepositae
1946 3139 2038 3202 super
2052 3139 2100 3184 re-

1360 3217 1416 3280 bus
1432 3215 2014 3296 1311333133333313111311133313131313
2029 3233 2099 3279 con·

1358 3311 1439 3386 silio,
1461 3328 1495 3372 ac
1516 3319 1604 3373 motu
1625 3311 1762 3389 proprio,
1786 3317 1817 3374 et
1839 3326 1877 3372 33
1901 3311 1983 3372 certi
2003 3311 2100 3372 scieu-

1359 3407 1401 3470 1131
1422 3415 1453 3469 31
1473 3405 1593 3467 matura
1614 3404 1834 3468 deliberatione
1855 3404 1978 3477 nostris,
2000 3402 2101 3482 deque

1360 3499 1539 3579 apostolieae
1559 3498 1717 3576 potestatis
1732 3496 1925 3576 plenitudine
1939 3497 2026 3560 dictis
2041 3496 2101 3558 ira·

1360 3593 1459 3656 tribus
1479 3591 1689 3665 missionariis,
1712 3599 1757 3663 ut,
1780 3597 1848 3668 post
1868 3589 2031 3652 servitium
2045 3606 2100 3652 seu

1360 3685 1571 3748 ministerium
1582 3684 1615 3746 in
1628 3682 1951 3762 missioneAEtbiopiae
1959 3699 2014 3760 per
2025 3682 2099 3744 duo-

1359 3779 1459 3842 decim
1471 3795 1570 3842 annos
1591 3777 1688 3841 dictae
1703 3775 1941 3853 congregationi
1956 3776 2100 3839 Cardine·

1360 3875 1437 3937 lium
1458 3879 1692 3953 perseveranter
1712 3877 1743 3932 et
1761 3868 1953 3932 laudabiliter
1974 3869 2099 3948 praesti·

1360 3975 1439 4043 tum,
1461 3967 1486 4028 si
1501 3967 1620 4028 adsuas
1642 3964 1778 4042 proprias
1799 3962 1873 4025 dicti
1895 3963 2016 4026 Ordinis
2031 3980 2099 4042 pro-

1359 4061 1474 4126 vincias
1495 4059 1596 4122 redire
1616 4057 1785 4131 voluerint,
1801 4057 1931 4131 reversi,
1953 4055 2099 4120 omnibns

1361 4166 1392 4219 et
1411 4153 1542 4232 singulis
1563 4152 1745 4232 privilegiis,
1761 4149 1990 4230 praerogativis,
2013 4166 2100 4228 prae-

1361 4248 1539 4314 eminentiis
1560 4253 1590 4309 et
1611 4245 1842 4325 praecedentiis,
1859 4244 1970 4322 quibus
1991 4242 2100 4306 iratres

1360 4343 1433 4406 dicti
1452 4340 1584 4414 Ordinis,
1600 4339 1652 4416 qui
1668 4337 1804 4400 ministri
1819 4335 2020 4415 provinciales
2035 4335 2100 4398 iue-

1361 4444 1453 4512 runt,
1476 4441 1539 4497 1313
1560 4434 1598 4496 de
1619 4432 1701 4506 iure,
1725 4447 1783 4492 usu
1805 4437 1835 4492 31
1856 4429 2098 4504 consuetudine,

1360 4547 1453 4610 quam
1473 4529 1545 4592 ali'as
1566 4525 1796 4606 quomodolibet
1823 4531 1968 4597 utuntur,
1990 4521 2100 4584 11333-

1362 4633 1413 4687 tur
1442 4631 1473 4686 et
1493 4622 1642 4700 gaudent,
1664 4635 1700 4682 ac
1727 4617 1790 4692 uti,
1821 4615 1883 4679 lrui
1905 4625 1936 4678 et
1967 4617 2100 4693 gaudere

1332 4693 1335 4812 Ι
1361 4725 1489 4798 possunt
1510 4725 1541 4780 et
1562 4723 1708 4796 poterunt
1730 4713 1762 4774 in
1784 4711 1940 4785 loturum,
1956 4710 2020 4788 pari
2034 4727 2100 4772 mo·

1362 4815 1399 4874 113
1421 4821 1452 4874 31
1473 4812 1585 4888 absque
1606 4807 1668 4870 ulla
1696 4822 1819 4886 prorsus
1841 4803 2013 4866 111113133ῑί31
2034 4804 2098 4878 311,

1362 4905 1422 4969 1131
1445 4913 1475 4966 31
1496 4905 1629 4980 gaudere
1654 4900 1750 4963 libere
1771 4905 1801 4960 et
1822 4897 1904 4960 licite
1931 4896 2048 4975 possint
2070 4907 2100 4960 et

1361 4999 1493 5071 valeant,
1517 4997 1548 5058 in
1570 4995 1715 5058 omnibus
1730 5000 1762 5054 et
1775 5007 1831 5070 per
1844 4989 1959 5064 331313,
1972 4991 2100 5068 perinde

1360 5111 1393 5155 33
1407 5093 1432 5154 31
1447 5089 1682 5170 provincialatus
1707 5101 1837 5150 munere
1858 5083 2012 5162 periuucti
2026 5084 2099 5146 iuis·

1360 5192 1440 5260 sent,
1456 5185 1543 5246 itaut
1558 5185 1640 5246 inter
1661 5181 1739 5260 ipsos
1761 5178 1868 5240 iratres
1890 5177 2099 5239 missionarios

1361 5297 1393 5342 ac
1419 5277 1660 5356 euprevinciales
1685 5283 1827 5336 servetur
1854 5271 2036 5349 aequalitas,
2069 5280 2100 5334 31

1360 5375 1457 5452 quoad
1478 5373 1619 5436 ordinem
1634 5369 1863 5449 praecedentiae
1880 5367 1942 5429 sula
1958 5366 2099 5446 prioritas

1358 5469 1424 5530 sive
1435 5467 1595 5530 antianitas
1608 5463 1798 5543 paternitatis
1809 5461 1996 5535 attendatur,
2012 5467 2099 5522 teno-

564 5597 626 5659 que
646 5579 828 5650 laborantes,
850 5572 992 5652 praemiis
1013 5578 1043 5631 31
1064 5567 1233 5629 bonoribus
1253 5566 1303 5627 de·
1359 5578 1391 5623 re
1406 5560 1614 5639 praesentium
1630 5558 1825 5621 concedimus
1839 5563 1870 5618 et
1887 5553 2096 5630 indulgemus.

565 5680 727 5745 curentur,
750 5669 861 5748 quibus
881 5672 912 5728 et
934 5664 990 5744 ipsi
1012 5664 1046 5726 ad
1074 5669 1249 5723 constanter
1272 5659 1302 5720 in
1397 5656 1465 5732 §2-
1489 5655 1706 5727 Decerneutes,
1723 5649 1843 5713 easdem
1863 5653 2037 5727 praesentes
2051 5646 2100 5708 iit·
2144 5654 2286 5704 clausurae.

565 5767 628 5828 suis
642 5764 794 5826 laboribus
809 5759 1046 5840 persistendum,
1063 5753 1158 5817 etalii
1173 5754 1208 5815 ad
1223 5753 1304 5814 eius·
1358 5757 1437 5812 teras
1450 5763 1574 5826 semper
1589 5747 1703 5821 1111333,
1716 5744 1829 5806 validas
1841 5748 1873 5804 et
1887 5741 2023 5804 efficaces
2037 5739 2101 5803 exi·

607 5977 636 6036 (l)
652 5979 688 6022 Ex
701 5976 803 6032 Regest.
820 5973 935 6019 13111311.
951 5971 1022 6018 Bret.

2125 539 2224 603 333.
2245 533 2324 601 reos
