4866 6980
331 569 384 624 an.
399 573 428 626 c.
451 573 519 626 toea
569 575 608 638 se

549 714 689 776 cundum
710 712 781 776 dicti
803 713 928 791 capituli
945 713 1116 786 decretum,
1133 725 1194 789 quo
1209 725 1294 789 prae·

549 805 719 884 cipiebatur
730 805 845 868 dictam
859 805 1076 868 alternativam
1091 804 1222 866 omnino
1235 811 1296 865 sta-

549 898 648 974 biliri3
671 915 704 960 ac
725 899 896 961 successive
910 899 1004 961 iidem
1026 897 1167 960 custodes
1181 905 1212 960 61
1227 914 1298 976 pro·

549 991 684 1053 ministri
707 1007 770 1053 non
801 991 903 1053 solum
930 991 986 1054 sub
1012 992 1061 1054 die
1087 1009 1130 1052 vr.
1154 992 1295 1054 eiusdem

549 1085 665 1147 nemis
686 1085 892 1148 obtinuerunt
912 1102 927 1145 a
949 1087 1031 1146 sacri
1047 1085 1295 1162 congregatione

549 1193 642 1256 super
674 1177 836 1257 lipiscopos
868 1186 898 1239 61
916 1177 1097 1254 'Regulares
1128 1179 1296 1258 praeposita

550 1269 676 1351 praelati
697 1271 822 1349 capituli
843 1271 998 1348 generalis
1017 1271 1132 1333 decreti
1152 1272 1297 1351 approba-

550 1365 669 1427 tionem
684 1374 714 1426 et
729 1365 999 1428 confirmationem
1019 1382 1092 1429 cum
1106 1366 1298 1429 executionis

550 1461 710 1534 mandato,
740 1460 792 1520 scd
820 1459 912 1520 etiam
941 1476 997 1538 pro
1025 1460 1132 1522 maiori
1164 1461 1296 1522 sancitae

550 1551 628 1628 legis
649 1553 796 1614 firmitate
816 1569 831 1612 a
854 1553 908 1616 SS.
932 1554 965 1614 b.
989 1552 1026 1615 N.
1046 1553 1224 1626 ,Alexandro
1245 1554 1298 1614 Pa·

550 1661 587 1724 pa
611 1645 676 1707 Ι1111.
711 1646 874 1724 apostolica
905 1647 1087 1709 auctoritate
1117 1647 1235 1709 muniri
1264 1664 1297 1710 ac

551 1737 687 1800 roborari
708 1737 962 1818 supplicaverunt
977 1747 1008 1802 et
1022 1739 1228 1802 obtinuerunt
1243 1757 1297 1819 per

550 1832 650 1893 Breve
671 1831 777 1894 datum
799 1833 848 1896 die
869 1849 922 1894 xx.
946 1834 1085 1896 eiusdem
1108 1835 1224 1895 mensis
1252 1835 1298 1895 iu·

551 1925 595 1985 nii
607 1939 756 1986 uoccxrv.
772 1924 890 1988 Verum
905 1927 986 1988 dicto
1001 1927 1136 2003 decreto,
1148 1927 1211 1989 una
1226 1943 1297 1988 cum

550 2017 692 2094 praelatis
707 2020 1006 2096 confirmationibus,
1019 2037 1141 2082 necnon
1154 2020 1298 2082 schedula

550 2109 719 2172 maiestatis
734 2112 817 2188 regis
831 2115 928 2175 nostri
945 2113 1086 2174 catholici
1102 2114 1135 2174 in
1151 2113 1298 2175 Limanae

551 2205 727 2281 provinciae
748 2205 926 2268 delinitorio
947 2206 1105 2280 exhibitis,
1122 2223 1230 2284 parere
1251 2222 1297 2268 re·

551 2296 722 2358 nuentibus
749 2297 902 2374 religiosis
930 2297 1068 2374 Griollis,
1102 2298 1216 2360 iterum
1239 2298 1298 2361 luit

551 2388 673 2450 babitus
705 2405 848 2452 recursus
878 2391 914 2452 ad
946 2392 1117 2470 capitulum
1152 2391 1297 2468 generale

550 2497 633 2543 anno
660 2499 801 2544 uuccxx.
832 2483 1000 2546 vallisoleti
1028 2484 1236 2558 celebratum,
1264 2485 1297 2547 in

549 2589 611 2652 quo
632 2575 748 2636 iterum
770 2577 907 2655 partibus
935 2578 1058 2652 auditis,
1085 2579 1298 2656 perpensaque

550 2668 646 2730 dictae
668 2669 869 2732 alternativae
891 2672 1086 2747 necessitate,
1108 2673 1206 2751 ipsam
1227 2688 1297 2734 con·

551 2761 688 2825 firmavit
709 2779 791 2825 novo
812 2766 947 2839 decreto,
970 2766 1058 2828 cuius
1080 2766 1297 2828 executionem

550 2865 581 2916 61
601 2857 829 2919 observantiam
845 2859 1108 2921 reverendissimo
1123 2860 1201 2938 patri
1216 2875 1299 2920 com-

550 2947 691 3008 missario
714 2949 851 3024 generali
872 2950 1029 3012 indiarum
1045 2952 1077 3012 in
1092 2950 1175 3012 curii
1196 2950 1299 3012 catlro-

552 3040 626 3102 licae
647 3041 813 3104 maiestatis
839 3045 987 3105 residenti
1010 3045 1090 3106 serio
1117 3043 1294 3106 inculcavit.

552 3137 631 3198 Cum
658 3143 764 3198 autem
790 3137 897 3199 Griolli
925 3139 1023 3200 dictae
1050 3139 1227 3216 provinciae
1249 3137 1297 3198 Li-

552 3245 672 3304 manae,
685 3230 798 3307 quibus
813 3237 887 3293 tunc
902 3231 1039 3308 primurn
1055 3221 1190 3296 adhaesit
1205 3235 1298 3296 Citar-

552 3339 657 3384 carum
687 3323 857 3402 provincia,
886 3326 1002 3387 iterum
1030 3329 1245 3406 opposuissem
1266 3347 1298 3392 se

551 3419 699 3478 bactenus
730 3425 902 3496 opportune
938 3437 1001 3482 non
1029 3421 1165 3498 potuisse
1191 3431 1297 3485 contra

550 3510 723 3589 praelatum
745 3514 905 3575 decretum
927 3515 1067 3577 rationes
1087 3531 1143 3594 pro
1163 3516 1235 3594 ipsis
1257 3517 1300 3577 la-

549 3604 667 3666 cientes
688 3607 850 3681 adducere,
867 3608 1066 3684 congregatio
1078 3609 1230 3685 generalis
1242 3611 1298 3671 To-

552 3699 652 3759 letana
674 3700 712 3762 de
732 3715 813 3761 anno
837 3717 1032 3776 nocturna,
1055 3701 1090 3763 ad
1113 3720 1206 3782 quam
1226 3703 1297 3765 dicti

551 3792 657 3853 Criolli
680 3803 939 3871 provocaverant,
971 3797 1128 3858 mandavit
1150 3804 1185 3858 ut
1206 3797 1298 3858 dicta·

552 3903 621 3948 rum
644 3887 875 3964 provinciarum
903 3889 1076 3950 definitoria
1099 3889 1132 3950 in
1156 3890 1298 3968 proximo

551 3979 684 4056 capitulo
707 3979 843 4056 generali
866 3981 997 4058 desuper
1018 3981 1300 4056 iniormarentsu-

550 4074 658 4150 spensa
693 4073 822 4134 interim
863 4075 1067 4136 alternativae
1102 4075 1294 4138 executione.

551 4166 729 4244 Capitulum
745 4167 842 4243 igitur
864 4167 1010 4243 generale
1024 4185 1106 4230 3333
1122 4185 1295 4232 noeuxxvr.

550 4258 665 4320 Romae
686 4268 922 4336 congregatum,
947 4269 981 4322 ut
1002 4277 1130 4323 omnem
1153 4261 1298 4340 imposte·

551 4368 622 4413 rum
650 4354 933 4416 controversiarum
959 4355 1149 4432 praecideret
1170 4357 1298 4419 occasio·

551 4460 636 4519 nem,
649 4445 826 4508 buiusmedi
838 4463 958 4508 causam
976 4449 1006 4509 in
1023 4448 1298 4510 reverendissimos

550 4545 651 4615 patres
665 4545 739 4600 tunc
755 4542 902 4619 temporis
923 4541 1103 4603 ministrum
1121 4543 1296 4619 generalem

550 4635 814 4710 praedecessorem
838 4643 979 4698 nostrum
995 4653 1027 4697 ac
1048 4636 1297 4697 commissarium

550 4725 666 4801 pariter
691 4728 867 4803 generalem
900 4729 1058 4790 indiarum
1086 4729 1116 4790 in
1144 4729 1229 4790 333131
1250 4745 1297 4791 63-

550 4817 681 4881 tbolicae
693 4821 861 4882 maiestatis
873 4821 1061 4884 residentem
1073 4823 1295 4899 compromisit,

550 4921 585 4972 ut
605 4914 730 4989 llatriti,
743 4915 852 4977 lrabitis
867 4932 974 4977 eorum
992 4933 1071 4994 quae
1086 4915 1296 4978 desideraban-

550 5014 603 5067 tur
635 5009 767 5084 notitiis,
798 5011 997 5087 providerent
1025 5027 1058 5071 ac
1083 5010 1295 5088 disponerent,

549 5109 641 5176 prout
662 5099 696 5162 in
718 5103 850 5163 Domino
873 5103 970 5178 magis
991 5103 1184 5164 censuissent
1206 5119 1298 5180 expe-

549 5193 625 5253 dire.
649 5195 714 5269 Quo
736 5195 860 5272 quidem
882 5196 1102 5273 compromisso
1123 5213 1138 5255 a
1162 5196 1297 5274 partibus

549 5293 714 5365 acceptare,
738 5304 777 5348 ne
809 5288 1005 5365 contingeret
1026 5289 1063 5350 de
1086 5289 1167 5350 illius
1189 5287 1296 5348 validi-

552 5387 612 5442 tate
634 5381 798 5459 aliquando
820 5381 966 5458 dubitari,
983 5382 1069 5461 quasi
1091 5383 1224 5444 obstaret
1246 5381 1298 5443 de·

549 5484 672 5538 cretum
693 5477 913 5554 suspensivum
944 5477 1025 5556 quod
1047 5476 1182 5556 praelato
1215 5491 1296 5536 anno

551 5587 701 5632 noccxrv.
716 5587 753 5630 63
762 5587 893 5634 recursu
909 5573 1004 5634 solius
1019 5571 1212 5648 proministri
1229 5587 1297 5648 pro-

527 5721 536 5738 ,
550 5666 669 5726 vinciae
681 5665 828 5726 Limanae
838 5665 875 5727 ab
886 5668 940 5728 bac
951 5667 1033 5726 sacra
1049 5665 1297 5742 congregatione

550 5759 716 5838 prodierat,
728 5759 859 5836 proinde
874 5758 980 5821 Criolli
997 5759 1161 5838 utriusque
1173 5759 1297 5837 provin·

550 5851 613 5912 ciac
634 5851 782 5913 Limanae
802 5851 917 5914 scilicet
932 5858 962 5913 61
978 5851 1166 5916 Gbarcarum
1181 5853 1295 5914 unitim

551 5945 652 6006 eidem
663 5960 763 6006 sacrae
779 5945 1019 6022 congregationi
1031 5945 1294 6024 supplicaverunt,

1072 594 1137 640 ltin.
1162 591 1252 636 PONT.
1276 590 1317 634 bc
1339 591 1368 635 Ρ.
1391 591 1420 636 F.
1445 591 1528 636 PARS
1550 593 1571 636 1.

1351 716 1520 788 quatenus,
1549 709 1606 772 boc
1625 707 1749 772 decreto
1778 710 1940 773 demedio
1966 708 2098 784 sublato,

1351 804 1446 866 totius
1465 804 1581 880 negotii
1596 803 1797 866 alternativae
1811 803 2000 866 decisionem
2015 820 2102 883 prae·

1352 899 1439 962 dictis
1466 899 1604 977 patribus
1632 897 1907 977 compromissariis
1938 898 2101 960 remittere

1352 994 1551 1070 dignaretur,
1579 991 1753 1070 annuitque
1778 1007 1888 1053 eorum
1916 991 1996 1052 votis
2017 1007 2099 1052 sacra

1354 1086 1558 1162 Congregatio
1569 1103 1625 1164 per
1637 1101 1730 1148 suum
1745 1086 1905 1148 decretum
1921 1085 2100 1163 expeditum

1352 1180 1402 1242 die
1424 1195 1480 1240 xrr.
1506 1180 1583 1241 iunii
1606 1195 1780 1242 uoccxavr.
1804 1179 1903 1242 Huius
1917 1178 2034 1240 decreti
2055 1177 2102 1238 vi-

1353 1288 1427 1349 gore
1449 1280 1479 1335 et
1493 1271 1618 1351 praelati
1633 1272 1846 1352 compromissi
1861 1289 1916 1351 per
1930 1270 2101 1350 capitulum

1353 1366 1498 1443 generale
1518 1366 1599 1441 iacti,
1615 1366 1711 1427 iidem
1732 1364 1985 1427 reverendissimi
2000 1371 2102 1442 patres

1353 1460 1625 1538 compromissarii,
1640 1458 1753 1522 auditis
1774 1461 1806 1520 in
1822 1458 1916 1522 Guril
1929 1457 2101 1520 Matriteosi

1354 1551 1491 1630 partibus
1511 1549 1585 1614 binc
1600 1551 1672 1613 inde
1685 1550 1927 1613 informantibus
1944 1565 2001 1628 per
2015 1550 2100 1628 quasi

1354 1645 1447 1706 unius
1469 1645 1542 1706 anni
1564 1645 1709 1723 spatium,
1727 1643 1964 1721 ponderatisque
1986 1642 2102 1704 utrius-

1354 1755 1414 1817 que
1436 1737 1590 1814 allegatis,
1612 1738 1838 1799 ordinaverunt
1860 1743 1891 1799 et
1911 1742 2100 1809 3131363331,

1354 1849 1418 1894 363
1440 1831 1545 1894 sulum
1567 1835 1600 1893 in
1623 1831 1925 1908 utraqueprovmeia
1945 1829 2101 1891 stabilien-

1353 1925 1423 1986 dam
1445 1941 1478 1986 ac
1499 1925 1681 1986 servandam
1703 1939 1769 1985 esse
1789 1923 2006 1986 alternativam
2021 1923 2102 1984 inter

1354 2018 1513 2098 rdigiosos
1534 2026 1622 2080 natos
1644 2018 1676 2080 in
1699 2017 1791 2080 indiis
1811 2025 1843 2078 et
1864 2023 1953 2079 natos
1975 2015 2007 2078 in
2035 2015 2102 2076 ilis-

1354 2113 1464 2190 paniis,
1477 2113 1528 2174 sed
1545 2112 1638 2174 etiam
1661 2110 1792 2174 iormam
1802 2111 1900 2190 ipsam
1914 2108 2101 2188 practicandi

1355 2205 1386 2266 in
1408 2205 1535 2266 Limana
1558 2205 1717 2283 provincii
1741 2204 1965 2278 decreverunl;
1989 2209 2025 2292 ut
2045 2201 2103 2263 sci-

1354 2299 1426 2359 licet
1447 2297 1645 2377 provincialis
1666 2313 1730 2359 uuo
1753 2297 1887 2359 triennio
1909 2297 2043 2372 eligatur
2064 2309 2102 2355 63

1354 2391 1414 2452 331
1436 2397 1534 2469 parte,
1556 2392 1630 2454 adeo
1652 2397 1698 2465 ut,
1720 2391 1746 2452 si
1767 2391 1890 2466 obierit,
1912 2389 1963 2450 vel
1985 2388 2102 2450 allide

2130 577 2185 627 An.
2200 576 2233 626 O.
2255 575 2328 627 1683

2416 661 2417 704 l

1354 2487 1453 2560 causi,
1466 2486 1598 2548 durante
1613 2485 1760 2560 triennio,
1774 2485 1940 2560 vacaverit,
1957 2483 2101 2545 minister
2196 2549 2198 2554 ,

1355 2580 1486 2641 31333133
1513 2580 1710 2659 provincialis
1737 2595 1835 2657 usque
1860 2578 1895 2639 ad
1923 2577 2100 2640 celebratio-

1355 2689 1427 2736 nem
1439 2674 1566 2752 capituli
1580 2674 1620 2735 sit
1631 2680 1662 2734 et
1673 2673 1806 2748 eligatur
1821 2687 1858 2733 63
1874 2674 1981 2734 eadem
1997 2679 2099 2750 parte3

1354 2767 1413 2830 alio
1434 2785 1509 2830 vero
1532 2768 1668 2829 triennio
1690 2766 1822 2842 eligatur
1837 2773 1868 2828 et
1883 2765 1922 2827 sit
1941 2764 2099 2838 etaltera,

1353 2863 1473 2923 3633311
1489 2863 1596 2924 eidem
1611 2860 1725 2936 forma,
1749 2867 1850 2922 custos
1866 2875 1939 2922 vero
1957 2859 1982 2918 si
1997 2857 2102 2919 aliiue·

1355 2955 1407 3032 rit,
1431 2955 1565 3032 eligatur
1578 2961 1610 3017 61
1624 2955 1664 3016 311
1685 2971 1724 3016 ev
1739 2955 1789 3016 illa
1804 2961 1890 3031 parte
1909 2969 1947 3014 ea
1962 2969 2021 3030 qua
2037 2966 2101 3014 uon

1355 3056 1400 3109 631
1422 3047 1630 3127 provincialis,
1644 3048 1677 3109 in
1692 3047 1769 3111 dicta
1784 3046 1899 3122 lorma3
1922 3051 1953 3107 61
1975 3061 2012 3107 ea
2028 3059 2101 3122 qua-

1356 3150 1427 3204 1333
1448 3141 1676 3216 delinitoribus,
1694 3141 1755 3203 duo
1775 3155 1899 3218 semper
1920 3155 1957 3200 63
1981 3139 2101 3213 33161

1354 3236 1415 3298 duo
1436 3237 1549 3315 reliqui
1569 3251 1608 3297 ex
1629 3235 1834 3314 alter-aparte
1854 3235 1917 3294 sint
1932 3240 1963 3295 et
1984 3231 2103 3307 eligan-

1356 3337 1423 3406 tur3
1447 3347 1508 3408 quo
1530 3347 1605 3391 vero
1622 3331 1657 3392 ad
1681 3329 1865 3406 guardianos
1880 3335 1911 3389 et
1926 3327 1982 3388 alia
2004 3324 2101 3386 olbcia

1355 3423 1392 3484 de
1414 3431 1485 3485 voto
1507 3423 1664 3500 eligantur
1686 3423 1902 3484 indilierenter
1914 3429 1944 3483 61
1965 3438 2003 3483 ex
2019 3421 2102 3483 utra-

1354 3533 1415 3594 que
1435 3523 1521 3594 parte
1535 3519 1708 3579 secundum
1722 3515 1901 3594 qualitatem
1915 3515 2102 3576 meritorum

1355 3615 1385 3670 61
1407 3609 1607 3671 idoneitatem
1621 3623 1837 3688 personarum,
1854 3607 1896 3668 ita
1911 3615 1946 3670 31
1961 3607 2100 3682 guardia-

1354 3700 1543 3763 3333133333
1571 3701 1747 3778 principalis
1775 3715 1899 3778 semper
1927 3699 2102 3761 alternetur

1354 3809 1393 3855 ex
1411 3796 1542 3873 utraque
1558 3801 1644 3872 parte
1658 3796 1696 3856 de
1712 3793 1848 3854 triennio
1865 3793 1896 3854 in
1913 3792 2099 3867 triennium3

1354 3893 1384 3948 et
1411 3889 1497 3948 omni
1530 3895 1669 3964 tempore
1698 3886 1835 3966 (praeter
1860 3885 2099 3963 provincialem,

1354 3989 1406 4042 aut
1426 3979 1597 4054 custodem,
1619 3987 1650 4040 ct
1672 3981 1748 4040 duos
1769 3975 1961 4056 definitores)
1985 3979 2101 4053 eligan-

1354 4079 1406 4134 tur
1428 4081 1458 4134 et
1480 4073 1580 4135 adsint
1601 4089 1639 4133 ex
1661 4071 1774 4132 minori
1802 4079 1890 4150 parte
1914 4070 2025 4132 saitem
2050 4071 2101 4131 de

1354 4181 1421 4226 cem
1442 4167 1478 4228 ad
1500 4159 1719 4242 guardiauatus
1740 4171 1771 4226 ct
1793 4163 1890 4226 officia
1911 4163 1949 4224 de
1965 4171 2048 4237 voto,
2064 4164 2100 4224 ad

1354 4259 1411 4319 boc
1427 4267 1460 4320 31
1476 4276 1513 4320 ex
1530 4259 1590 4319 illis
1604 4258 1714 4320 maiori
1729 4257 1872 4318 libertate
1893 4257 2011 4335 possint
2027 4255 2100 4332 eligi

1354 4351 1415 4412 duo
1441 4353 1634 4428 definitores;
1658 4352 1756 4430 quoad
1784 4351 1914 4412 lecturas
1942 4357 2048 4411 autem
2069 4355 2101 4409 et

1354 4445 1409 4506 alia
1437 4445 1534 4506 officia
1557 4453 1619 4506 tam
1647 4444 1774 4506 honoris
1802 4459 1895 4522 quam
1917 4443 2021 4504 oneris
2047 4441 2101 4502 eli-

1354 4545 1469 4616 gantur·
1483 4539 1709 4613 indilierenter,
1726 4539 1844 4599 servata
1860 4537 1978 4598 iustitia
1998 4534 2102 4596 distri-

1355 4632 1471 4705 baliva,
1494 4639 1525 4692 61
1547 4631 1650 4692 babitu
1671 4636 1812 4707 respectu
1834 4629 1987 4690 maiorum
2008 4628 2102 4689 meri·

1355 4731 1459 4786 torum
1481 4732 1511 4786 et
1533 4724 1657 4785 maioris
1679 4725 1854 4785 idoneitatis
1881 4721 2100 4784 133136633ιί-

1354 4818 1492 4878 tutiones
1518 4818 1678 4893 generales
1708 4818 1842 4891 Ordinis,
1874 4821 2040 4878 onerantes
2068 4813 2100 4873 in

1353 4912 1410 4972 boc
1438 4912 1610 4974 electorum
1636 4913 1849 4974 conscientias.
1875 4913 1956 4973 idem
1986 4912 2102 4990 pariter

1354 5005 1559 5066 decreverunt
1575 5021 1629 5082 pro
1645 5006 1803 5084 provincii
1819 5005 1850 5068 S.
1865 5005 1992 5068 Antonii
2007 5005 2045 5066 de
2060 5005 2102 5066 las

1355 5101 1501 5175 Citarcas,
1533 5117 1604 5162 cum
1626 5102 1682 5163 bac
1703 5102 1765 5162 soli
1787 5089 1977 5174 differentia,
2007 5101 2099 5180 quod,

1354 5201 1472 5255 3116313
1487 5195 1601 5255 minori
1624 5209 1756 5255 numero
1773 5194 1999 5256 officiorum'de
2014 5203 2099 5269 voto,

1353 5289 1588 5362 ordinaverunt,
1611 5289 1692 5366 quod
1712 5289 1817 5350 decem
1839 5287 1935 5351 cilicia
1956 5286 1994 5348 de
2015 5295 2100 5362 voto,

1353 5397 1432 5459 quae
1448 5398 1502 5459 pro
1517 5382 1676 5461 provincia
1691 5381 1817 5443 Limana
1833 5381 2020 5442 mandarunt
2035 5381 2101 5442 dari

1353 5475 1467 5538 minori
1490 5476 1566 5552 parti
1589 5476 1621 5534 in
1649 5475 1807 5552 provincia
1829 5476 1865 5538 de
1888 5473 1930 5534 133
1959 5474 2100 5550 Cbarcas,

1353 5569 1467 5631 dentur
1490 5579 1611 5631 tantum
1626 5585 1691 5642 sex,
1705 5576 1739 5631 ut
1754 5569 1844 5629 latius
1860 5568 1892 5629 in
1907 5567 2031 5629 decreto
2046 5583 2102 5646 per

1352 5663 1447 5724 dictos
1469 5669 1570 5740 patres
1591 5663 1876 5740 compromissarios
1904 5663 1973 5722 dato
1995 5669 2025 5723 61
2047 5677 2103 5739 pu·

1353 5756 1504 5818 blicatoin
1517 5763 1674 5818 conventu
1687 5756 1717 5818 S.
1729 5755 2098 5818 Franciscillatritixxvr.

1353 5849 1456 5928 aprilis
1471 5865 1658 5912 unctxxvrr.
1683 5849 1768 5924 Quod
1784 5849 1909 5928 quidem
1927 5849 2099 5922 decretum,

1352 5951 1387 6005 ut
1409 5943 1530 6004 tirmius
1558 5943 1757 6018 subsisteret,
1780 5959 1813 6005 ac
1833 5941 1954 6004 debitae
1976 5941 2101 6004 manda-
