4880 6982
1037 601 1177 646 clmnluvs
1200 601 1242 644 XI.

408 722 677 790 (lociderttolium,
700 735 763 779 eoa
785 716 930 780 obstruite
954 719 1111 782 constit-ct·

406 815 493 876 tiooe
517 815 612 877 Pauli
637 813 666 872 V.
690 812 746 890 (l).

551 981 738 1051 oteness
761 981 863 1050 ΡΑΡΑ
886 980 932 1047 ill.

505 1104 964 1174 mmmmmmm

129 1285 345 1386 fflfiffimfflssffi
404 1287 424 1361 5
447 1285 473 1346 l.
491 1283 571 1346 Alias
587 1299 641 1361 pro
656 1291 743 1360 parte
758 1281 990 1360 provinciarum
1006 1279 1037 1342 S.
1050 1279 1110 1340 ltn-

126 1401 142 1433 ιι
164 1394 345 1458 congregauo-
365 1380 442 1442 lonii
464 1378 537 1440 novi
559 1378 648 1454 regni
676 1375 873 1439 Granatensis
895 1383 926 1436 et
949 1375 978 1437 S.
1003 1373 1110 1436 Crucis

126 1454 225 1544 ἑίῗςρὲἶ)
240 1459 345 1546 ffiffla'
363 1473 485 1536 Ordinis
517 1472 647 1534 fratrum
677 1469 925 1532 Praedicator-um
955 1469 986 1529 in
1016 1466 1109 1528 lndiis

125 1557 153 1596 ‘³²
172 1555 194 1598 ⁸·
212 1555 303 1600 erucas.
362 1565 607 1628 occidentalibus
639 1564 729 1626 nobis
749 1563 899 1640 exposito,
921 1561 1015 1639 quod,
1038 1561 1109 1622 licet

362 1659 463 1740 praxis
492 1659 671 1720 inconcussa
700 1655 891 1728 inolevisset,
915 1653 1032 1734 priores
1053 1669 1107 1714 seu

362 1753 498 1815 Vicarios
529 1751 656 1812 illorum
686 1757 901 1812 conventuum
926 1763 981 1810 seu
1003 1746 1107 1807 domo

362 1863 444 1920 rum,
460 1845 577 1908 tametsi
593 1842 799 1905 sufficientem
814 1841 1033 1916 religiosorum
1050 1856 1108 1901 nu-

360 1955 483 2002 merum
506 1937 638 1998 minime
658 1936 788 2010 alerent,
806 1935 884 1996 itant
899 1935 931 1996 in
947 1933 1107 1996 nonnullis

361 2048 398 2094 ex
419 2031 536 2093 eisdem
557 2029 762 2092 conventibus
792 2035 924 2106 quatuor
955 2026 1106 2102 religiosi,

360 2142 393 2186 ac
414 2124 508 2185 etiam
531 2139 612 2184 unus
633 2122 678 2183 uti
701 2122 786 2198 prior
806 2137 861 2182 seu
884 2115 1022 2182 vicarius
1039 2135 1106 2197 per-

359 2217 519 2290 manserit,
531 2217 566 2278 ad
580 2214 777 2292 provincialia
793 2213 937 2290 capitula,
950 2227 1021 2274 cum
1034 2217 1106 2274 voto

358 2318 389 2372 et
411 2311 477 2371 loco
497 2309 530 2369 in
547 2307 716 2385 superioris
729 2306 927 2384 provincialis
942 2305 1104 2378 electione,

358 2403 442 2465 iuxta
465 2402 556 2464 etiarn
579 2399 833 2478 approbationem
856 2398 953 2460 felicis
968 2397 1105 2458 recorda-

359 2496 451 2557 tionis
483 2493 652 2556 Glementis
681 2490 758 2566 llll,
792 2491 877 2552 Pauli
900 2491 963 2564 lll.,
991 2491 1104 2565 Grego-

356 2589 396 2650 rii
416 2588 494 2650 lflll.
519 2594 549 2648 et
572 2585 737 2646 Alexandri
759 2585 851 2646 etiam
872 2583 935 2645 llll.
953 2585 1105 2644 Romano·

356 2697 428 2742 rum
459 2679 644 2742 Pontificum
681 2679 950 2756 praedecessorum
985 2685 1105 2738 nostro·

356 2791 439 2849 rum,
462 2789 585 2850 semper
607 2771 776 2844 accessisse,
800 2770 1004 2832 nibilominus
1026 2785 1104 2830 non·

356 2867 451 2929 nullis
465 2867 502 2928 ab
516 2867 588 2926 irinc
603 2865 692 2925 annis
707 2864 743 2924 ab
755 2863 908 2940 aliquibus
920 2861 1104 2923 lectionariis

355 2959 528 3022 scandaloso
559 2963 758 3035 praetensum
787 2956 901 3029 fuerat,
931 2955 1103 3032 provincia-

355 3052 434 3114 lium
453 3069 507 3113 seu
530 3051 718 3113 vicariorum
746 3049 912 3111 electiones
937 3063 1009 3108 cum
1030 3055 1103 3108 voto

355 3153 385 3206 et
405 3144 552 3219 suffragio
579 3145 763 3204 eorumdem
786 3141 924 3219 priorum
946 3156 1001 3201 seu
1023 3141 1103 3200 vica-

355 3239 473 3299 riorum
493 3238 536 3298 sic
557 3237 723 3298 celebratas
745 3235 845 3298 nullas
867 3241 897 3295 et
914 3233 1014 3294 irritas
1029 3233 1103 3293 fuis-

352 3347 396 3404 se,
420 3339 450 3391 et
471 3329 596 3407 quidem
612 3329 719 3406 vigore
734 3327 939 3406 quarumdam
954 3327 1021 3403 piae
1037 3341 1100 3386 nte·

354 3425 469 3484 moriae
491 3422 578 3483 Pauli
606 3423 702 3500 Papae
725 3421 761 3482 ll.
786 3421 901 3500 pariter
929 3420 1101 3496 praedeces-

352 3517 428 3578 soris
449 3517 546 3578 nestri
567 3515 699 3593 desuper
720 3515 752 3575 in
773 3513 868 3574 simili
884 3512 980 3572 forma
995 3511 1102 3573 Brevis

352 3611 401 3672 die
422 3625 515 3672 xxru.
539 3609 710 3670 decembris
741 3621 852 3670 nocxr.
887 3607 1101 3685 expeditarum

353 3705 540 3777 litterarum,
556 3704 669 3780 quibus
684 3702 915 3781 praescribitur,
931 3702 1012 3780 quod
1029 3701 1100 3762 dicti

353 3807 525 3861 conventus
555 3814 610 3858 seu
639 3798 762 3870 domus,
794 3811 964 3858 numerum
990 3795 1101 3856 saltem

352 3901 420 3954 octo
440 3891 658 3966 religiosorum
680 3890 761 3950 alere
783 3905 847 3950 non
864 3890 1015 3964 valentes,
1032 3905 1102 3966 per-

353 3993 445 4064 petuo
466 3985 630 4062 supprimi,
647 3993 699 4046 aut
722 3983 841 4057 fratres,
859 3984 892 4044 in
909 3991 972 4045 tam
987 3983 1101 4060 exiguo

353 4094 485 4142 numero
508 4077 584 4138 inibi
602 4078 756 4150 viventes,
773 4077 808 4138 ad
824 4076 898 4137 alios
914 4083 1099 4149 conventus,

353 4171 406 4232 ubi
421 4171 572 4247 regularis
587 4171 708 4247 vigeret
720 4169 926 4246 observantia,
941 4169 1100 4231 transferri

352 4263 514 4326 deberent:
532 4272 562 4326 et
578 4264 610 4325 in
626 4265 733 4326 eadem
747 4263 938 4341 expositione
953 4263 1099 4326 subiunc-

355 4365 395 4431 to,
417 4358 498 4435 quod
526 4357 665 4418 eiusdem
693 4356 777 4418 Pauli
801 4356 837 4418 V.
862 4356 1100 4435 praedecessoris

353 4449 469 4511 litteras
490 4449 667 4512 huiusmodi
682 4465 738 4528 per
752 4450 914 4530 Episcopos
930 4457 960 4511 et
975 4449 1099 4511 Arclrie-

353 4543 487 4621 piscopos
509 4543 690 4604 earumdem
712 4543 880 4616 indiarum,
897 4558 1032 4620 quorum
1054 4559 1099 4602 ar-

352 4637 444 4698 bitrio
463 4637 588 4698 illarum
603 4638 744 4698 executio
760 4637 886 4699 remissa
902 4635 1011 4710 fuerat,
1029 4652 1101 4697 exe-

350 4731 469 4792 cutioni
484 4745 623 4807 unquam
639 4731 835 4792 demandatus
847 4730 940 4791 fuisse
952 4746 1014 4790 non
1027 4745 1100 4790 con-

350 4825 464 4899 stabat;
500 4824 564 4884 imo
595 4823 780 4885 venerabilis
815 4823 909 4884 frater
940 4822 1100 4900 Arcbiepi-

349 4933 457 4995 scopus
479 4917 510 4979 S.
535 4917 620 4978 Fidei
648 4915 860 4993 infrascriptae
889 4915 1098 4978 cardinalium

351 5010 590 5086 Congregationi
616 5027 671 5088 per
702 5009 872 5086 peculiares
903 5008 1021 5070 litteras
1043 5008 1098 5086 ipsi

350 5103 478 5165 directas
500 5103 658 5177 retulerat,
683 5102 873 5180 impossibile
894 5117 1018 5178 prorsus
1034 5101 1098 5163 fore

349 5197 386 5258 ad
407 5213 514 5258 earum
536 5195 754 5258 executionem
779 5195 944 5256 devenire:
970 5195 1098 5272 ideoque

349 5288 528 5350 earumdem
541 5289 772 5364 provinciarum
785 5289 914 5349 nornine
926 5286 1013 5347 nobis
1027 5303 1098 5364 sup·

348 5381 461 5458 plicato
488 5389 523 5442 ut
551 5382 583 5442 in
612 5381 700 5443 dictis
731 5381 899 5458 provinciis
928 5388 991 5441 tam
1019 5379 1097 5442 circa

348 5475 595 5552 permanentiam
613 5481 857 5536 memoratorum
869 5481 1096 5548 conventuum,

348 5583 443 5645 quam
463 5585 599 5630 accessus
621 5585 655 5629 ac
675 5567 820 5644 suffragia
849 5568 946 5629 danda
972 5567 1009 5628 ab
1030 5567 1096 5628 illo·

349 5675 421 5720 rum
443 5661 596 5736 prioribus
618 5667 649 5722 et
671 5659 799 5722 Vicariis
821 5660 854 5720 in
876 5660 1027 5721 eiusmodi
1050 5675 1096 5721 ca-

348 5753 454 5831 pitulis
465 5754 717 5831 provincialibus,
730 5769 794 5816 non
809 5753 1000 5815 obstantibus
1012 5769 1097 5830 prae-

389 5965 419 6022 (l)
435 5967 472 6011 lix
485 5967 589 6022 begeat.
605 5966 633 6012 in
648 5967 723 6012 arch.
739 5969 812 6012 Brev.

1836 577 1892 640 301
1946 574 2000 630 An.
2014 575 2044 627 Ο.
2067 575 2135 628 tate

1168 719 1256 784 dictis
1277 719 1364 783 Pauli
1385 719 1422 782 V.
1446 717 1685 798 praedecessoris
1706 714 1829 789 litteris,
1844 713 1916 776 soli-

1170 819 1236 872 tum
1257 813 1374 874 servari
1401 812 1633 874 mandaremus:
1659 826 1714 872 nos
1735 815 1914 871 controver-

1166 903 1242 964 siam
1272 904 1449 966 huiusmodi
1480 905 1516 966 ad
1549 901 1831 978 congregationem
1861 914 1915 960 ve·

1168 996 1353 1058 nerabilium
1384 997 1514 1060 fratrum
1548 1003 1728 1058 nostrorum
1761 993 1791 1057 S.
1815 993 1852 1053 R.
1876 992 1911 1052 E.

1167 1089 1377 1152 Cardinalium
1413 1091 1546 1166 negotiis
1576 1097 1608 1151 et
1636 1085 1913 1150 consultationibus

1167 1182 1390 1261 Episcoporunr
1404 1190 1435 1244 et
1449 1183 1651 1260 Regularium
1665 1181 1914 1259 praepositorum

1167 1277 1405 1340 examinandam
1427 1279 1620 1353 remisimus3
1651 1275 1714 1354 ipsa
1737 1290 1811 1334 vero
1835 1273 1913 1335 Con-

1167 1370 1304 1446 gregatio
1326 1387 1380 1448 per
1402 1387 1495 1433 suum
1526 1370 1686 1434 decretum
1708 1368 1757 1430 die
1779 1384 1810 1428 x.
1836 1365 1912 1428 iunii

1165 1463 1238 1522 anni
1260 1464 1402 1540 proxime
1423 1451 1578 1541 praeteriti
1602 1468 1780 1524 emanatum
1806 1459 1915 1521 rescri-

1166 1556 1223 1630 psit
1235 1558 1316 1634 quod
1328 1558 1456 1620 solitum
1467 1561 1657 1631 servaretur,
1666 1554 1827 1632 praedictis
1840 1553 1911 1614 Pau-

1165 1649 1183 1710 li
1208 1649 1245 1712 ll.
1270 1651 1509 1728 praedecessoris
1531 1649 1641 1732 litteris
1662 1653 1692 1710 et
1707 1647 1772 1708 aliis
1788 1646 1913 1725 quibus-

1164 1759 1298 1820 cumque
1319 1759 1383 1805 non
1404 1743 1607 1805 obstantibus.

1203 1838 1265 1912 §2-
1281 1835 1361 1900 llum
1376 1845 1492 1911 autern,
1508 1836 1588 1898 sicut
1604 1835 1734 1898 dilectus
1750 1837 1831 1898 filius
1847 1853 1912 1898 mo·
1931 1841 2026 1936 tfeuge
2038 1849 2144 1902 sequen-

1164 1931 1278 1992 dernus
1306 1939 1486 2010 procurator
1513 1931 1666 2007 generalis
1692 1931 1766 1993 dicti
1789 1931 1910 1994 Ordinis
1932 1897 2144 2008 ιῖἷεροὲῗῗοῑόἰιηὲῗ

1164 2025 1251 2086 nobis
1274 2043 1375 2104 nuper
1396 2029 1509 2102 exponi
1529 2025 1613 2100 fecit,
1630 2041 1669 2088 ne
1684 2025 1810 2087 eaedem
1826 2039 1910 2103 prae·
1932 2007 1992 2044 ‘⁰⁰⁵
2007 1999 2141 2054 ⁸⁸⁰⁰¹²¹¹⁵'
2171 2011 2183 2034 '⁴

1165 2119 1319 2179 tensiones
1342 2127 1372 2180 et
1393 2120 1531 2182 scandala
1553 2121 1585 2182 in
1607 2119 1753 2180 omnibus
1768 2119 1835 2179 aliis
1850 2121 1911 2180 dic-

1163 2219 1265 2274 tarum
1286 2212 1444 2274 indiarum
1473 2213 1714 2276 Occidentalium
1744 2211 1911 2290 provinciis

1162 2306 1308 2382 praedicti
1330 2306 1451 2368 (inlinis
1473 2307 1600 2384 vigeant
1621 2323 1676 2368 seu
1705 2308 1854 2384 irrepant,
1877 2323 1910 2367 ac

1162 2397 1290 2474 proinde
1311 2399 1343 2461 in
1367 2400 1427 2460 illis
1450 2400 1477 2462 id
1500 2416 1634 2477 quoque,
1652 2401 1734 2476 quod
1754 2415 1809 2478 pro
1824 2416 1909 2477 prae-

1161 2491 1248 2552 dictis
1270 2493 1437 2569 provinciis
1465 2492 1495 2556 S.
1521 2493 1672 2554 Antonini
1695 2499 1725 2553 et
1747 2491 1777 2555 S.
1803 2494 1910 2556 Crucis

1161 2582 1322 2645 decretum
1337 2585 1406 2659 fuit,
1422 2586 1540 2646 servari
1555 2585 1728 2662 plurimum
1744 2583 1906 2648 desideret:

1161 2675 1248 2738 nobis
1270 2683 1433 2754 propterea
1460 2677 1625 2738 humiliter
1650 2677 1814 2754 supplicari
1838 2677 1909 2739 fecit

1161 2775 1195 2830 ut
1217 2770 1249 2830 in
1271 2771 1444 2848 praemissis
1460 2780 1634 2849 opportune
1648 2771 1813 2848 providere
1828 2779 1858 2831 et
1874 2778 1908 2832 ut

1159 2861 1239 2923 infra
1271 2863 1435 2939 indulgere
1457 2865 1493 2925 de
1521 2863 1715 2940 benignitate
1746 2864 1908 2942 apostolica

1160 2954 1369 3031 dignaremur.

1198 3050 1267 3122 §3-
1292 3049 1352 3111 Nos
1383 3051 1497 3128 igitur,
1530 3051 1647 3114 dictum
1675 3059 1903 3131 procuratorem
2006 3059 2139 3118 peccaram

1159 3143 1338 3218 generalem
1359 3145 1541 3222 specialibus
1569 3145 1726 3206 favoribus
1748 3153 1778 3207 et
1800 3145 1906 3221 gratiis
1925 3107 2138 3220 ssffigffiffigffss

1158 3236 1301 3312 prosequi
1328 3237 1480 3312 volentes,
1509 3245 1540 3299 et
1562 3254 1577 3297 a
1599 3238 1759 3315 quibusvis
1785 3253 1907 3298 ercom-

1160 3327 1396 3404 manicationis,
1430 3331 1639 3410 suspensionis
1670 3338 1701 3391 et
1728 3329 1905 3405 interdicti,

1158 3419 1287 3498 aliisque
1309 3421 1707 3498 ecclesiasticissententiis,
1723 3423 1861 3486 censuris
1877 3431 1907 3485 et

1158 3513 1277 3588 poenis,
1293 3529 1308 3572 a
1324 3514 1392 3576 iure
1414 3517 1464 3576 vel
1485 3518 1522 3578 ab
1544 3517 1680 3592 bomine,
1694 3518 1802 3596 quavis
1824 3533 1907 3580 occa-

1157 3606 1244 3668 sione
1265 3607 1315 3668 vel
1337 3610 1424 3670 causa
1456 3610 1535 3686 latis,
1558 3614 1582 3676 si
1604 3614 1716 3690 quibus
1738 3614 1906 3690 quomodo-

1159 3701 1232 3763 libet
1263 3704 1427 3766 innodatus
1454 3707 1569 3784 existit,
1595 3711 1632 3772 ad
1654 3710 1797 3772 eflectum
1821 3727 1906 3788 prae·

1157 3798 1294 3860 sentium
1321 3801 1480 3863 dumtaxat
1507 3806 1771 3881 consequendum,
1795 3805 1906 3866 barum

1157 3893 1237 3953 serie
1265 3893 1458 3955 absolventes
1479 3903 1510 3957 et
1538 3897 1713 3960 absolutum
1745 3897 1809 3959 fore
1835 3914 1907 3960 cen-

1156 3993 1270 4060 sentes,
1303 3987 1481 4048 huiusmodi
1512 3989 1787 4066 supplicationibus
1819 3991 1905 4052 incli-

1157 4079 1233 4152 nati,
1256 4080 1293 4140 de
1314 4079 1505 4157 supradictae
1527 4082 1783 4158 congregationis
1803 4085 1905 4147 Cardi-

1157 4170 1275 4232 nalium
1306 4173 1446 4248 consilio,
1477 4181 1512 4236 ut
1533 4175 1568 4235 de
1591 4183 1695 4237 celero
1723 4177 1755 4238 in
1777 4178 1905 4255 reliquis

1156 4266 1336 4326 earumdem
1351 4266 1509 4328 indiarum
1525 4266 1764 4330 Occidentalium
1778 4269 1904 4346 provin·

1156 4357 1209 4417 ciis
1241 4359 1379 4420 eiusdem
1400 4359 1537 4435 Ordinis,
1571 4362 1731 4440 praedictis
1758 4363 1842 4423 Pauli
1865 4363 1901 4424 ll.

1156 4453 1395 4527 praedecessoris
1427 4453 1537 4516 litteris
1559 4463 1589 4517 et
1610 4456 1676 4516 aliis
1706 4456 1906 4533 quibuscum-

1156 4559 1216 4621 que
1238 4545 1369 4606 minime
1386 4547 1590 4622 obstantibus,
1606 4556 1749 4610 servetur
1763 4549 1902 4624 solitum,

1155 4638 1337 4701 auctoritate
1358 4641 1531 4719 apostolica,
1549 4649 1657 4704 tenore
1678 4645 1901 4720 praesentiunt,

1155 4729 1351 4794 decernimus
1383 4741 1414 4795 et
1445 4735 1652 4813 declaramus;
1683 4738 1766 4800 salvai
1799 4745 1902 4799 tamen

1154 4839 1277 4902 semper
1297 4825 1330 4886 in
1359 4829 1531 4904 praemissis
1554 4829 1737 4893 auctoritate
1762 4831 1902 4894 eiusdem

1156 4917 1412 4995 congregationis
1434 4921 1655 4985 Cardinalium.

1194 5013 1212 5086 θ
1228 5013 1255 5074 la.
1271 5013 1477 5076 Decernentes
1488 5017 1613 5094 pariter,
1627 5021 1747 5081 easdem
1760 5037 1902 5098 praesen·

1156 5110 1199 5166 tes
1222 5105 1339 5168 litteras
1360 5124 1482 5188 semper
1498 5112 1611 5186 firmas,
1629 5114 1742 5176 validas
1758 5123 1789 5175 et
1803 5115 1902 5176 edica·

1153 5213 1202 5257 ces
1224 5200 1357 5261 existere
1379 5210 1409 5264 et
1431 5203 1511 5278 fore,
1537 5221 1670 5283 suosque
1696 5207 1849 5284 plenarios
1872 5216 1903 5268 et

1154 5290 1292 5367 integros
1307 5294 1432 5356 effectus
1448 5299 1552 5359 sortiri
1568 5307 1597 5360 et
1613 5300 1765 5374 obtinere,
1781 5319 1813 5361 ac
1830 5301 1900 5374 illis,

1154 5385 1190 5445 ad
1213 5402 1289 5462 quos
1311 5395 1446 5465 spectat,
1470 5398 1501 5452 et
1523 5407 1578 5470 pro
1599 5400 1740 5471 tempore
1766 5394 1902 5472 quando-

1154 5493 1287 5555 cumque
1298 5481 1459 5557 spectabit,
1476 5483 1508 5544 in
1524 5485 1670 5547 omnibus
1682 5495 1712 5548 et
1728 5488 1902 5564 peremnia

1153 5571 1375 5634 inviolabiliter
1397 5575 1681 5655 observari,sicque
1703 5579 1734 5639 in
1757 5581 1901 5658 praemis·

1152 5661 1192 5722 sis
1214 5679 1268 5740 per
1290 5681 1503 5746 quoscumque
1528 5669 1643 5732 iudices
1673 5671 1842 5734 ordinarios
1868 5683 1899 5736 et

1153 5754 1319 5832 delegatos,
1332 5760 1425 5836 etiam
1440 5777 1602 5824 causarum
1617 5765 1720 5842 palatii
1742 5767 1898 5845 apostolici

1949 5015 2093 5064 clausulae.
