4880 6982
358 505 412 562 An.
426 507 456 561 0.
478 504 546 560 1720
597 507 655 570 336

574 643 810 707 constitutiones
832 651 863 705 et
886 648 1000 706 statuta
1031 643 1110 706 dictat
1140 641 1320 704 auctoritate

575 738 766 810 confirmato,
790 737 940 800 fruuntur
961 745 991 798 et
1013 737 1158 813 gaudent,
1188 752 1242 814 per
1264 751 1319 796 nos

573 832 698 896 concedi
719 833 891 910 plurimum
912 833 1103 896 desiderent:
1128 831 1216 894 nobis
1231 847 1319 910 prop-

575 933 655 988 terea
684 924 844 987 humiliter
875 926 1040 1004 supplicari
1068 925 1207 988 lecerunt
1228 933 1264 988 ut
1286 926 1318 986 in

573 1018 747 1096 praemissis
768 1026 941 1098 opportune
961 1017 1123 1096 providere
1143 1025 1174 1080 et
1189 1026 1223 1080 ut
1239 1018 1318 1078 inira

572 1112 737 1188 indulgere
758 1113 795 1175 de
817 1112 1008 1190 benignitate
1032 1111 1192 1192 apostolici
1214 1112 1318 1188 digna-

574 1221 691 1268 remur.

374 1316 555 1380 erectionem·
612 1300 679 1374 53.
710 1299 770 1361 Nos
801 1301 915 1377 igitur,
949 1302 1131 1364 eorumdem
1161 1316 1317 1378 exponen-

343 1368 555 1471 ἶῗὲῗᾞξῃᾞξζ
573 1394 652 1455 tium
674 1395 753 1456 votis
774 1396 830 1456 bac
852 1396 883 1456 in
906 1413 940 1458 re
961 1396 1096 1472 benigne
1111 1410 1250 1457 annuere
1265 1412 1317 1456 vo-

343 1477 477 1523 ⁴¹¹⁵²¹¹¹⁰¹³⁸
497 1489 555 1534 ¹³¹⁰·
573 1487 683 1563 lentes,
701 1496 731 1549 et
752 1504 861 1550 eorum
875 1489 1046 1566 singulares
1061 1505 1205 1566 personas
1220 1505 1235 1548 a
1251 1489 1319 1567 qui-

343 1532 554 1640 ur¹i¹v⁰i¹lae⁵elissalllvg5
572 1581 676 1642 busvis
697 1583 1037 1656 excommunicationis,
1059 1582 1269 1660 suspensionis
1288 1588 1317 1644 et

305 1709 307 1712 ·
342 1593 518 1686 formatorum.
570 1675 737 1751 interdicti,
760 1675 888 1754 aliisque
909 1676 1117 1738 ecclesiasticis
1141 1676 1315 1749 sententiis,

571 1769 710 1832 censoris
732 1776 762 1832 et
783 1770 901 1848 poenis,
923 1786 938 1830 a
962 1769 1028 1831 iure
1051 1769 1099 1830 vel
1119 1770 1155 1832 ab
1176 1769 1314 1843 bomine,

570 1863 679 1941 quavis
699 1864 856 1926 occasione
877 1863 926 1924 vel
948 1865 1035 1924 causti
1057 1863 1135 1936 latis,
1157 1862 1315 1942 siquibus

570 1957 799 2034 quomodolibet
820 1956 983 2020 innodatae
1004 1956 1154 2028 existunt,
1172 1951 1314 2018 ad'eliec·

571 2056 638 2111 tum
653 2050 863 2128 praesentium
879 2051 1036 2112 dumtaxat
1048 2047 1312 2128 consequendum,

568 2143 680 2206 barum
699 2144 780 2205 serie
800 2143 1003 2217 absolventes,
1026 2151 1056 2204 et
1077 2142 1228 2205 absolutus
1250 2141 1315 2204 lore

568 2244 740 2310 censentes,
768 2237 944 2319 huiusmodi
972 2236 1245 2315 supplicationibus
1268 2237 1313 2298 in-

568 2332 685 2405 clinati,
714 2333 751 2394 de
779 2331 1005 2393 venerabilium
1034 2331 1166 2393 iratrum
1195 2337 1313 2392 nostro-

567 2441 640 2490 rum
662 2426 692 2488 S.
709 2427 745 2489 R.
762 2427 796 2488 E.
816 2425 1026 2490 cardinalium
1047 2426 1180 2503 negotiis
1195 2435 1226 2486 et
1241 2441 1312 2487 con·

565 2520 781 2583 soltationibos
810 2521 1030 2598 Episcoporum
1052 2527 1083 2581 et
1110 2519 1311 2595 Regularium

566 2615 822 2691 praepositorum,
835 2615 888 2691 qui
905 2613 1087 2675 relationem
1103 2613 1205 2676 dilecti
1220 2613 1311 2674 etiam

566 2706 622 2766 filii
643 2707 784 2768 moderni
808 2706 918 2786 prioris
933 2706 1086 2782 generalis
1101 2707 1171 2768 dicti
1189 2706 1311 2770 Ordinis

564 2799 761 2878 rationesque
775 2799 918 2862 deductas
933 2807 1055 2862 mature
1066 2799 1309 2878 perpenderunt,

564 2892 703 2967 consilio,
725 2895 911 2972 supradictas
942 2894 1069 2955 vicarias
1089 2895 1122 2954 in
1145 2895 1220 2956 duas
1242 2909 1311 2971 pro-

562 2986 680 3048 vincias
701 2986 845 3048 lormales
866 2988 901 3049 ad
923 2986 1019 3047 instar
1038 2986 1169 3048 aliorum
1184 2987 1308 3066 provin—

562 3079 680 3140 ciarum
701 3079 837 3142 eiusdem
860 3079 992 3154 Ordinis,
1016 3079 1107 3140 salvis
1130 3088 1234 3141 tomen
1249 3081 1310 3158 pri·

562 3172 684 3249 vilegiis
705 3175 887 3236 eorumdem
902 3181 1114 3235 conventuum
1129 3172 1309 3234 relormato-

562 3283 646 3342 rum,
661 3269 841 3331 auctoritate
856 3267 1028 3346 apostolica,
1042 3273 1150 3328 tenore
1165 3283 1307 3344 proesen-

563 3363 652 3436 tium,
676 3361 761 3424 iusta
783 3363 888 3440 petita,
911 3362 1076 3438 erigimus3
1098 3361 1181 3422 salvat
1203 3367 1307 3422 tamen

561 3471 683 3535 semper
704 3456 737 3517 in
760 3455 934 3534 praemissis
962 3457 1144 3518 auctoritate
1172 3455 1307 3531 Congre-

562 3550 692 3626 gationis
714 3549 895 3612 eorumdem
917 3548 1137 3612 cardinalium.

601 3646 620 3719 ἓ
640 3643 669 3704 d.
693 3644 911 3716 decernentes,
928 3645 1048 3706 easdem
1067 3651 1241 3722 praesentes
1257 3643 1307 3704 lit·

561 3745 652 3814 teras,
682 3739 796 3812 tirmas,
826 3737 937 3798 validas
959 3745 989 3798 et
1010 3736 1145 3800 ellieaces
1172 3739 1305 3800 existere

560 3837 591 3892 et
612 3829 688 3904 lore,
715 3845 848 3907 suosque
872 3828 1025 3906 plenarios
1045 3836 1077 3890 et
1102 3829 1240 3906 integros
1261 3830 1303 3892 el·

559 3921 782 3990 iectussortiri
802 3930 833 3983 et
854 3923 1005 3997 obtinere,
1029 3940 1061 3985 ac
1082 3922 1154 3996 illis,
1171 3922 1206 3982 ad
1228 3941 1304 4002 quos

557 4025 673 4095 spectat
697 4023 728 4078 et
755 4032 810 4094 pro
836 4023 974 4093 tempore
1000 4016 1160 4094 spectabit,
1182 4015 1216 4077 in
1239 4033 1305 4078 om-

559 4111 649 4174 nibus
670 4117 701 4173 et
722 4127 777 4190 per
798 4110 903 4172 omnia
928 4101 1108 4188 plenissime
1128 4109 1302 4187 sullragari,

557 4205 661 4282 sicque
682 4206 715 4267 in
738 4203 912 4282 praemissis
938 4219 993 4281 per
1023 4219 1235 4282 quoscumque
1256 4205 1302 4266 iu-

558 4299 637 4361 dices
668 4298 839 4362 ordinarios
861 4304 891 4359 et
918 4297 1087 4374 delegatos,
1117 4298 1211 4359 etiam
1232 4315 1301 4360 cau·

371 3671 515 3718 clausulae.

597 4571 627 4628 ll)
643 4572 679 4616 Ex
694 4571 755 4628 Reg.
771 4572 826 4617 t'at.
839 4583 875 4629 ep.
888 4569 920 4617 od
930 4569 1011 4628 princ.
1023 4573 1049 4616 et
1061 4571 1135 4617 alios.
1147 4572 1301 4618 Huiusmodi

557 4639 676 4695 synodus
689 4641 748 4684 acto
762 4641 788 4683 et
803 4639 908 4684 decreta
923 4639 980 4683 vide
991 4639 1018 4682 in
1028 4639 1184 4684 collectione
1195 4641 1301 4685 [rocensi

556 4708 605 4751 vol.
621 4711 660 4759 11,
674 4719 697 4763 p.
710 4709 723 4748 3
736 4709 762 4750 et
777 4708 892 4762 sequent.
909 4707 932 4749 S.
944 4709 968 4750 P.
982 4705 1034 4751 iam
1049 4706 1082 4750 ob
1096 4717 1165 4750 antro
1175 4717 1298 4752 noccxvr.

556 4774 724 4818 corrrmiserot
746 4773 842 4817 Nuntio
863 4771 985 4816 Polonioe
1008 4773 1140 4827 synodum
1162 4784 1253 4828 regere
1275 4776 1301 4818 et

555 4839 660 4886 nomine
675 4845 698 4884 S.
715 4845 759 4897 dp.
775 4835 924 4896 praesldore
943 4851 995 4894 seq.
1012 4838 1050 4882 lit.
1066 4850 1106 4895 ap.
1122 4839 1254 4896 deprornp.
1270 4852 1300 4884 ex

555 4911 617 4964 Reg.
633 4910 688 4953 vot.
705 4919 742 4964 ep.
759 4907 849 4952 eodem
864 4907 896 4950 ad
911 4906 991 4962 princ.

558 5045 703 5089 Vener-obiit
715 5045 798 5092 fratri
813 5045 1012 5094 arctraeptsropo
1029 5044 1155 5090 deessem,
1171 5045 1263 5085 ›roetro
1276 5045 1299 5084 et

607 5115 769 5164 apostoticae
782 5113 854 5154 Sedis
868 5113 897 5153 iit
913 5121 995 5160 reparo
1010 5113 1135 5153 Potentiae
1147 5113 1247 5152 Nar-ratio

780 5219 923 5264 CLEMENS
938 5221 1016 5263 ΡΑΡΑ
1031 5221 1071 5264 XI.

796 5317 955 5359 Venerabilis
969 5317 1062 5364 freter,

641 5385 754 5426 satutem
769 5387 793 5425 ct
806 5386 979 5434 apostoticam
998 5384 1207 5426 berredtcttonenc.

593 5516 664 5569 lirant,
674 5516 741 5562 sicut
748 5515 904 5573 accepimns,
913 5517 1052 5561 modernus
1061 5516 1226 5572 Metropolim
1235 5519 1297 5560 Rus·

553 5580 608 5628 siae
623 5593 674 5630 urna
688 5593 748 5629 cnm
763 5584 957 5628 venerabilibus
968 5584 1048 5628 etiam
1059 5583 1186 5628 fratribus
1197 5583 1298 5639 Episco-

554 5651 593 5708 pis
607 5651 736 5696 erithonis
758 5649 841 5697 unitis
860 5652 992 5708 synodum
1007 5661 1086 5708 super
1100 5651 1179 5695 rebus
1193 5650 1225 5694 od
1240 5650 1297 5695 eiras

554 5719 784 5774 irretropolitnnaun
798 5719 917 5775 aliosque
933 5717 1059 5762 Ecclesiae
1079 5719 1215 5762 Rutbenas
1230 5729 1297 5772 spec·

554 5785 671 5829 tontibus
692 5785 840 5841 propediem
862 5785 995 5830 celebrare
1017 5783 1150 5828 intendat:
1173 5795 1220 5828 nos
1236 5786 1298 5839 Syn-

553 5853 631 5896 odurn
654 5851 804 5896 huiusmodi
827 5855 897 5897 recte
911 5855 937 5896 et
952 5851 1063 5896 feliciter
1077 5849 1109 5896 ad
1125 5849 1169 5895 boi
1184 5850 1296 5906 gloriam

553 5919 734 5974 dictorumque
757 5919 926 5964 ecelesiarum
950 5915 1093 5964 utilitatem
1114 5918 1242 5964 celebrari
1256 5929 1298 5963 cu-

1099 521 1164 567 lUll·
1189 519 1279 566 PONT·
1303 519 1344 566 DE
1365 518 1394 564 P.
1417 521 1445 566 Ε.
1470 519 1553 568 PARS
1575 520 1595 567 l.

2152 512 2208 566 An.
2222 515 2256 566 0.
2280 513 2348 564 1720

1373 656 1475 702 sarum
1499 641 1602 718 palatii
1623 642 1780 722 apostolici
1805 645 1971 720 auditores,
1994 644 2121 708 iudicari

1376 741 1406 796 et
1427 735 1550 797 definiri
1571 735 1699 812 debere,
1723 755 1756 800 ac
1778 739 1905 802 irritum
1929 747 1959 801 et
1982 740 2074 802 inane
2094 741 2121 803 si

1372 845 1459 890 secus
1480 846 1573 909 super
1594 831 1641 891 bis
1663 849 1678 892 a
1700 849 1867 910 quoquam,
1890 834 1997 912 quavis
2018 844 2121 896 aucto-

1372 923 1474 996 ritate,
1497 924 1630 986 scienter
1659 925 1708 986 vel
1734 927 1930 1004 ignoranter,
1953 928 2120 1005 contigerit

1372 1018 1527 1078 attentari.

1412 1109 1430 1182 ἓ
1452 1109 1479 1170 ii.
1505 1110 1572 1172 Non
1591 1113 1784 1176 obstantibus
1798 1115 1985 1193 praemissis,
2001 1133 2033 1176 ac
2047 1133 2120 1179 con·
2161 1131 2358 1194 canteriorum

1371 1204 1585 1267 stitutionibus
1610 1215 1641 1279 et
1663 1208 1908 1270 ordinationibus
1932 1211 2118 1288 apostolicis,
2138 1182 2285 1240 ocrogauo.

1371 1313 1415 1372 ac,
1439 1306 1591 1375 quatenns
1618 1317 1694 1379 opus
1714 1302 1765 1376 sit,
1788 1311 2014 1377 conventuum,
2039 1304 2117 1366 vica·

1371 1390 1488 1452 riarum
1511 1399 1542 1453 et
1564 1393 1685 1455 Ordinis
1706 1395 1897 1470 huiusmodi,
1924 1395 2017 1458 etiam
2038 1397 2118 1460 iuru-

1371 1492 1489 1558 mento,
1505 1487 1740 1550 confirmatione
1754 1490 1929 1566 apostolica,
1945 1490 1996 1552 vel
2012 1493 2118 1568 quovis

1372 1577 1517 1639 tirmitato
1532 1579 1589 1642 atta
1601 1581 1760 1656 roboratis,
1774 1584 1896 1646 statutis
1911 1593 1941 1645 et
1953 1593 2118 1646 consuetu·

1371 1671 1506 1748 dinibus,
1519 1673 1689 1751 privilegiis
1701 1692 1835 1756 quoque,
1849 1677 1976 1740 indultis
1989 1687 2020 1740 et
2036 1678 2117 1741 litte-

1371 1767 1411 1826 ris
1433 1768 1603 1846 apostolicis
1619 1769 1651 1831 in
1669 1771 1861 1833 contrarium
1876 1772 2117 1850 praemissorum

1370 1862 1601 1939 quomodolibet
1623 1865 1785 1938 concessis,
1808 1865 1996 1927 confirmatis
2017 1873 2048 1927 et
2069 1867 2117 1928 in-

1371 1955 1506 2032 novatis;
1530 1957 1642 2034 quibus
1663 1958 1808 2020 omnibus
1830 1965 1861 2020 et
1881 1958 2025 2036 singulis,
2048 1959 2117 2020 illo-

1370 2063 1441 2110 rum
1456 2057 1580 2111 tenores
1602 2052 1814 2128 praesentibus
1833 2070 1888 2132 pro
1902 2053 1994 2132 plene
2009 2060 2039 2114 et
2053 2053 2115 2114 sul-

1370 2144 1511 2206 licienter
1542 2145 1693 2222 expressis
1714 2162 1746 2207 ac
1771 2146 1961 2210 adverbum
1991 2147 2114 2208 insertis

1370 2237 1529 2312 babentes,
1543 2238 1603 2298 illis
1624 2239 1696 2300 alids
1716 2239 1749 2301 io
1764 2257 1820 2302 suo
1841 2240 1951 2302 robore
1972 2255 2114 2318 perman-

1367 2332 1458 2406 suris,
1481 2333 1517 2396 ad
1538 2332 1778 2410 praemissorum
1799 2333 1957 2410 ellectum,
1978 2335 2032 2396 bac
2046 2334 2114 2398 vice

1367 2423 1543 2500 dumtaxat,
1572 2426 1743 2502 specialiter
1765 2434 1796 2488 et
1817 2443 1960 2506 expresse
1987 2427 2112 2505 deroga-

1367 2534 1453 2594 mus,
1477 2519 1649 2597 ceterisque
1669 2520 1831 2592 contrariis
1852 2521 2109 2600 quibuscumque.

1406 2612 1425 2686 ἓ
1446 2611 1475 2672 li.
1493 2609 1649 2673 Volumus
1663 2621 1767 2674 autem
1783 2621 1818 2674 ut
1832 2613 2013 2675 earumdem
2027 2631 2112 2693 prae·
2159 2643 2346 2700 rmnsumpro-

1364 2703 1502 2766 sentium
1518 2705 1691 2767 litterarum
1708 2707 1920 2784 transumptis,
1935 2724 1990 2770 seu
2007 2724 2110 2770 erem·
2130 2705 2188 2740 “¹⁰¹
2204 2696 2275 2742 Μῦς·

1366 2797 1433 2874 plis,
1450 2797 1543 2874 etiam
1560 2797 1726 2876 impressis
1743 2815 1838 2862 manu
1856 2800 1983 2862 alicuius
1999 2802 2108 2864 notarii

1365 2890 1479 2968 publici
1511 2891 1701 2969 subscriptis,
1729 2901 1760 2953 et
1780 2891 1881 2968 sigillo
1909 2909 2056 2971 personae
2077 2895 2108 2956 in

1364 2983 1562 3046 ecclesiastici
1584 2984 1736 3061 dignitate
1756 2985 1942 3056 constitutae
1962 2988 2108 3062 munitis,

1364 3076 1470 3137 eadem
1492 3093 1616 3155 prorsus
1643 3079 1716 3140 sides
1743 3077 1857 3158 ubique
1885 3079 2025 3142 locorum
2046 3089 2109 3142 tam

1363 3171 1397 3232 in
1419 3171 1532 3232 iudicio
1554 3185 1647 3249 quam
1661 3179 1748 3233 extra
1764 3170 1840 3234 illud
1855 3171 2015 3248 habeatur,
2032 3191 2109 3252 quae

1363 3265 1436 3342 ipsis
1457 3264 1669 3342 praesentibus
1691 3265 1868 3339 baberetur,
1885 3266 1911 3326 si
1932 3265 2036 3328 forent
2057 3283 2110 3328 es-

1363 3358 1476 3420 bibitoe
1498 3358 1549 3418 vel
1570 3365 1721 3420 ostensae.
2092 3357 2097 3373 ¹

1402 3453 1512 3512 Datum
1541 3452 1671 3526 llomae,
1701 3453 1780 3530 apud
1808 3453 1838 3516 S.
1863 3454 1988 3516 illariam
2018 3455 2107 3517 blain-

1361 3562 1439 3620 rem,
1463 3547 1520 3607 snb
1541 3545 1657 3606 annulo
1678 3545 1848 3622 Piscatoris,
1869 3547 1918 3610 die
1933 3564 1986 3610 xx.
2004 3549 2107 3628 aprilis

1361 3655 1517 3715 noceam,
1541 3639 1736 3718 pontificatus
1757 3641 1856 3702 nostri
1877 3659 1959 3704 enno
1981 3659 2033 3704 xx.

1618 3799 1855 3812 ι--καιιι-ι-ηο-η

1686 3927 1776 3990 LXll.

1359 4113 1402 4173 lle
1424 4119 1614 4192 ronqreputo
1644 4114 1768 4192 Spatodo
1797 4115 1979 4176 Zurrrosciue
2001 4113 2104 4190 dispo·

1396 4207 1447 4267 ttit
1469 4215 1499 4268 et
1519 4207 1701 4283 plurimum
1722 4208 1917 4286 proteletur
1938 4225 2010 4268 cunt
2032 4224 2101 4267 con·

1395 4301 1536 4378 qreqatt's
1559 4301 1723 4378 Episcopus²
1745 4299 1905 4363 Rtttltenis
1924 4301 1979 4380 (l).

1356 4573 1465 4630 pientes,
1481 4577 1514 4629 te,
1529 4575 1560 4620 de
1574 4575 1649 4620 cuius
1671 4573 1818 4631 prudentio,
1833 4574 1987 4630 integritate
2002 4577 2028 4617 et
2042 4574 2101 4618 reli·

1355 4641 1441 4696 gionis
1463 4643 1517 4687 zelo
1539 4642 1684 4699 plurimum
1706 4643 1733 4686 in
1755 4642 1864 4686 Donrino
1885 4641 2053 4696 confidimus,
2074 4641 2098 4686 iu

1355 4707 1489 4762 praedicta
1511 4710 1613 4765 synodo
1634 4713 1725 4754 nostro
1739 4712 1765 4753 et
1786 4709 1859 4753 Sedis
1881 4709 2043 4765 apostolicae
2058 4721 2101 4752 no-

1356 4778 1425 4821 mine
1446 4776 1640 4821 praesidentem
1661 4787 1721 4821 cnm
1742 4775 1907 4830 auctoritate,
1923 4775 2099 4824 saterrltatibus,

1355 4843 1544 4896 iurisdictione,
1556 4841 1698 4888 bonoribus
1713 4845 1739 4887 el
1751 4843 1874 4888 oneribus
1885 4842 2015 4888 similibus
2026 4845 2100 4888 Proe-

1355 4909 1500 4954 sidentibus
1515 4910 1722 4966 competentibus
1737 4911 1762 4954 et
1777 4908 1836 4954 aliis
1853 4907 1938 4954 solitis
1953 4911 1978 4952 et
1994 4919 2099 4952 consue·

1356 4976 1390 5020 tis
1404 4977 1547 5032 apostolica
1568 4976 1726 5021 atuetoritate
1743 4979 1834 5021 tenore
1849 4975 2027 5033 praesentium
2041 4973 2099 5019 feci·

1355 5053 1421 5098 niuis,
1436 5043 1622 5088 constituimus
1637 5047 1663 5088 et
1677 5043 1849 5099 deputamus;
1866 5047 1942 5098 teque
1953 5041 2099 5086 inbomino

1355 5110 1494 5155 hortamur
1508 5114 1534 5154 et
1549 5121 1694 5166 monemus,
1709 5113 1739 5155 ut
1752 5111 1886 5166 synodum
1905 5109 2056 5154 huiusmodi
2072 5109 2099 5152 ss-

1354 5177 1449 5221 deliter
1463 5189 1554 5232 regere
1568 5189 1599 5223 ac
1613 5178 1639 5222 in
1655 5177 1702 5222 illo
1716 5177 1813 5232 omnia,
1824 5177 1932 5234 quaead
1943 5186 2097 5232 prosperum

1354 5245 1522 5288 ecclesiarum
1545 5245 1739 5301 praedictarum
1761 5244 1880 5300 regimen
1900 5245 1926 5288 et
1940 5242 2096 5298 gubernium

1354 5311 1494 5367 pertinent,
1516 5312 1628 5366 decerni,
1650 5313 1733 5357 statui
1755 5315 1781 5356 et
1796 5311 1914 5356 ordinari
1935 5321 2010 5356 cures
2025 5315 2050 5355 et
2064 5310 2098 5354 so·

1353 5377 1415 5433 clare,
1430 5379 1468 5423 ita
1489 5381 1586 5432 tomen,
1602 5381 1631 5424 nt
1646 5391 1683 5432 oa,
1698 5391 1764 5436 quoe
1787 5379 1814 5423 in
1829 5379 1919 5424 eadent
1942 5378 2044 5434 synodo
2058 5379 2098 5420 de·

1353 5447 1432 5500 creta,
1447 5448 1549 5492 statuta
1563 5450 1589 5492 et
1604 5447 1725 5491 ordinato
1740 5446 1832 5500 forent,
1843 5445 1870 5490 in
1881 5455 2007 5502 suspenso
2016 5454 2098 5489 rema-

1353 5515 1432 5557 neant
1454 5513 1613 5570 illorumque
1636 5513 1797 5569 exsequialia,
1819 5513 1899 5558 donec
1920 5525 1935 5558 a
1955 5517 2098 5568 congrega·

1353 5579 1423 5624 tione
1438 5581 1629 5626 venerabilium
1644 5581 1756 5626 fratrum
1767 5583 1918 5625 nostrorum
1931 5583 1953 5624 S.
1963 5583 1992 5624 R.
2002 5583 2028 5624 E.
2040 5583 2098 5624 Cor-

1352 5645 1481 5692 dinalium
1504 5648 1616 5704 negotiis
1639 5647 1824 5703 propagandae
1844 5647 1918 5692 Fidei
1939 5647 2096 5704 praeposita,

1353 5715 1502 5760 exorninnta
1523 5719 1549 5760 et
1570 5716 1714 5772 approbato
1737 5727 1787 5760 non
1809 5715 1919 5768 siverint,
1941 5715 2043 5760 differri
2057 5715 2097 5760 de-

1353 5782 1426 5826 beat:
1443 5781 1596 5826 mandantes
1611 5785 1750 5838 propterea
1764 5783 1791 5826 in
1806 5782 1905 5827 virtute
1920 5787 2026 5828 sanetae
2041 5783 2097 5829 obe-

1352 5849 1467 5894 dientiae
1483 5848 1623 5904 praedictis
1638 5850 1819 5906 Metropolitae
1834 5853 1860 5894 ot
1874 5851 2007 5908 Episcopis
2022 5851 2097 5896 aodi-

1352 5916 1427 5962 lectis
1443 5916 1505 5960 liliis
1521 5916 1554 5972 [e]
1569 5915 1639 5962 clero
1653 5916 1679 5961 in
1695 5916 1828 5974 praedicta
1842 5919 1943 5974 syuodo
1958 5929 2097 5976 congrego·
