<?xml version="1.0" encoding="UTF-8"?>
<!DOCTYPE html PUBLIC "-//W3C//DTD XHTML 1.0 Transitional//EN"
    "http://www.w3.org/TR/xhtml1/DTD/xhtml1-transitional.dtd">
<html xmlns="http://www.w3.org/1999/xhtml" xml:lang="en" lang="en">
 <head>
  <title>
</title>
<meta http-equiv="Content-Type" content="text/html;charset=utf-8" />
  <meta name='ocr-system' content='tesseract 3.04.00' />
  <meta name='ocr-capabilities' content='ocr_page ocr_carea ocr_par ocr_line ocrx_word'/>
</head>
<body>
  <div class='ocr_page' id='page_1' title='image "./iurispontificii04martgoog_0303.png"; bbox 0 0 4880 6982; ppageno 0'>
   <div class='ocr_carea' id='block_1_1' title="bbox 138 551 326 606">
    <p class='ocr_par' dir='ltr' id='par_1_1' title="bbox 138 551 326 606">
     <span class='ocr_line' id='line_1_1' title="bbox 138 551 326 606; baseline 0.005 -3"><span class='ocrx_word' id='word_1_1' title='bbox 138 553 191 604; x_wconf 81' lang='lat' dir='ltr'><strong>An.</strong></span> <span class='ocrx_word' id='word_1_2' title='bbox 206 553 236 605; x_wconf 83' lang='lat' dir='ltr'><strong>O.</strong></span> <span class='ocrx_word' id='word_1_3' title='bbox 259 551 326 606; x_wconf 81' lang='lat' dir='ltr'><strong>vala</strong></span> 
     </span>
    </p>
   </div>
   <div class='ocr_carea' id='block_1_2' title="bbox 122 1074 338 1343">
    <p class='ocr_par' dir='ltr' id='par_1_2' title="bbox 122 1074 338 1343">
     <span class='ocr_line' id='line_1_2' title="bbox 213 1074 337 1122; baseline -0.024 0"><span class='ocrx_word' id='word_1_4' title='bbox 213 1074 337 1122; x_wconf 76' lang='lat' dir='ltr'><strong>Describi-</strong></span> 
     </span>
     <span class='ocr_line' id='line_1_3' title="bbox 125 1130 338 1186; baseline -0.009 -12"><span class='ocrx_word' id='word_1_5' title='bbox 125 1133 171 1174; x_wconf 88' lang='lat' dir='ltr'><strong>tur</strong></span> <span class='ocrx_word' id='word_1_6' title='bbox 180 1130 338 1186; x_wconf 77' lang='lat' dir='ltr'><strong>praestantia</strong></span> 
     </span>
     <span class='ocr_line' id='line_1_4' title="bbox 122 1183 338 1237; baseline -0.005 -10"><span class='ocrx_word' id='word_1_7' title='bbox 122 1187 240 1237; x_wconf 87' lang='lat' dir='ltr'><strong>quatuor</strong></span> <span class='ocrx_word' id='word_1_8' title='bbox 254 1183 338 1228; x_wconf 87' lang='lat' dir='ltr'><strong>domo-</strong></span> 
     </span>
     <span class='ocr_line' id='line_1_5' title="bbox 123 1237 338 1300; baseline 0.005 -21"><span class='ocrx_word' id='word_1_9' title='bbox 123 1237 338 1300; x_wconf 78' lang='lat' dir='ltr'><strong>rumprostndiis</strong></span> 
     </span>
     <span class='ocr_line' id='line_1_6' title="bbox 122 1299 278 1343; baseline 0.006 -11"><span class='ocrx_word' id='word_1_10' title='bbox 122 1299 278 1343; x_wconf 84' lang='lat' dir='ltr'><strong>provinciae.</strong></span> 
     </span>
    </p>
   </div>
   <div class='ocr_carea' id='block_1_3' title="bbox 116 5547 340 5760">
    <p class='ocr_par' dir='ltr' id='par_1_3' title="bbox 116 5547 340 5760">
     <span class='ocr_line' id='line_1_7' title="bbox 205 5547 339 5614; baseline -0.022 -16"><span class='ocrx_word' id='word_1_11' title='bbox 205 5547 339 5614; x_wconf 80' lang='lat' dir='ltr'><strong>concessio</strong></span> 
     </span>
     <span class='ocr_line' id='line_1_8' title="bbox 117 5607 339 5660; baseline -0.027 -5"><span class='ocrx_word' id='word_1_12' title='bbox 117 5607 227 5655; x_wconf 88' lang='lat' dir='ltr'><strong>numeri</strong></span> <span class='ocrx_word' id='word_1_13' title='bbox 254 5615 339 5660; x_wconf 85' lang='lat' dir='ltr'><strong>magr-</strong></span> 
     </span>
     <span class='ocr_line' id='line_1_9' title="bbox 116 5659 340 5707; baseline -0.013 0"><span class='ocrx_word' id='word_1_14' title='bbox 116 5669 238 5707; x_wconf 85' lang='lat' dir='ltr'><strong>strorum</strong></span> <span class='ocrx_word' id='word_1_15' title='bbox 254 5659 286 5704; x_wconf 87' lang='lat' dir='ltr'><strong>ad</strong></span> <span class='ocrx_word' id='word_1_16' title='bbox 296 5669 340 5704; x_wconf 84' lang='lat' dir='ltr'><strong>sex</strong></span> 
     </span>
     <span class='ocr_line' id='line_1_10' title="bbox 116 5715 198 5760; baseline -0.024 0"><span class='ocrx_word' id='word_1_17' title='bbox 116 5715 198 5760; x_wconf 85' lang='lat' dir='ltr'><strong>alios.</strong></span> 
     </span>
    </p>
   </div>
   <div class='ocr_carea' id='block_1_4' title="bbox 1020 565 1226 612">
    <p class='ocr_par' dir='ltr' id='par_1_4' title="bbox 1020 565 1226 612">
     <span class='ocr_line' id='line_1_11' title="bbox 1020 565 1226 612; baseline -0.024 0"><span class='ocrx_word' id='word_1_18' title='bbox 1020 565 1161 612; x_wconf 76' lang='lat' dir='ltr'>CLEMENS</span> <span class='ocrx_word' id='word_1_19' title='bbox 1183 565 1226 612; x_wconf 72' lang='lat' dir='ltr'><strong>xl.</strong></span> 
     </span>
    </p>
   </div>
   <div class='ocr_carea' id='block_1_5' title="bbox 495 733 957 941">
    <p class='ocr_par' dir='ltr' id='par_1_5' title="bbox 495 733 957 941">
     <span class='ocr_line' id='line_1_12' title="bbox 555 733 896 804; baseline -0.018 0"><span class='ocrx_word' id='word_1_20' title='bbox 555 733 740 804; x_wconf 70' lang='lat' dir='ltr'><strong>eltutus</strong></span> <span class='ocrx_word' id='word_1_21' title='bbox 767 735 826 804; x_wconf 89' lang='grc' dir='ltr'><strong>ΡΡ.</strong></span> <span class='ocrx_word' id='word_1_22' title='bbox 850 735 896 802; x_wconf 92' lang='lat' dir='ltr'><strong>lii.</strong></span> 
     </span>
     <span class='ocr_line' id='line_1_13' title="bbox 495 871 957 941; baseline -0.017 0"><span class='ocrx_word' id='word_1_23' title='bbox 495 873 531 941; x_wconf 86' lang='lat' dir='ltr'><strong>erl</strong></span> <span class='ocrx_word' id='word_1_24' title='bbox 552 873 683 940; x_wconf 85' lang='lat' dir='ltr'><strong>loturam</strong></span> <span class='ocrx_word' id='word_1_25' title='bbox 706 872 749 940; x_wconf 87' lang='lat' dir='ltr'><strong>rei</strong></span> <span class='ocrx_word' id='word_1_26' title='bbox 778 871 957 940; x_wconf 85' lang='lat' dir='ltr'><strong>memorien.</strong></span> 
     </span>
    </p>
   </div>
   <div class='ocr_carea' id='block_1_6' title="bbox 355 1060 1101 5997">
    <p class='ocr_par' dir='ltr' id='par_1_6' title="bbox 355 1060 1100 5511">
     <span class='ocr_line' id='line_1_14' title="bbox 396 1060 1097 1145; baseline -0.009 -17"><span class='ocrx_word' id='word_1_27' title='bbox 396 1069 415 1143; x_wconf 66' lang='grc' dir='ltr'><strong>ἓ</strong></span> <span class='ocrx_word' id='word_1_28' title='bbox 439 1067 464 1128; x_wconf 84' lang='grc'><strong>-1,</strong></span> <span class='ocrx_word' id='word_1_29' title='bbox 489 1067 610 1145; x_wconf 85' lang='lat' dir='ltr'><strong>Exponi</strong></span> <span class='ocrx_word' id='word_1_30' title='bbox 632 1082 733 1144; x_wconf 83' lang='lat' dir='ltr'>nuper</span> <span class='ocrx_word' id='word_1_31' title='bbox 754 1064 894 1127; x_wconf 88' lang='lat' dir='ltr'><strong>lecerunt</strong></span> <span class='ocrx_word' id='word_1_32' title='bbox 915 1063 1018 1125; x_wconf 90' lang='lat' dir='ltr'><strong>dilecti</strong></span> <span class='ocrx_word' id='word_1_33' title='bbox 1044 1060 1097 1123; x_wconf 87' lang='lat' dir='ltr'><strong>filii</strong></span> 
     </span>
     <span class='ocr_line' id='line_1_15' title="bbox 356 1154 1097 1236; baseline -0.013 -14"><span class='ocrx_word' id='word_1_34' title='bbox 356 1161 464 1222; x_wconf 82' lang='lat' dir='ltr'><strong>tratres</strong></span> <span class='ocrx_word' id='word_1_35' title='bbox 484 1158 661 1236; x_wconf 89' lang='lat' dir='ltr'><strong>provinciae</strong></span> <span class='ocrx_word' id='word_1_36' title='bbox 683 1158 827 1219; x_wconf 88' lang='lat' dir='ltr'><strong>Limanae</strong></span> <span class='ocrx_word' id='word_1_37' title='bbox 848 1155 967 1218; x_wconf 81' lang='lat' dir='ltr'>Ordinis</span> <span class='ocrx_word' id='word_1_38' title='bbox 988 1154 1097 1215; x_wconf 89' lang='lat' dir='ltr'><strong>eremi-</strong></span> 
     </span>
     <span class='ocr_line' id='line_1_16' title="bbox 357 1245 1098 1325; baseline -0.012 -11"><span class='ocrx_word' id='word_1_39' title='bbox 357 1259 458 1314; x_wconf 91' lang='lat' dir='ltr'><strong>tarum</strong></span> <span class='ocrx_word' id='word_1_40' title='bbox 481 1250 583 1314; x_wconf 88' lang='lat' dir='ltr'><strong>Sancti</strong></span> <span class='ocrx_word' id='word_1_41' title='bbox 605 1249 772 1325; x_wconf 77' lang='lat' dir='ltr'><strong>Augustini</strong></span> <span class='ocrx_word' id='word_1_42' title='bbox 794 1247 825 1310; x_wconf 89' lang='lat' dir='ltr'><strong>in</strong></span> <span class='ocrx_word' id='word_1_43' title='bbox 849 1247 941 1310; x_wconf 91' lang='lat' dir='ltr'><strong>indiis</strong></span> <span class='ocrx_word' id='word_1_44' title='bbox 955 1245 1098 1310; x_wconf 89' lang='lat' dir='ltr'><strong>Occiden-</strong></span> 
     </span>
     <span class='ocr_line' id='line_1_17' title="bbox 356 1339 1098 1422; baseline -0.012 -14"><span class='ocrx_word' id='word_1_45' title='bbox 356 1346 477 1419; x_wconf 91' lang='lat' dir='ltr'><strong>talibus,</strong></span> <span class='ocrx_word' id='word_1_46' title='bbox 487 1345 566 1422; x_wconf 90' lang='lat' dir='ltr'><strong>quod</strong></span> <span class='ocrx_word' id='word_1_47' title='bbox 578 1343 656 1406; x_wconf 90' lang='lat' dir='ltr'><strong>diota</strong></span> <span class='ocrx_word' id='word_1_48' title='bbox 670 1342 827 1421; x_wconf 91' lang='lat' dir='ltr'><strong>provincia</strong></span> <span class='ocrx_word' id='word_1_49' title='bbox 843 1349 974 1418; x_wconf 89' lang='lat' dir='ltr'><strong>quatuor</strong></span> <span class='ocrx_word' id='word_1_50' title='bbox 989 1339 1098 1399; x_wconf 92' lang='lat' dir='ltr'><strong>domus</strong></span> 
     </span>
     <span class='ocr_line' id='line_1_18' title="bbox 355 1431 1099 1515; baseline -0.015 -13"><span class='ocrx_word' id='word_1_51' title='bbox 355 1439 530 1502; x_wconf 91' lang='lat' dir='ltr'><strong>studiorum</strong></span> <span class='ocrx_word' id='word_1_52' title='bbox 551 1453 614 1498; x_wconf 91' lang='lat' dir='ltr'><strong>non</strong></span> <span class='ocrx_word' id='word_1_53' title='bbox 636 1452 746 1515; x_wconf 91' lang='lat' dir='ltr'><strong>parum</strong></span> <span class='ocrx_word' id='word_1_54' title='bbox 768 1435 944 1512; x_wconf 89' lang='lat' dir='ltr'><strong>conspicuas</strong></span> <span class='ocrx_word' id='word_1_55' title='bbox 959 1439 989 1494; x_wconf 91' lang='lat' dir='ltr'><strong>et</strong></span> <span class='ocrx_word' id='word_1_56' title='bbox 1010 1431 1099 1492; x_wconf 91' lang='lat' dir='ltr'><strong>deco-</strong></span> 
     </span>
     <span class='ocr_line' id='line_1_19' title="bbox 357 1526 1098 1608; baseline -0.009 -15"><span class='ocrx_word' id='word_1_57' title='bbox 357 1549 404 1594; x_wconf 89' lang='lat' dir='ltr'><strong>ras</strong></span> <span class='ocrx_word' id='word_1_58' title='bbox 425 1531 528 1605; x_wconf 93' lang='lat' dir='ltr'><strong>habet,</strong></span> <span class='ocrx_word' id='word_1_59' title='bbox 551 1537 581 1592; x_wconf 91' lang='lat' dir='ltr'><strong>et</strong></span> <span class='ocrx_word' id='word_1_60' title='bbox 603 1531 636 1592; x_wconf 91' lang='lat' dir='ltr'><strong>in</strong></span> <span class='ocrx_word' id='word_1_61' title='bbox 657 1530 756 1607; x_wconf 84' lang='lat' dir='ltr'><strong>prima</strong></span> <span class='ocrx_word' id='word_1_62' title='bbox 783 1529 909 1608; x_wconf 91' lang='lat' dir='ltr'><strong>quidem</strong></span> <span class='ocrx_word' id='word_1_63' title='bbox 930 1527 963 1588; x_wconf 92' lang='grc' dir='ltr'><strong>Β.</strong></span> <span class='ocrx_word' id='word_1_64' title='bbox 988 1526 1098 1588; x_wconf 89' lang='lat' dir='ltr'><strong>llariae</strong></span> 
     </span>
     <span class='ocr_line' id='line_1_20' title="bbox 357 1619 1098 1702; baseline -0.011 -14"><span class='ocrx_word' id='word_1_65' title='bbox 357 1625 495 1702; x_wconf 80' lang='lat' dir='ltr'><strong>Virginis</strong></span> <span class='ocrx_word' id='word_1_66' title='bbox 517 1625 554 1687; x_wconf 89' lang='lat' dir='ltr'><strong>de</strong></span> <span class='ocrx_word' id='word_1_67' title='bbox 574 1624 676 1686; x_wconf 81' lang='lat' dir='ltr'><strong>Gratia</strong></span> <span class='ocrx_word' id='word_1_68' title='bbox 698 1622 874 1700; x_wconf 81' lang='lat' dir='ltr'><strong>nuncupata</strong></span> <span class='ocrx_word' id='word_1_69' title='bbox 886 1621 1033 1682; x_wconf 89' lang='lat' dir='ltr'><strong>continuo</strong></span> <span class='ocrx_word' id='word_1_70' title='bbox 1048 1619 1098 1680; x_wconf 91' lang='lat' dir='ltr'><strong>ad-</strong></span> 
     </span>
     <span class='ocr_line' id='line_1_21' title="bbox 355 1711 1098 1796; baseline -0.012 -16"><span class='ocrx_word' id='word_1_71' title='bbox 355 1726 430 1780; x_wconf 91' lang='lat' dir='ltr'><strong>sunt</strong></span> <span class='ocrx_word' id='word_1_72' title='bbox 450 1725 582 1796; x_wconf 92' lang='lat' dir='ltr'><strong>quatuor</strong></span> <span class='ocrx_word' id='word_1_73' title='bbox 603 1716 744 1788; x_wconf 89' lang='lat' dir='ltr'><strong>lectores,</strong></span> <span class='ocrx_word' id='word_1_74' title='bbox 766 1717 827 1778; x_wconf 90' lang='lat' dir='ltr'><strong>duo</strong></span> <span class='ocrx_word' id='word_1_75' title='bbox 848 1729 960 1792; x_wconf 89' lang='lat' dir='ltr'><strong>nempe</strong></span> <span class='ocrx_word' id='word_1_76' title='bbox 980 1711 1098 1773; x_wconf 88' lang='lat' dir='ltr'><strong>theolo-</strong></span> 
     </span>
     <span class='ocr_line' id='line_1_22' title="bbox 357 1805 1096 1888; baseline -0.011 -16"><span class='ocrx_word' id='word_1_77' title='bbox 357 1812 425 1887; x_wconf 91' lang='lat' dir='ltr'><strong>giae</strong></span> <span class='ocrx_word' id='word_1_78' title='bbox 444 1809 659 1888; x_wconf 90' lang='lat' dir='ltr'><strong>speculativae,</strong></span> <span class='ocrx_word' id='word_1_79' title='bbox 672 1808 749 1871; x_wconf 89' lang='lat' dir='ltr'><strong>alter</strong></span> <span class='ocrx_word' id='word_1_80' title='bbox 770 1807 942 1882; x_wconf 79' lang='lat' dir='ltr'><strong>theologiae</strong></span> <span class='ocrx_word' id='word_1_81' title='bbox 961 1805 1096 1878; x_wconf 86' lang='lat' dir='ltr'><strong>muralis,</strong></span> 
     </span>
     <span class='ocr_line' id='line_1_23' title="bbox 357 1899 1098 1982; baseline -0.011 -16"><span class='ocrx_word' id='word_1_82' title='bbox 357 1913 387 1966; x_wconf 92' lang='lat' dir='ltr'><strong>et</strong></span> <span class='ocrx_word' id='word_1_83' title='bbox 402 1904 478 1966; x_wconf 90' lang='lat' dir='ltr'><strong>alius</strong></span> <span class='ocrx_word' id='word_1_84' title='bbox 489 1903 715 1982; x_wconf 89' lang='lat' dir='ltr'><strong>philosophiae;</strong></span> <span class='ocrx_word' id='word_1_85' title='bbox 733 1901 764 1963; x_wconf 92' lang='lat' dir='ltr'><strong>in</strong></span> <span class='ocrx_word' id='word_1_86' title='bbox 775 1899 907 1962; x_wconf 79' lang='lat' dir='ltr'><strong>secunda</strong></span> <span class='ocrx_word' id='word_1_87' title='bbox 919 1913 1004 1972; x_wconf 92' lang='lat' dir='ltr'><strong>vero,</strong></span> <span class='ocrx_word' id='word_1_88' title='bbox 1021 1913 1098 1975; x_wconf 92' lang='lat' dir='ltr'><strong>quae</strong></span> 
     </span>
     <span class='ocr_line' id='line_1_24' title="bbox 357 1989 1098 2072; baseline -0.013 -13"><span class='ocrx_word' id='word_1_89' title='bbox 357 2004 402 2060; x_wconf 87' lang='lat' dir='ltr'><strong>est</strong></span> <span class='ocrx_word' id='word_1_90' title='bbox 422 1997 588 2072; x_wconf 81' lang='lat' dir='ltr'><strong>collegium</strong></span> <span class='ocrx_word' id='word_1_91' title='bbox 610 1995 640 2058; x_wconf 88' lang='lat' dir='ltr'><strong>S.</strong></span> <span class='ocrx_word' id='word_1_92' title='bbox 664 1993 858 2072; x_wconf 83' lang='lat' dir='ltr'><strong>idelphonsi,</strong></span> <span class='ocrx_word' id='word_1_93' title='bbox 888 1989 1098 2054; x_wconf 90' lang='lat' dir='ltr'><strong>universitatis</strong></span> 
     </span>
     <span class='ocr_line' id='line_1_25' title="bbox 357 2083 1098 2168; baseline -0.011 -16"><span class='ocrx_word' id='word_1_94' title='bbox 357 2090 530 2168; x_wconf 86' lang='lat' dir='ltr'><strong>pontificiae</strong></span> <span class='ocrx_word' id='word_1_95' title='bbox 550 2087 762 2168; x_wconf 84' lang='lat' dir='ltr'><strong>praerogativa</strong></span> <span class='ocrx_word' id='word_1_96' title='bbox 783 2087 989 2163; x_wconf 80' lang='lat' dir='ltr'><strong>maximisque</strong></span> <span class='ocrx_word' id='word_1_97' title='bbox 1003 2083 1098 2162; x_wconf 91' lang='lat' dir='ltr'><strong>privi-</strong></span> 
     </span>
     <span class='ocr_line' id='line_1_26' title="bbox 356 2180 1097 2260; baseline -0.011 -15"><span class='ocrx_word' id='word_1_98' title='bbox 356 2181 443 2260; x_wconf 91' lang='lat' dir='ltr'><strong>legiis</strong></span> <span class='ocrx_word' id='word_1_99' title='bbox 464 2184 611 2260; x_wconf 87' lang='lat' dir='ltr'><strong>gaudens,</strong></span> <span class='ocrx_word' id='word_1_100' title='bbox 635 2183 789 2258; x_wconf 85' lang='lat' dir='ltr'><strong>octoginta</strong></span> <span class='ocrx_word' id='word_1_101' title='bbox 811 2181 933 2243; x_wconf 89' lang='lat' dir='ltr'><strong>circiter</strong></span> <span class='ocrx_word' id='word_1_102' title='bbox 955 2180 1097 2240; x_wconf 79' lang='lat' dir='ltr'><strong>unacum</strong></span> 
     </span>
     <span class='ocr_line' id='line_1_27' title="bbox 356 2271 1100 2349; baseline -0.011 -11"><span class='ocrx_word' id='word_1_103' title='bbox 356 2276 522 2339; x_wconf 84' lang='lat' dir='ltr'><strong>lectoribus</strong></span> <span class='ocrx_word' id='word_1_104' title='bbox 542 2277 714 2349; x_wconf 82' lang='lat' dir='ltr'><strong>studentes,</strong></span> <span class='ocrx_word' id='word_1_105' title='bbox 729 2293 762 2338; x_wconf 92' lang='lat' dir='ltr'><strong>ac</strong></span> <span class='ocrx_word' id='word_1_106' title='bbox 781 2281 842 2336; x_wconf 91' lang='lat' dir='ltr'><strong>tres</strong></span> <span class='ocrx_word' id='word_1_107' title='bbox 863 2273 992 2335; x_wconf 90' lang='lat' dir='ltr'><strong>lectores</strong></span> <span class='ocrx_word' id='word_1_108' title='bbox 1014 2271 1100 2331; x_wconf 93' lang='lat' dir='ltr'><strong>theo-</strong></span> 
     </span>
     <span class='ocr_line' id='line_1_28' title="bbox 357 2367 1097 2446; baseline -0.011 -16"><span class='ocrx_word' id='word_1_109' title='bbox 357 2367 456 2444; x_wconf 87' lang='lat' dir='ltr'><strong>logiae</strong></span> <span class='ocrx_word' id='word_1_110' title='bbox 476 2367 692 2446; x_wconf 91' lang='lat' dir='ltr'><strong>speculativae,</strong></span> <span class='ocrx_word' id='word_1_111' title='bbox 705 2383 838 2446; x_wconf 92' lang='lat' dir='ltr'><strong>quorum</strong></span> <span class='ocrx_word' id='word_1_112' title='bbox 859 2367 979 2444; x_wconf 92' lang='lat' dir='ltr'><strong>primus</strong></span> <span class='ocrx_word' id='word_1_113' title='bbox 999 2371 1097 2425; x_wconf 91' lang='lat' dir='ltr'><strong>matu-</strong></span> 
     </span>
     <span class='ocr_line' id='line_1_29' title="bbox 357 2460 1098 2538; baseline -0.009 -13"><span class='ocrx_word' id='word_1_114' title='bbox 357 2463 453 2537; x_wconf 89' lang='lat' dir='ltr'><strong>tinus,</strong></span> <span class='ocrx_word' id='word_1_115' title='bbox 464 2461 543 2522; x_wconf 90' lang='lat' dir='ltr'><strong>alter</strong></span> <span class='ocrx_word' id='word_1_116' title='bbox 557 2477 668 2534; x_wconf 91' lang='lat' dir='ltr'><strong>nonae,</strong></span> <span class='ocrx_word' id='word_1_117' title='bbox 685 2467 715 2522; x_wconf 92' lang='lat' dir='ltr'><strong>et</strong></span> <span class='ocrx_word' id='word_1_118' title='bbox 729 2460 807 2521; x_wconf 91' lang='lat' dir='ltr'><strong>alius</strong></span> <span class='ocrx_word' id='word_1_119' title='bbox 821 2474 1020 2538; x_wconf 90' lang='lat' dir='ltr'><strong>vesperarum</strong></span> <span class='ocrx_word' id='word_1_120' title='bbox 1036 2473 1098 2519; x_wconf 90' lang='lat' dir='ltr'><strong>res·</strong></span> 
     </span>
     <span class='ocr_line' id='line_1_30' title="bbox 356 2553 1099 2634; baseline -0.008 -16"><span class='ocrx_word' id='word_1_121' title='bbox 356 2555 478 2634; x_wconf 90' lang='lat' dir='ltr'><strong>pective</strong></span> <span class='ocrx_word' id='word_1_122' title='bbox 499 2561 732 2632; x_wconf 89' lang='lat' dir='ltr'><strong>nuncupantur,</strong></span> <span class='ocrx_word' id='word_1_123' title='bbox 755 2569 878 2615; x_wconf 83' lang='lat' dir='ltr'><strong>necnon</strong></span> <span class='ocrx_word' id='word_1_124' title='bbox 900 2569 983 2614; x_wconf 90' lang='lat' dir='ltr'><strong>unus</strong></span> <span class='ocrx_word' id='word_1_125' title='bbox 1003 2553 1099 2614; x_wconf 91' lang='lat' dir='ltr'><strong>lector</strong></span> 
     </span>
     <span class='ocr_line' id='line_1_31' title="bbox 357 2645 1097 2726; baseline -0.011 -14"><span class='ocrx_word' id='word_1_126' title='bbox 357 2649 528 2726; x_wconf 82' lang='lat' dir='ltr'><strong>theologiae</strong></span> <span class='ocrx_word' id='word_1_127' title='bbox 544 2648 678 2722; x_wconf 81' lang='lat' dir='ltr'><strong>murelle,</strong></span> <span class='ocrx_word' id='word_1_128' title='bbox 691 2655 722 2710; x_wconf 89' lang='lat' dir='ltr'><strong>et</strong></span> <span class='ocrx_word' id='word_1_129' title='bbox 737 2646 788 2708; x_wconf 91' lang='lat' dir='ltr'><strong>alii</strong></span> <span class='ocrx_word' id='word_1_130' title='bbox 803 2648 863 2709; x_wconf 91' lang='lat' dir='ltr'><strong>duo</strong></span> <span class='ocrx_word' id='word_1_131' title='bbox 878 2645 1097 2726; x_wconf 81' lang='lat' dir='ltr'><strong>philosophiae,</strong></span> 
     </span>
     <span class='ocr_line' id='line_1_32' title="bbox 357 2740 1098 2818; baseline -0.007 -14"><span class='ocrx_word' id='word_1_132' title='bbox 357 2760 439 2805; x_wconf 92' lang='lat' dir='ltr'><strong>unus</strong></span> <span class='ocrx_word' id='word_1_133' title='bbox 460 2757 571 2818; x_wconf 89' lang='lat' dir='ltr'><strong>regens</strong></span> <span class='ocrx_word' id='word_1_134' title='bbox 593 2749 623 2802; x_wconf 92' lang='lat' dir='ltr'><strong>et</strong></span> <span class='ocrx_word' id='word_1_135' title='bbox 644 2757 727 2803; x_wconf 78' lang='lat' dir='ltr'><strong>unus</strong></span> <span class='ocrx_word' id='word_1_136' title='bbox 748 2740 893 2818; x_wconf 89' lang='lat' dir='ltr'><strong>magister</strong></span> <span class='ocrx_word' id='word_1_137' title='bbox 911 2741 1098 2812; x_wconf 89' lang='lat' dir='ltr'><strong>studiorum,</strong></span> 
     </span>
     <span class='ocr_line' id='line_1_33' title="bbox 357 2832 1098 2914; baseline -0.005 -17"><span class='ocrx_word' id='word_1_138' title='bbox 357 2836 410 2914; x_wconf 90' lang='lat' dir='ltr'><strong>qui</strong></span> <span class='ocrx_word' id='word_1_139' title='bbox 421 2851 543 2914; x_wconf 87' lang='lat' dir='ltr'><strong>semper</strong></span> <span class='ocrx_word' id='word_1_140' title='bbox 553 2841 598 2896; x_wconf 92' lang='lat' dir='ltr'><strong>est</strong></span> <span class='ocrx_word' id='word_1_141' title='bbox 609 2835 706 2896; x_wconf 91' lang='lat' dir='ltr'><strong>lector</strong></span> <span class='ocrx_word' id='word_1_142' title='bbox 716 2833 941 2910; x_wconf 80' lang='lat' dir='ltr'><strong>theologiae3ac</strong></span> <span class='ocrx_word' id='word_1_143' title='bbox 952 2832 984 2894; x_wconf 92' lang='lat' dir='ltr'><strong>in</strong></span> <span class='ocrx_word' id='word_1_144' title='bbox 996 2832 1098 2908; x_wconf 78' lang='lat' dir='ltr'><strong>tertia,</strong></span> 
     </span>
     <span class='ocr_line' id='line_1_34' title="bbox 358 2925 1100 3008; baseline -0.007 -17"><span class='ocrx_word' id='word_1_145' title='bbox 358 2943 435 3008; x_wconf 84' lang='lat' dir='ltr'><strong>quae</strong></span> <span class='ocrx_word' id='word_1_146' title='bbox 457 2937 502 2990; x_wconf 90' lang='lat' dir='ltr'><strong>est</strong></span> <span class='ocrx_word' id='word_1_147' title='bbox 523 2928 698 3002; x_wconf 85' lang='lat' dir='ltr'><strong>Criscensis,</strong></span> <span class='ocrx_word' id='word_1_148' title='bbox 726 2927 952 3004; x_wconf 84' lang='lat' dir='ltr'><strong>quinquaginta</strong></span> <span class='ocrx_word' id='word_1_149' title='bbox 978 2925 1100 2987; x_wconf 90' lang='lat' dir='ltr'><strong>circiter</strong></span> 
     </span>
     <span class='ocr_line' id='line_1_35' title="bbox 357 3019 1099 3098; baseline -0.004 -16"><span class='ocrx_word' id='word_1_150' title='bbox 357 3022 528 3096; x_wconf 88' lang='lat' dir='ltr'><strong>studentes,</strong></span> <span class='ocrx_word' id='word_1_151' title='bbox 551 3021 611 3082; x_wconf 93' lang='lat' dir='ltr'><strong>duo</strong></span> <span class='ocrx_word' id='word_1_152' title='bbox 632 3021 759 3082; x_wconf 89' lang='lat' dir='ltr'><strong>lectores</strong></span> <span class='ocrx_word' id='word_1_153' title='bbox 779 3020 950 3096; x_wconf 86' lang='lat' dir='ltr'><strong>theologiae</strong></span> <span class='ocrx_word' id='word_1_154' title='bbox 964 3019 1099 3098; x_wconf 89' lang='lat' dir='ltr'><strong>specula-</strong></span> 
     </span>
     <span class='ocr_line' id='line_1_36' title="bbox 359 3111 1100 3190; baseline -0.007 -13"><span class='ocrx_word' id='word_1_155' title='bbox 359 3116 450 3190; x_wconf 91' lang='lat' dir='ltr'><strong>tivae,</strong></span> <span class='ocrx_word' id='word_1_156' title='bbox 467 3115 543 3176; x_wconf 90' lang='lat' dir='ltr'><strong>alter</strong></span> <span class='ocrx_word' id='word_1_157' title='bbox 558 3115 728 3190; x_wconf 85' lang='lat' dir='ltr'><strong>theologiae</strong></span> <span class='ocrx_word' id='word_1_158' title='bbox 744 3115 880 3188; x_wconf 90' lang='lat' dir='ltr'><strong>moralis,</strong></span> <span class='ocrx_word' id='word_1_159' title='bbox 896 3121 926 3174; x_wconf 93' lang='lat' dir='ltr'><strong>et</strong></span> <span class='ocrx_word' id='word_1_160' title='bbox 942 3111 1019 3174; x_wconf 89' lang='lat' dir='ltr'><strong>alius</strong></span> <span class='ocrx_word' id='word_1_161' title='bbox 1033 3112 1100 3190; x_wconf 90' lang='lat' dir='ltr'><strong>phi-</strong></span> 
     </span>
     <span class='ocr_line' id='line_1_37' title="bbox 358 3206 1100 3288; baseline -0.007 -17"><span class='ocrx_word' id='word_1_162' title='bbox 358 3209 523 3288; x_wconf 89' lang='lat' dir='ltr'><strong>losophiae,</strong></span> <span class='ocrx_word' id='word_1_163' title='bbox 539 3225 572 3270; x_wconf 91' lang='lat' dir='ltr'><strong>ac</strong></span> <span class='ocrx_word' id='word_1_164' title='bbox 590 3225 671 3270; x_wconf 89' lang='lat' dir='ltr'><strong>unus</strong></span> <span class='ocrx_word' id='word_1_165' title='bbox 695 3223 823 3283; x_wconf 73' lang='lat' dir='ltr'><strong>regens,</strong></span> <span class='ocrx_word' id='word_1_166' title='bbox 846 3208 878 3268; x_wconf 90' lang='lat' dir='ltr'><strong>iu</strong></span> <span class='ocrx_word' id='word_1_167' title='bbox 894 3208 1000 3285; x_wconf 77' lang='lat' dir='ltr'><strong>quarta</strong></span> <span class='ocrx_word' id='word_1_168' title='bbox 1015 3206 1100 3268; x_wconf 90' lang='lat' dir='ltr'><strong>deni-</strong></span> 
     </span>
     <span class='ocr_line' id='line_1_38' title="bbox 357 3299 1100 3380; baseline -0.004 -17"><span class='ocrx_word' id='word_1_169' title='bbox 357 3317 416 3380; x_wconf 91' lang='lat' dir='ltr'><strong>que</strong></span> <span class='ocrx_word' id='word_1_170' title='bbox 432 3304 595 3364; x_wconf 91' lang='lat' dir='ltr'><strong>domorum</strong></span> <span class='ocrx_word' id='word_1_171' title='bbox 610 3299 800 3373; x_wconf 90' lang='lat' dir='ltr'><strong>huiusmodi,</strong></span> <span class='ocrx_word' id='word_1_172' title='bbox 813 3308 949 3378; x_wconf 89' lang='lat' dir='ltr'><strong>quaeest</strong></span> <span class='ocrx_word' id='word_1_173' title='bbox 965 3301 1100 3377; x_wconf 85' lang='lat' dir='ltr'><strong>Chuqui-</strong></span> 
     </span>
     <span class='ocr_line' id='line_1_39' title="bbox 356 3393 1099 3474; baseline -0.003 -18"><span class='ocrx_word' id='word_1_174' title='bbox 356 3395 515 3474; x_wconf 91' lang='lat' dir='ltr'><strong>saquensis</strong></span> <span class='ocrx_word' id='word_1_175' title='bbox 535 3411 590 3456; x_wconf 91' lang='lat' dir='ltr'><strong>seu</strong></span> <span class='ocrx_word' id='word_1_176' title='bbox 604 3393 763 3468; x_wconf 90' lang='lat' dir='ltr'><strong>Plateusis,</strong></span> <span class='ocrx_word' id='word_1_177' title='bbox 780 3393 991 3471; x_wconf 84' lang='lat' dir='ltr'><strong>quadrigentis</strong></span> <span class='ocrx_word' id='word_1_178' title='bbox 1006 3393 1099 3455; x_wconf 90' lang='lat' dir='ltr'><strong>leucis</strong></span> 
     </span>
     <span class='ocr_line' id='line_1_40' title="bbox 357 3487 1100 3564; baseline -0.001 -13"><span class='ocrx_word' id='word_1_179' title='bbox 357 3507 373 3551; x_wconf 92' lang='lat' dir='ltr'><strong>a</strong></span> <span class='ocrx_word' id='word_1_180' title='bbox 394 3491 518 3552; x_wconf 90' lang='lat' dir='ltr'><strong>civitate</strong></span> <span class='ocrx_word' id='word_1_181' title='bbox 538 3488 665 3550; x_wconf 82' lang='lat' dir='ltr'><strong>Limani</strong></span> <span class='ocrx_word' id='word_1_182' title='bbox 686 3487 814 3562; x_wconf 91' lang='lat' dir='ltr'><strong>distans,</strong></span> <span class='ocrx_word' id='word_1_183' title='bbox 831 3487 959 3564; x_wconf 87' lang='lat' dir='ltr'><strong>triginta</strong></span> <span class='ocrx_word' id='word_1_184' title='bbox 979 3487 1100 3550; x_wconf 88' lang='lat' dir='ltr'><strong>circiter</strong></span> 
     </span>
     <span class='ocr_line' id='line_1_41' title="bbox 357 3580 1098 3659; baseline -0.007 -13"><span class='ocrx_word' id='word_1_185' title='bbox 357 3585 418 3646; x_wconf 80' lang='lat' dir='ltr'><strong>una</strong></span> <span class='ocrx_word' id='word_1_186' title='bbox 438 3583 533 3646; x_wconf 90' lang='lat' dir='ltr'><strong>etiam</strong></span> <span class='ocrx_word' id='word_1_187' title='bbox 554 3599 626 3644; x_wconf 90' lang='lat' dir='ltr'><strong>cum</strong></span> <span class='ocrx_word' id='word_1_188' title='bbox 648 3581 814 3644; x_wconf 89' lang='lat' dir='ltr'><strong>lectoribus</strong></span> <span class='ocrx_word' id='word_1_189' title='bbox 835 3580 1005 3657; x_wconf 88' lang='lat' dir='ltr'><strong>studentes,</strong></span> <span class='ocrx_word' id='word_1_190' title='bbox 1024 3597 1098 3659; x_wconf 95' lang='lat' dir='ltr'><strong>quo-</strong></span> 
     </span>
     <span class='ocr_line' id='line_1_42' title="bbox 358 3675 1099 3754; baseline -0.001 -15"><span class='ocrx_word' id='word_1_191' title='bbox 358 3693 428 3740; x_wconf 92' lang='lat' dir='ltr'><strong>rum</strong></span> <span class='ocrx_word' id='word_1_192' title='bbox 450 3677 601 3738; x_wconf 89' lang='lat' dir='ltr'><strong>lectorum</strong></span> <span class='ocrx_word' id='word_1_193' title='bbox 623 3677 683 3736; x_wconf 92' lang='lat' dir='ltr'><strong>duo</strong></span> <span class='ocrx_word' id='word_1_194' title='bbox 704 3683 777 3737; x_wconf 91' lang='lat' dir='ltr'><strong>sunt</strong></span> <span class='ocrx_word' id='word_1_195' title='bbox 798 3675 970 3754; x_wconf 84' lang='lat' dir='ltr'><strong>theologiae</strong></span> <span class='ocrx_word' id='word_1_196' title='bbox 992 3691 1099 3752; x_wconf 91' lang='lat' dir='ltr'><strong>specu-</strong></span> 
     </span>
     <span class='ocr_line' id='line_1_43' title="bbox 358 3767 1099 3845; baseline -0.001 -13"><span class='ocrx_word' id='word_1_197' title='bbox 358 3770 478 3844; x_wconf 90' lang='lat' dir='ltr'><strong>lativae,</strong></span> <span class='ocrx_word' id='word_1_198' title='bbox 505 3769 583 3830; x_wconf 90' lang='lat' dir='ltr'><strong>alter</strong></span> <span class='ocrx_word' id='word_1_199' title='bbox 611 3768 782 3845; x_wconf 86' lang='lat' dir='ltr'><strong>theologiae</strong></span> <span class='ocrx_word' id='word_1_200' title='bbox 807 3767 948 3842; x_wconf 89' lang='lat' dir='ltr'><strong>moralis,</strong></span> <span class='ocrx_word' id='word_1_201' title='bbox 970 3769 1099 3831; x_wconf 85' lang='lat' dir='ltr'><strong>elalius</strong></span> 
     </span>
     <span class='ocr_line' id='line_1_44' title="bbox 357 3862 1098 3942; baseline 0 -19"><span class='ocrx_word' id='word_1_202' title='bbox 357 3863 576 3942; x_wconf 91' lang='lat' dir='ltr'><strong>philosophiae,</strong></span> <span class='ocrx_word' id='word_1_203' title='bbox 592 3862 763 3939; x_wconf 78' lang='lat' dir='ltr'><strong>respective</strong></span> <span class='ocrx_word' id='word_1_204' title='bbox 777 3863 990 3940; x_wconf 90' lang='lat' dir='ltr'><strong>reperiuntur:</strong></span> <span class='ocrx_word' id='word_1_205' title='bbox 1005 3879 1037 3924; x_wconf 91' lang='lat' dir='ltr'><strong>ac</strong></span> <span class='ocrx_word' id='word_1_206' title='bbox 1053 3862 1098 3923; x_wconf 93' lang='lat' dir='ltr'><strong>in-</strong></span> 
     </span>
     <span class='ocr_line' id='line_1_45' title="bbox 356 3955 1098 4036; baseline -0.003 -18"><span class='ocrx_word' id='word_1_207' title='bbox 356 3972 449 4036; x_wconf 89' lang='lat' dir='ltr'><strong>super</strong></span> <span class='ocrx_word' id='word_1_208' title='bbox 471 3957 503 4018; x_wconf 92' lang='lat' dir='ltr'><strong>in</strong></span> <span class='ocrx_word' id='word_1_209' title='bbox 525 3955 628 4016; x_wconf 79' lang='lat' dir='ltr'><strong>eadem</strong></span> <span class='ocrx_word' id='word_1_210' title='bbox 645 3955 802 4032; x_wconf 82' lang='lat' dir='ltr'><strong>provincie</strong></span> <span class='ocrx_word' id='word_1_211' title='bbox 823 3955 1022 4033; x_wconf 89' lang='lat' dir='ltr'><strong>quadraginta</strong></span> <span class='ocrx_word' id='word_1_212' title='bbox 1038 3957 1098 4018; x_wconf 91' lang='lat' dir='ltr'><strong>duo</strong></span> 
     </span>
     <span class='ocr_line' id='line_1_46' title="bbox 357 4048 1099 4126; baseline -0.001 -15"><span class='ocrx_word' id='word_1_213' title='bbox 357 4049 484 4112; x_wconf 92' lang='lat' dir='ltr'><strong>lectores</strong></span> <span class='ocrx_word' id='word_1_214' title='bbox 505 4048 621 4110; x_wconf 91' lang='lat' dir='ltr'><strong>iubilati</strong></span> <span class='ocrx_word' id='word_1_215' title='bbox 647 4056 866 4122; x_wconf 90' lang='lat' dir='ltr'><strong>numerantur,</strong></span> <span class='ocrx_word' id='word_1_216' title='bbox 889 4065 1024 4126; x_wconf 92' lang='lat' dir='ltr'><strong>quorum</strong></span> <span class='ocrx_word' id='word_1_217' title='bbox 1048 4053 1099 4112; x_wconf 88' lang='lat' dir='ltr'><strong>de-</strong></span> 
     </span>
     <span class='ocr_line' id='line_1_47' title="bbox 357 4141 1098 4217; baseline -0.001 -12"><span class='ocrx_word' id='word_1_218' title='bbox 357 4157 424 4205; x_wconf 87' lang='lat' dir='ltr'><strong>cem</strong></span> <span class='ocrx_word' id='word_1_219' title='bbox 445 4142 495 4203; x_wconf 88' lang='lat' dir='ltr'><strong>vel</strong></span> <span class='ocrx_word' id='word_1_220' title='bbox 517 4141 678 4202; x_wconf 88' lang='lat' dir='ltr'><strong>duodecim</strong></span> <span class='ocrx_word' id='word_1_221' title='bbox 699 4141 856 4217; x_wconf 89' lang='lat' dir='ltr'><strong>inmagno</strong></span> <span class='ocrx_word' id='word_1_222' title='bbox 877 4149 1034 4204; x_wconf 89' lang='lat' dir='ltr'><strong>conventu</strong></span> <span class='ocrx_word' id='word_1_223' title='bbox 1050 4143 1098 4204; x_wconf 87' lang='lat' dir='ltr'><strong>Li-</strong></span> 
     </span>
     <span class='ocr_line' id='line_1_48' title="bbox 357 4232 1099 4309; baseline 0.001 -13"><span class='ocrx_word' id='word_1_224' title='bbox 357 4249 448 4296; x_wconf 89' lang='lat' dir='ltr'><strong>mano</strong></span> <span class='ocrx_word' id='word_1_225' title='bbox 469 4233 542 4296; x_wconf 89' lang='lat' dir='ltr'><strong>dicti</strong></span> <span class='ocrx_word' id='word_1_226' title='bbox 563 4232 685 4296; x_wconf 86' lang='lat' dir='ltr'><strong>Ordinis</strong></span> <span class='ocrx_word' id='word_1_227' title='bbox 705 4241 947 4309; x_wconf 86' lang='lat' dir='ltr'><strong>commorantur,</strong></span> <span class='ocrx_word' id='word_1_228' title='bbox 960 4235 1012 4296; x_wconf 90' lang='lat' dir='ltr'><strong>ubi</strong></span> <span class='ocrx_word' id='word_1_229' title='bbox 1026 4252 1099 4297; x_wconf 90' lang='lat' dir='ltr'><strong>con-</strong></span> 
     </span>
     <span class='ocr_line' id='line_1_49' title="bbox 357 4327 1097 4406; baseline 0.001 -15"><span class='ocrx_word' id='word_1_230' title='bbox 357 4329 446 4391; x_wconf 91' lang='lat' dir='ltr'><strong>tinuo</strong></span> <span class='ocrx_word' id='word_1_231' title='bbox 473 4327 588 4406; x_wconf 90' lang='lat' dir='ltr'><strong>pariter</strong></span> <span class='ocrx_word' id='word_1_232' title='bbox 609 4328 719 4390; x_wconf 89' lang='lat' dir='ltr'><strong>adsunt</strong></span> <span class='ocrx_word' id='word_1_233' title='bbox 745 4327 857 4403; x_wconf 86' lang='lat' dir='ltr'><strong>viginti</strong></span> <span class='ocrx_word' id='word_1_234' title='bbox 885 4327 1023 4390; x_wconf 90' lang='lat' dir='ltr'><strong>doctores</strong></span> <span class='ocrx_word' id='word_1_235' title='bbox 1044 4346 1097 4392; x_wconf 93' lang='lat' dir='ltr'><strong>seu</strong></span> 
     </span>
     <span class='ocr_line' id='line_1_50' title="bbox 358 4419 1098 4499; baseline 0 -15"><span class='ocrx_word' id='word_1_236' title='bbox 358 4419 498 4498; x_wconf 89' lang='lat' dir='ltr'><strong>magistri</strong></span> <span class='ocrx_word' id='word_1_237' title='bbox 520 4419 552 4480; x_wconf 90' lang='lat' dir='ltr'><strong>iu</strong></span> <span class='ocrx_word' id='word_1_238' title='bbox 573 4420 655 4482; x_wconf 79' lang='lat' dir='ltr'><strong>sacra</strong></span> <span class='ocrx_word' id='word_1_239' title='bbox 676 4419 842 4497; x_wconf 81' lang='lat' dir='ltr'><strong>theologia,</strong></span> <span class='ocrx_word' id='word_1_240' title='bbox 858 4422 910 4499; x_wconf 91' lang='lat' dir='ltr'><strong>qui</strong></span> <span class='ocrx_word' id='word_1_241' title='bbox 926 4419 1098 4485; x_wconf 89' lang='lat' dir='ltr'><strong>doctoratus</strong></span> 
     </span>
     <span class='ocr_line' id='line_1_51' title="bbox 357 4511 1098 4590; baseline 0.001 -15"><span class='ocrx_word' id='word_1_242' title='bbox 357 4531 411 4575; x_wconf 91' lang='lat' dir='ltr'><strong>seu</strong></span> <span class='ocrx_word' id='word_1_243' title='bbox 443 4511 614 4590; x_wconf 88' lang='lat' dir='ltr'><strong>magisterii</strong></span> <span class='ocrx_word' id='word_1_244' title='bbox 640 4511 775 4576; x_wconf 87' lang='lat' dir='ltr'><strong>lauream</strong></span> <span class='ocrx_word' id='word_1_245' title='bbox 802 4513 834 4575; x_wconf 94' lang='lat' dir='ltr'><strong>in</strong></span> <span class='ocrx_word' id='word_1_246' title='bbox 863 4515 946 4590; x_wconf 82' lang='lat' dir='ltr'><strong>regia</strong></span> <span class='ocrx_word' id='word_1_247' title='bbox 973 4515 1098 4576; x_wconf 76' lang='lat' dir='ltr'><strong>limana</strong></span> 
     </span>
     <span class='ocr_line' id='line_1_52' title="bbox 356 4607 1097 4686; baseline 0.001 -16"><span class='ocrx_word' id='word_1_248' title='bbox 356 4608 449 4672; x_wconf 91' lang='lat' dir='ltr'><strong>studii</strong></span> <span class='ocrx_word' id='word_1_249' title='bbox 466 4607 618 4685; x_wconf 85' lang='lat' dir='ltr'><strong>generalis</strong></span> <span class='ocrx_word' id='word_1_250' title='bbox 629 4608 833 4670; x_wconf 85' lang='lat' dir='ltr'><strong>universitate</strong></span> <span class='ocrx_word' id='word_1_251' title='bbox 843 4609 943 4686; x_wconf 88' lang='lat' dir='ltr'><strong>adepti</strong></span> <span class='ocrx_word' id='word_1_252' title='bbox 957 4608 1097 4685; x_wconf 86' lang='lat' dir='ltr'><strong>luerunt,</strong></span> 
     </span>
     <span class='ocr_line' id='line_1_53' title="bbox 357 4699 1099 4780; baseline 0.003 -17"><span class='ocrx_word' id='word_1_253' title='bbox 357 4702 461 4780; x_wconf 89' lang='lat' dir='ltr'><strong>ibique</strong></span> <span class='ocrx_word' id='word_1_254' title='bbox 480 4717 496 4760; x_wconf 91' lang='lat' dir='ltr'><strong>a</strong></span> <span class='ocrx_word' id='word_1_255' title='bbox 517 4699 595 4763; x_wconf 84' lang='lat' dir='ltr'><strong>dicta</strong></span> <span class='ocrx_word' id='word_1_256' title='bbox 626 4700 801 4778; x_wconf 81' lang='lat' dir='ltr'><strong>provincia,</strong></span> <span class='ocrx_word' id='word_1_257' title='bbox 828 4701 865 4762; x_wconf 93' lang='lat' dir='ltr'><strong>ad</strong></span> <span class='ocrx_word' id='word_1_258' title='bbox 893 4701 1037 4765; x_wconf 85' lang='lat' dir='ltr'><strong>ellectum</strong></span> <span class='ocrx_word' id='word_1_259' title='bbox 1063 4712 1099 4766; x_wconf 90' lang='lat' dir='ltr'><strong>ut</strong></span> 
     </span>
     <span class='ocr_line' id='line_1_54' title="bbox 356 4793 1099 4860; baseline 0.004 -3"><span class='ocrx_word' id='word_1_260' title='bbox 356 4797 538 4857; x_wconf 90' lang='lat' dir='ltr'><strong>succedente</strong></span> <span class='ocrx_word' id='word_1_261' title='bbox 569 4793 696 4858; x_wconf 87' lang='lat' dir='ltr'><strong>alicuius</strong></span> <span class='ocrx_word' id='word_1_262' title='bbox 727 4796 761 4856; x_wconf 89' lang='lat' dir='ltr'><strong>in</strong></span> <span class='ocrx_word' id='word_1_263' title='bbox 791 4795 868 4858; x_wconf 77' lang='lat' dir='ltr'><strong>dicta</strong></span> <span class='ocrx_word' id='word_1_264' title='bbox 898 4797 1099 4860; x_wconf 88' lang='lat' dir='ltr'><strong>universitate</strong></span> 
     </span>
     <span class='ocr_line' id='line_1_55' title="bbox 357 4889 1098 4953; baseline 0.003 -3"><span class='ocrx_word' id='word_1_265' title='bbox 357 4889 516 4950; x_wconf 84' lang='lat' dir='ltr'><strong>cathedrae</strong></span> <span class='ocrx_word' id='word_1_266' title='bbox 531 4889 688 4950; x_wconf 90' lang='lat' dir='ltr'><strong>vacatione</strong></span> <span class='ocrx_word' id='word_1_267' title='bbox 701 4891 737 4952; x_wconf 92' lang='lat' dir='ltr'><strong>ad</strong></span> <span class='ocrx_word' id='word_1_268' title='bbox 753 4889 834 4952; x_wconf 91' lang='lat' dir='ltr'><strong>illius</strong></span> <span class='ocrx_word' id='word_1_269' title='bbox 849 4891 1098 4953; x_wconf 85' lang='lat' dir='ltr'><strong>consecutionem</strong></span> 
     </span>
     <span class='ocr_line' id='line_1_56' title="bbox 357 4981 1098 5059; baseline 0.003 -15"><span class='ocrx_word' id='word_1_270' title='bbox 357 4981 508 5044; x_wconf 79' lang='lat' dir='ltr'><strong>unacum</strong></span> <span class='ocrx_word' id='word_1_271' title='bbox 531 4981 597 5042; x_wconf 91' lang='lat' dir='ltr'><strong>aliis</strong></span> <span class='ocrx_word' id='word_1_272' title='bbox 617 4982 683 5042; x_wconf 90' lang='lat' dir='ltr'><strong>sive</strong></span> <span class='ocrx_word' id='word_1_273' title='bbox 704 4982 897 5059; x_wconf 84' lang='lat' dir='ltr'><strong>regularibus</strong></span> <span class='ocrx_word' id='word_1_274' title='bbox 918 4984 983 5046; x_wconf 90' lang='lat' dir='ltr'><strong>sive</strong></span> <span class='ocrx_word' id='word_1_275' title='bbox 997 5000 1098 5046; x_wconf 91' lang='lat' dir='ltr'><strong>saecu-</strong></span> 
     </span>
     <span class='ocr_line' id='line_1_57' title="bbox 356 5072 1099 5139; baseline 0.004 -4"><span class='ocrx_word' id='word_1_276' title='bbox 356 5072 471 5135; x_wconf 88' lang='lat' dir='ltr'><strong>laribus</strong></span> <span class='ocrx_word' id='word_1_277' title='bbox 491 5073 606 5136; x_wconf 91' lang='lat' dir='ltr'><strong>ibidem</strong></span> <span class='ocrx_word' id='word_1_278' title='bbox 626 5075 663 5136; x_wconf 91' lang='lat' dir='ltr'><strong>ad</strong></span> <span class='ocrx_word' id='word_1_279' title='bbox 684 5074 829 5136; x_wconf 90' lang='lat' dir='ltr'><strong>eumdem</strong></span> <span class='ocrx_word' id='word_1_280' title='bbox 849 5076 995 5139; x_wconf 85' lang='lat' dir='ltr'><strong>ellectum</strong></span> <span class='ocrx_word' id='word_1_281' title='bbox 1016 5093 1099 5139; x_wconf 92' lang='lat' dir='ltr'><strong>com-</strong></span> 
     </span>
     <span class='ocr_line' id='line_1_58' title="bbox 357 5168 1097 5243; baseline 0.005 -15"><span class='ocrx_word' id='word_1_282' title='bbox 357 5168 548 5229; x_wconf 90' lang='lat' dir='ltr'><strong>morantibus</strong></span> <span class='ocrx_word' id='word_1_283' title='bbox 579 5183 765 5230; x_wconf 90' lang='lat' dir='ltr'><strong>concurrere</strong></span> <span class='ocrx_word' id='word_1_284' title='bbox 794 5168 934 5243; x_wconf 89' lang='lat' dir='ltr'><strong>valeant,</strong></span> <span class='ocrx_word' id='word_1_285' title='bbox 957 5177 1097 5234; x_wconf 91' lang='lat' dir='ltr'><strong>manute-</strong></span> 
     </span>
     <span class='ocr_line' id='line_1_59' title="bbox 358 5261 1099 5341; baseline 0.005 -19"><span class='ocrx_word' id='word_1_286' title='bbox 358 5268 490 5334; x_wconf 88' lang='lat' dir='ltr'><strong>nentur;</strong></span> <span class='ocrx_word' id='word_1_287' title='bbox 506 5277 540 5324; x_wconf 91' lang='lat' dir='ltr'><strong>ac</strong></span> <span class='ocrx_word' id='word_1_288' title='bbox 554 5261 738 5341; x_wconf 91' lang='lat' dir='ltr'><strong>pierumque</strong></span> <span class='ocrx_word' id='word_1_289' title='bbox 751 5261 831 5325; x_wconf 94' lang='lat' dir='ltr'><strong>Ordo</strong></span> <span class='ocrx_word' id='word_1_290' title='bbox 850 5264 1022 5341; x_wconf 90' lang='lat' dir='ltr'><strong>praedictus</strong></span> <span class='ocrx_word' id='word_1_291' title='bbox 1038 5272 1099 5330; x_wconf 87' lang='lat' dir='ltr'><strong>tres</strong></span> 
     </span>
     <span class='ocr_line' id='line_1_60' title="bbox 357 5355 1099 5433; baseline 0.005 -19"><span class='ocrx_word' id='word_1_292' title='bbox 357 5362 410 5416; x_wconf 89' lang='lat' dir='ltr'><strong>aut</strong></span> <span class='ocrx_word' id='word_1_293' title='bbox 431 5361 562 5433; x_wconf 89' lang='lat' dir='ltr'><strong>quatuor</strong></span> <span class='ocrx_word' id='word_1_294' title='bbox 588 5355 744 5418; x_wconf 84' lang='lat' dir='ltr'><strong>cathedras</strong></span> <span class='ocrx_word' id='word_1_295' title='bbox 765 5355 797 5417; x_wconf 92' lang='lat' dir='ltr'><strong>in</strong></span> <span class='ocrx_word' id='word_1_296' title='bbox 820 5356 925 5418; x_wconf 80' lang='lat' dir='ltr'><strong>eadem</strong></span> <span class='ocrx_word' id='word_1_297' title='bbox 946 5357 1099 5420; x_wconf 91' lang='lat' dir='ltr'><strong>universi·</strong></span> 
     </span>
     <span class='ocr_line' id='line_1_61' title="bbox 357 5448 659 5511; baseline -0.01 -1"><span class='ocrx_word' id='word_1_298' title='bbox 357 5456 419 5510; x_wconf 89' lang='lat' dir='ltr'><strong>tate</strong></span> <span class='ocrx_word' id='word_1_299' title='bbox 440 5448 552 5511; x_wconf 90' lang='lat' dir='ltr'><strong>habere</strong></span> <span class='ocrx_word' id='word_1_300' title='bbox 571 5449 659 5510; x_wconf 92' lang='lat' dir='ltr'><strong>solet.</strong></span> 
     </span>
    </p>

    <p class='ocr_par' dir='ltr' id='par_1_7' title="bbox 357 5542 1101 5997">
     <span class='ocr_line' id='line_1_62' title="bbox 397 5542 1100 5624; baseline 0.003 -20"><span class='ocrx_word' id='word_1_301' title='bbox 397 5542 416 5618; x_wconf 69' lang='grc'>9</span> <span class='ocrx_word' id='word_1_302' title='bbox 437 5542 466 5604; x_wconf 75' lang='lat'><strong>2.</strong></span> <span class='ocrx_word' id='word_1_303' title='bbox 490 5542 570 5604; x_wconf 84' lang='lat' dir='ltr'><strong>Cum</strong></span> <span class='ocrx_word' id='word_1_304' title='bbox 590 5549 706 5618; x_wconf 91' lang='lat' dir='ltr'><strong>autem,</strong></span> <span class='ocrx_word' id='word_1_305' title='bbox 722 5543 801 5606; x_wconf 90' lang='lat' dir='ltr'><strong>sicut</strong></span> <span class='ocrx_word' id='word_1_306' title='bbox 822 5543 929 5607; x_wconf 90' lang='lat' dir='ltr'><strong>eadem</strong></span> <span class='ocrx_word' id='word_1_307' title='bbox 950 5545 1100 5624; x_wconf 86' lang='lat' dir='ltr'><strong>expositio</strong></span> 
     </span>
     <span class='ocr_line' id='line_1_63' title="bbox 357 5636 1099 5718; baseline 0.004 -21"><span class='ocrx_word' id='word_1_308' title='bbox 357 5637 581 5714; x_wconf 87' lang='lat' dir='ltr'><strong>subiungebat,</strong></span> <span class='ocrx_word' id='word_1_309' title='bbox 604 5636 683 5698; x_wconf 89' lang='lat' dir='ltr'><strong>dicta</strong></span> <span class='ocrx_word' id='word_1_310' title='bbox 705 5638 861 5717; x_wconf 86' lang='lat' dir='ltr'><strong>provincia</strong></span> <span class='ocrx_word' id='word_1_311' title='bbox 882 5655 936 5718; x_wconf 93' lang='lat' dir='ltr'><strong>pro</strong></span> <span class='ocrx_word' id='word_1_312' title='bbox 964 5647 1007 5702; x_wconf 93' lang='lat' dir='ltr'><strong>tot</strong></span> <span class='ocrx_word' id='word_1_313' title='bbox 1028 5639 1099 5702; x_wconf 92' lang='lat' dir='ltr'><strong>reli-</strong></span> 
     </span>
     <span class='ocr_line' id='line_1_64' title="bbox 359 5729 1099 5810; baseline 0.003 -18"><span class='ocrx_word' id='word_1_314' title='bbox 359 5731 451 5810; x_wconf 89' lang='lat' dir='ltr'><strong>giosis</strong></span> <span class='ocrx_word' id='word_1_315' title='bbox 471 5729 580 5792; x_wconf 89' lang='lat' dir='ltr'><strong>studiis</strong></span> <span class='ocrx_word' id='word_1_316' title='bbox 601 5729 820 5809; x_wconf 87' lang='lat' dir='ltr'><strong>doctrinaeque</strong></span> <span class='ocrx_word' id='word_1_317' title='bbox 841 5733 950 5795; x_wconf 91' lang='lat' dir='ltr'><strong>deditis</strong></span> <span class='ocrx_word' id='word_1_318' title='bbox 974 5731 1099 5796; x_wconf 89' lang='lat' dir='ltr'><strong>nullum</strong></span> 
     </span>
     <span class='ocr_line' id='line_1_65' title="bbox 358 5823 1099 5904; baseline 0.003 -18"><span class='ocrx_word' id='word_1_319' title='bbox 358 5825 441 5887; x_wconf 89' lang='lat' dir='ltr'><strong>aliud</strong></span> <span class='ocrx_word' id='word_1_320' title='bbox 470 5823 579 5886; x_wconf 90' lang='lat' dir='ltr'><strong>habeat</strong></span> <span class='ocrx_word' id='word_1_321' title='bbox 600 5825 681 5902; x_wconf 93' lang='lat' dir='ltr'><strong>quod</strong></span> <span class='ocrx_word' id='word_1_322' title='bbox 709 5825 819 5888; x_wconf 89' lang='lat' dir='ltr'><strong>virtuti</strong></span> <span class='ocrx_word' id='word_1_323' title='bbox 846 5825 994 5904; x_wconf 91' lang='lat' dir='ltr'><strong>rependat</strong></span> <span class='ocrx_word' id='word_1_324' title='bbox 1015 5841 1099 5904; x_wconf 90' lang='lat' dir='ltr'><strong>prae-</strong></span> 
     </span>
     <span class='ocr_line' id='line_1_66' title="bbox 357 5915 1101 5997; baseline 0.005 -17"><span class='ocrx_word' id='word_1_325' title='bbox 357 5919 458 5980; x_wconf 91' lang='lat' dir='ltr'><strong>mium</strong></span> <span class='ocrx_word' id='word_1_326' title='bbox 480 5931 572 5996; x_wconf 91' lang='lat' dir='ltr'><strong>quam</strong></span> <span class='ocrx_word' id='word_1_327' title='bbox 599 5915 760 5982; x_wconf 91' lang='lat' dir='ltr'><strong>duodecim</strong></span> <span class='ocrx_word' id='word_1_328' title='bbox 783 5919 958 5997; x_wconf 86' lang='lat' dir='ltr'><strong>magisteria</strong></span> <span class='ocrx_word' id='word_1_329' title='bbox 983 5920 1021 5984; x_wconf 92' lang='lat' dir='ltr'><strong>de</strong></span> <span class='ocrx_word' id='word_1_330' title='bbox 1042 5936 1101 5984; x_wconf 90' lang='lat' dir='ltr'><strong>nu·</strong></span> 
     </span>
    </p>
   </div>
   <div class='ocr_carea' id='block_1_7' title="bbox 1152 683 1896 1606">
    <p class='ocr_par' dir='ltr' id='par_1_8' title="bbox 1152 683 1896 1606">
     <span class='ocr_line' id='line_1_67' title="bbox 1153 683 1893 760; baseline 0.008 -17"><span class='ocrx_word' id='word_1_331' title='bbox 1153 698 1250 756; x_wconf 92' lang='lat' dir='ltr'><strong>mero,</strong></span> <span class='ocrx_word' id='word_1_332' title='bbox 1272 697 1329 744; x_wconf 92' lang='lat' dir='ltr'><strong>nec</strong></span> <span class='ocrx_word' id='word_1_333' title='bbox 1351 683 1432 744; x_wconf 93' lang='lat' dir='ltr'><strong>ullus</strong></span> <span class='ocrx_word' id='word_1_334' title='bbox 1453 683 1605 746; x_wconf 90' lang='lat' dir='ltr'><strong>dictorum</strong></span> <span class='ocrx_word' id='word_1_335' title='bbox 1627 683 1842 760; x_wconf 89' lang='lat' dir='ltr'><strong>religiosorum</strong></span> <span class='ocrx_word' id='word_1_336' title='bbox 1857 688 1893 749; x_wconf 91' lang='lat' dir='ltr'><strong>ad</strong></span> 
     </span>
     <span class='ocr_line' id='line_1_68' title="bbox 1152 776 1893 857; baseline 0.004 -19"><span class='ocrx_word' id='word_1_337' title='bbox 1152 777 1320 852; x_wconf 90' lang='lat' dir='ltr'><strong>magisterii</strong></span> <span class='ocrx_word' id='word_1_338' title='bbox 1342 776 1518 840; x_wconf 91' lang='lat' dir='ltr'><strong>huiusmodi</strong></span> <span class='ocrx_word' id='word_1_339' title='bbox 1532 779 1673 853; x_wconf 87' lang='lat' dir='ltr'><strong>gradum,</strong></span> <span class='ocrx_word' id='word_1_340' title='bbox 1690 778 1747 840; x_wconf 91' lang='lat' dir='ltr'><strong>nisi</strong></span> <span class='ocrx_word' id='word_1_341' title='bbox 1763 794 1817 857; x_wconf 92' lang='lat' dir='ltr'><strong>per</strong></span> <span class='ocrx_word' id='word_1_342' title='bbox 1831 779 1893 841; x_wconf 92' lang='lat' dir='ltr'><strong>obi-</strong></span> 
     </span>
     <span class='ocr_line' id='line_1_69' title="bbox 1154 869 1892 948; baseline 0 -16"><span class='ocrx_word' id='word_1_343' title='bbox 1154 878 1221 932; x_wconf 90' lang='lat' dir='ltr'><strong>tum</strong></span> <span class='ocrx_word' id='word_1_344' title='bbox 1252 870 1381 932; x_wconf 91' lang='lat' dir='ltr'><strong>alicuius</strong></span> <span class='ocrx_word' id='word_1_345' title='bbox 1409 869 1497 932; x_wconf 92' lang='lat' dir='ltr'><strong>ilium</strong></span> <span class='ocrx_word' id='word_1_346' title='bbox 1526 871 1696 932; x_wconf 90' lang='lat' dir='ltr'><strong>obtinentis</strong></span> <span class='ocrx_word' id='word_1_347' title='bbox 1719 872 1892 948; x_wconf 91' lang='lat' dir='ltr'><strong>vacaverit,</strong></span> 
     </span>
     <span class='ocr_line' id='line_1_70' title="bbox 1154 963 1895 1042; baseline 0.004 -18"><span class='ocrx_word' id='word_1_348' title='bbox 1154 965 1330 1041; x_wconf 90' lang='lat' dir='ltr'><strong>promoveri</strong></span> <span class='ocrx_word' id='word_1_349' title='bbox 1345 964 1456 1042; x_wconf 81' lang='lat' dir='ltr'><strong>possit3</strong></span> <span class='ocrx_word' id='word_1_350' title='bbox 1480 979 1513 1025; x_wconf 92' lang='lat' dir='ltr'><strong>ac</strong></span> <span class='ocrx_word' id='word_1_351' title='bbox 1528 963 1655 1041; x_wconf 89' lang='lat' dir='ltr'><strong>proinde</strong></span> <span class='ocrx_word' id='word_1_352' title='bbox 1669 964 1724 1041; x_wconf 91' lang='lat' dir='ltr'><strong>ipsi</strong></span> <span class='ocrx_word' id='word_1_353' title='bbox 1739 981 1895 1042; x_wconf 87' lang='lat' dir='ltr'><strong>exponen·</strong></span> 
     </span>
     <span class='ocr_line' id='line_1_71' title="bbox 1153 1040 1894 1136; baseline -0.001 -17"><span class='ocrx_word' id='word_1_354' title='bbox 1153 1065 1210 1131; x_wconf 87' lang='lat' dir='ltr'><strong>tes,</strong></span> <span class='ocrx_word' id='word_1_355' title='bbox 1226 1073 1287 1136; x_wconf 91' lang='lat' dir='ltr'><strong>quo</strong></span> <span class='ocrx_word' id='word_1_356' title='bbox 1309 1056 1460 1132; x_wconf 84' lang='lat' dir='ltr'><strong>religiosis</strong></span> <span class='ocrx_word' id='word_1_357' title='bbox 1483 1057 1642 1135; x_wconf 88' lang='lat' dir='ltr'><strong>praedictis</strong></span> <span class='ocrx_word' id='word_1_358' title='bbox 1658 1057 1730 1118; x_wconf 91' lang='lat' dir='ltr'><strong>novi</strong></span> <span class='ocrx_word' id='word_1_359' title='bbox 1745 1057 1780 1117; x_wconf 90' lang='lat' dir='ltr'><strong>ad</strong></span> <span class='ocrx_word' id='word_1_360' title='bbox 1795 1040 1894 1120; x_wconf 86' lang='lat' dir='ltr'><strong>studia</strong></span> 
     </span>
     <span class='ocr_line' id='line_1_72' title="bbox 1153 1149 1894 1225; baseline 0.003 -14"><span class='ocrx_word' id='word_1_361' title='bbox 1153 1160 1183 1211; x_wconf 92' lang='lat' dir='ltr'><strong>et</strong></span> <span class='ocrx_word' id='word_1_362' title='bbox 1205 1150 1337 1211; x_wconf 90' lang='lat' dir='ltr'><strong>virtutes</strong></span> <span class='ocrx_word' id='word_1_363' title='bbox 1351 1149 1470 1211; x_wconf 88' lang='lat' dir='ltr'><strong>stimuli</strong></span> <span class='ocrx_word' id='word_1_364' title='bbox 1492 1151 1653 1225; x_wconf 91' lang='lat' dir='ltr'><strong>addantur,</strong></span> <span class='ocrx_word' id='word_1_365' title='bbox 1670 1151 1894 1213; x_wconf 90' lang='lat' dir='ltr'><strong>duodenarium</strong></span> 
     </span>
     <span class='ocr_line' id='line_1_73' title="bbox 1153 1243 1896 1322; baseline 0.004 -18"><span class='ocrx_word' id='word_1_366' title='bbox 1153 1243 1327 1322; x_wconf 90' lang='lat' dir='ltr'><strong>provinciae</strong></span> <span class='ocrx_word' id='word_1_367' title='bbox 1348 1243 1519 1321; x_wconf 86' lang='lat' dir='ltr'><strong>praedictae</strong></span> <span class='ocrx_word' id='word_1_368' title='bbox 1540 1246 1760 1321; x_wconf 84' lang='lat' dir='ltr'><strong>magistrorum</strong></span> <span class='ocrx_word' id='word_1_369' title='bbox 1786 1261 1896 1307; x_wconf 93' lang='lat' dir='ltr'><strong>nume-</strong></span> 
     </span>
     <span class='ocr_line' id='line_1_74' title="bbox 1152 1335 1895 1418; baseline 0.007 -21"><span class='ocrx_word' id='word_1_370' title='bbox 1152 1353 1224 1398; x_wconf 91' lang='lat' dir='ltr'><strong>rum</strong></span> <span class='ocrx_word' id='word_1_371' title='bbox 1245 1337 1280 1397; x_wconf 93' lang='lat' dir='ltr'><strong>ad</strong></span> <span class='ocrx_word' id='word_1_372' title='bbox 1303 1335 1547 1415; x_wconf 89' lang='lat' dir='ltr'><strong>vigintiquatuor</strong></span> <span class='ocrx_word' id='word_1_373' title='bbox 1568 1339 1686 1400; x_wconf 90' lang='lat' dir='ltr'><strong>anobis</strong></span> <span class='ocrx_word' id='word_1_374' title='bbox 1708 1342 1813 1416; x_wconf 85' lang='lat' dir='ltr'><strong>augeri</strong></span> <span class='ocrx_word' id='word_1_375' title='bbox 1829 1341 1895 1418; x_wconf 92' lang='lat' dir='ltr'><strong>plu-</strong></span> 
     </span>
     <span class='ocr_line' id='line_1_75' title="bbox 1152 1429 1895 1512; baseline 0.009 -21"><span class='ocrx_word' id='word_1_376' title='bbox 1152 1429 1270 1493; x_wconf 88' lang='lat' dir='ltr'><strong>rimum</strong></span> <span class='ocrx_word' id='word_1_377' title='bbox 1291 1431 1481 1493; x_wconf 85' lang='lat' dir='ltr'><strong>desiderent:</strong></span> <span class='ocrx_word' id='word_1_378' title='bbox 1506 1445 1572 1506; x_wconf 91' lang='lat' dir='ltr'><strong>nos,</strong></span> <span class='ocrx_word' id='word_1_379' title='bbox 1596 1432 1719 1494; x_wconf 89' lang='lat' dir='ltr'><strong>eosdem</strong></span> <span class='ocrx_word' id='word_1_380' title='bbox 1739 1450 1895 1512; x_wconf 86' lang='lat' dir='ltr'><strong>exponen·</strong></span> 
     </span>
     <span class='ocr_line' id='line_1_76' title="bbox 1153 1525 1894 1606; baseline 0.004 -20"><span class='ocrx_word' id='word_1_381' title='bbox 1153 1532 1198 1586; x_wconf 91' lang='lat' dir='ltr'><strong>tes</strong></span> <span class='ocrx_word' id='word_1_382' title='bbox 1219 1525 1399 1602; x_wconf 90' lang='lat' dir='ltr'><strong>specialibus</strong></span> <span class='ocrx_word' id='word_1_383' title='bbox 1415 1525 1568 1588; x_wconf 80' lang='lat' dir='ltr'><strong>favoribus</strong></span> <span class='ocrx_word' id='word_1_384' title='bbox 1583 1535 1613 1587; x_wconf 91' lang='lat' dir='ltr'><strong>et</strong></span> <span class='ocrx_word' id='word_1_385' title='bbox 1628 1528 1732 1602; x_wconf 91' lang='lat' dir='ltr'><strong>gratiis</strong></span> <span class='ocrx_word' id='word_1_386' title='bbox 1751 1529 1894 1606; x_wconf 89' lang='lat' dir='ltr'><strong>prosequi</strong></span> 
     </span>
    </p>
   </div>
   <div class='ocr_carea' id='block_1_8' title="bbox 1153 1609 1921 1698">
    <p class='ocr_par' dir='ltr' id='par_1_9' title="bbox 1153 1609 1921 1698">
     <span class='ocr_line' id='line_1_77' title="bbox 1153 1609 1921 1698; baseline 0.005 -20"><span class='ocrx_word' id='word_1_387' title='bbox 1153 1618 1304 1692; x_wconf 90' lang='lat' dir='ltr'><strong>volentes,</strong></span> <span class='ocrx_word' id='word_1_388' title='bbox 1331 1625 1362 1680; x_wconf 93' lang='lat' dir='ltr'><strong>et</strong></span> <span class='ocrx_word' id='word_1_389' title='bbox 1386 1635 1495 1680; x_wconf 91' lang='lat' dir='ltr'><strong>eorum</strong></span> <span class='ocrx_word' id='word_1_390' title='bbox 1519 1619 1690 1696; x_wconf 87' lang='lat' dir='ltr'><strong>singulares</strong></span> <span class='ocrx_word' id='word_1_391' title='bbox 1711 1637 1854 1698; x_wconf 89' lang='lat' dir='ltr'><strong>personas</strong></span> <span class='ocrx_word' id='word_1_392' title='bbox 1879 1609 1921 1682; x_wconf 78' lang='lat' dir='ltr'><strong>a¹</strong></span> 
     </span>
    </p>
   </div>
   <div class='ocr_carea' id='block_1_9' title="bbox 1153 1711 1896 2347">
    <p class='ocr_par' dir='ltr' id='par_1_10' title="bbox 1153 1711 1896 2347">
     <span class='ocr_line' id='line_1_78' title="bbox 1157 1711 1895 1792; baseline 0.005 -20"><span class='ocrx_word' id='word_1_393' title='bbox 1157 1711 1315 1789; x_wconf 90' lang='lat' dir='ltr'><strong>quibusvis</strong></span> <span class='ocrx_word' id='word_1_394' title='bbox 1337 1712 1895 1792; x_wconf 87' lang='lat' dir='ltr'><strong>excommunicationis,suspensionis</strong></span> 
     </span>
     <span class='ocr_line' id='line_1_79' title="bbox 1153 1803 1896 1882; baseline 0.005 -16"><span class='ocrx_word' id='word_1_395' title='bbox 1153 1813 1183 1866; x_wconf 91' lang='lat' dir='ltr'><strong>et</strong></span> <span class='ocrx_word' id='word_1_396' title='bbox 1201 1803 1366 1879; x_wconf 90' lang='lat' dir='ltr'><strong>interdicti,</strong></span> <span class='ocrx_word' id='word_1_397' title='bbox 1393 1804 1519 1882; x_wconf 91' lang='lat' dir='ltr'><strong>aliisque</strong></span> <span class='ocrx_word' id='word_1_398' title='bbox 1540 1805 1749 1868; x_wconf 88' lang='lat' dir='ltr'><strong>ecclesiasticis</strong></span> <span class='ocrx_word' id='word_1_399' title='bbox 1769 1815 1896 1870; x_wconf 89' lang='lat' dir='ltr'><strong>senten-</strong></span> 
     </span>
     <span class='ocr_line' id='line_1_80' title="bbox 1155 1897 1895 1976; baseline 0.007 -17"><span class='ocrx_word' id='word_1_400' title='bbox 1155 1897 1214 1972; x_wconf 92' lang='lat' dir='ltr'><strong>tiis,</strong></span> <span class='ocrx_word' id='word_1_401' title='bbox 1238 1897 1376 1959; x_wconf 90' lang='lat' dir='ltr'><strong>censuris</strong></span> <span class='ocrx_word' id='word_1_402' title='bbox 1391 1905 1422 1959; x_wconf 93' lang='lat' dir='ltr'><strong>et</strong></span> <span class='ocrx_word' id='word_1_403' title='bbox 1443 1899 1561 1976; x_wconf 89' lang='lat' dir='ltr'><strong>poenis,</strong></span> <span class='ocrx_word' id='word_1_404' title='bbox 1584 1915 1599 1959; x_wconf 93' lang='lat' dir='ltr'><strong>a</strong></span> <span class='ocrx_word' id='word_1_405' title='bbox 1620 1899 1688 1961; x_wconf 91' lang='lat' dir='ltr'><strong>iure</strong></span> <span class='ocrx_word' id='word_1_406' title='bbox 1709 1901 1759 1962; x_wconf 89' lang='lat' dir='ltr'><strong>vel</strong></span> <span class='ocrx_word' id='word_1_407' title='bbox 1780 1902 1817 1963; x_wconf 93' lang='lat' dir='ltr'><strong>ab</strong></span> <span class='ocrx_word' id='word_1_408' title='bbox 1841 1903 1895 1964; x_wconf 96' lang='lat' dir='ltr'><strong>ho·</strong></span> 
     </span>
     <span class='ocr_line' id='line_1_81' title="bbox 1154 1991 1894 2070; baseline 0.008 -20"><span class='ocrx_word' id='word_1_409' title='bbox 1154 1991 1250 2064; x_wconf 90' lang='lat' dir='ltr'><strong>mine,</strong></span> <span class='ocrx_word' id='word_1_410' title='bbox 1275 1992 1382 2068; x_wconf 92' lang='lat' dir='ltr'><strong>quavis</strong></span> <span class='ocrx_word' id='word_1_411' title='bbox 1403 1991 1559 2054; x_wconf 87' lang='lat' dir='ltr'><strong>occasione</strong></span> <span class='ocrx_word' id='word_1_412' title='bbox 1581 1992 1630 2054; x_wconf 87' lang='lat' dir='ltr'><strong>rel</strong></span> <span class='ocrx_word' id='word_1_413' title='bbox 1651 1995 1739 2056; x_wconf 82' lang='lat' dir='ltr'><strong>causa</strong></span> <span class='ocrx_word' id='word_1_414' title='bbox 1761 1994 1839 2070; x_wconf 92' lang='lat' dir='ltr'><strong>latis,</strong></span> <span class='ocrx_word' id='word_1_415' title='bbox 1870 1996 1894 2056; x_wconf 91' lang='lat' dir='ltr'><strong>si</strong></span> 
     </span>
     <span class='ocr_line' id='line_1_82' title="bbox 1153 2084 1892 2163; baseline 0.007 -18"><span class='ocrx_word' id='word_1_416' title='bbox 1153 2084 1265 2161; x_wconf 91' lang='lat' dir='ltr'><strong>quibus</strong></span> <span class='ocrx_word' id='word_1_417' title='bbox 1290 2084 1520 2162; x_wconf 88' lang='lat' dir='ltr'><strong>quomodolibet</strong></span> <span class='ocrx_word' id='word_1_418' title='bbox 1549 2086 1710 2148; x_wconf 88' lang='lat' dir='ltr'><strong>innodatae</strong></span> <span class='ocrx_word' id='word_1_419' title='bbox 1737 2087 1892 2163; x_wconf 87' lang='lat' dir='ltr'><strong>existunt,</strong></span> 
     </span>
     <span class='ocr_line' id='line_1_83' title="bbox 1154 2177 1895 2255; baseline 0.008 -19"><span class='ocrx_word' id='word_1_420' title='bbox 1154 2179 1188 2238; x_wconf 90' lang='lat' dir='ltr'><strong>ad</strong></span> <span class='ocrx_word' id='word_1_421' title='bbox 1217 2177 1360 2238; x_wconf 86' lang='lat' dir='ltr'><strong>ellectum</strong></span> <span class='ocrx_word' id='word_1_422' title='bbox 1383 2178 1590 2255; x_wconf 89' lang='lat' dir='ltr'><strong>praesentium</strong></span> <span class='ocrx_word' id='word_1_423' title='bbox 1611 2179 1769 2240; x_wconf 82' lang='lat' dir='ltr'><strong>dumtaxat</strong></span> <span class='ocrx_word' id='word_1_424' title='bbox 1790 2197 1895 2242; x_wconf 87' lang='lat' dir='ltr'><strong>conse-</strong></span> 
     </span>
     <span class='ocr_line' id='line_1_84' title="bbox 1154 2269 1895 2347; baseline 0.008 -17"><span class='ocrx_word' id='word_1_425' title='bbox 1154 2271 1324 2347; x_wconf 90' lang='lat' dir='ltr'><strong>quendum,</strong></span> <span class='ocrx_word' id='word_1_426' title='bbox 1348 2271 1459 2332; x_wconf 87' lang='lat' dir='ltr'><strong>harum</strong></span> <span class='ocrx_word' id='word_1_427' title='bbox 1480 2269 1559 2332; x_wconf 91' lang='lat' dir='ltr'><strong>serie</strong></span> <span class='ocrx_word' id='word_1_428' title='bbox 1580 2271 1773 2334; x_wconf 88' lang='lat' dir='ltr'><strong>absolventes</strong></span> <span class='ocrx_word' id='word_1_429' title='bbox 1795 2281 1825 2335; x_wconf 92' lang='lat' dir='ltr'><strong>et</strong></span> <span class='ocrx_word' id='word_1_430' title='bbox 1846 2273 1895 2336; x_wconf 91' lang='lat' dir='ltr'><strong>ab·</strong></span> 
     </span>
    </p>
   </div>
   <div class='ocr_carea' id='block_1_10' title="bbox 1148 2363 1896 2443">
    <p class='ocr_par' dir='ltr' id='par_1_11' title="bbox 1148 2363 1896 2443">
     <span class='ocr_line' id='line_1_85' title="bbox 1148 2363 1896 2443; baseline 0.007 -19"><span class='ocrx_word' id='word_1_431' title='bbox 1148 2363 1266 2425; x_wconf 86' lang='lat' dir='ltr'><strong>solutas</strong></span> <span class='ocrx_word' id='word_1_432' title='bbox 1287 2363 1352 2426; x_wconf 87' lang='lat' dir='ltr'><strong>fore</strong></span> <span class='ocrx_word' id='word_1_433' title='bbox 1374 2371 1545 2439; x_wconf 92' lang='lat' dir='ltr'><strong>censentes,</strong></span> <span class='ocrx_word' id='word_1_434' title='bbox 1562 2365 1834 2443; x_wconf 87' lang='lat' dir='ltr'><strong>supplicationibus</strong></span> <span class='ocrx_word' id='word_1_435' title='bbox 1847 2383 1896 2428; x_wconf 92' lang='lat' dir='ltr'><strong>eo·</strong></span> 
     </span>
    </p>
   </div>
   <div class='ocr_carea' id='block_1_11' title="bbox 1152 2457 1897 5810">
    <p class='ocr_par' dir='ltr' id='par_1_12' title="bbox 1152 2457 1897 5068">
     <span class='ocr_line' id='line_1_86' title="bbox 1154 2457 1896 2536; baseline 0.005 -18"><span class='ocrx_word' id='word_1_436' title='bbox 1154 2473 1226 2518; x_wconf 91' lang='lat' dir='ltr'><strong>rum</strong></span> <span class='ocrx_word' id='word_1_437' title='bbox 1257 2458 1384 2518; x_wconf 89' lang='lat' dir='ltr'><strong>nomine</strong></span> <span class='ocrx_word' id='word_1_438' title='bbox 1412 2457 1500 2518; x_wconf 92' lang='lat' dir='ltr'><strong>nobis</strong></span> <span class='ocrx_word' id='word_1_439' title='bbox 1526 2473 1619 2536; x_wconf 89' lang='lat' dir='ltr'><strong>super</strong></span> <span class='ocrx_word' id='word_1_440' title='bbox 1647 2459 1703 2519; x_wconf 90' lang='lat' dir='ltr'><strong>hoc</strong></span> <span class='ocrx_word' id='word_1_441' title='bbox 1734 2459 1896 2523; x_wconf 91' lang='lat' dir='ltr'><strong>humiliter</strong></span> 
     </span>
     <span class='ocr_line' id='line_1_87' title="bbox 1155 2550 1896 2628; baseline 0.008 -18"><span class='ocrx_word' id='word_1_442' title='bbox 1155 2550 1302 2628; x_wconf 89' lang='lat' dir='ltr'><strong>porrectis</strong></span> <span class='ocrx_word' id='word_1_443' title='bbox 1315 2550 1466 2625; x_wconf 90' lang='lat' dir='ltr'><strong>inclinati,</strong></span> <span class='ocrx_word' id='word_1_444' title='bbox 1479 2551 1516 2613; x_wconf 93' lang='lat' dir='ltr'><strong>de</strong></span> <span class='ocrx_word' id='word_1_445' title='bbox 1528 2552 1753 2614; x_wconf 91' lang='lat' dir='ltr'><strong>venerabilium</strong></span> <span class='ocrx_word' id='word_1_446' title='bbox 1764 2551 1896 2616; x_wconf 84' lang='lat' dir='ltr'><strong>fratrum</strong></span> 
     </span>
     <span class='ocr_line' id='line_1_88' title="bbox 1155 2643 1896 2722; baseline 0.007 -19"><span class='ocrx_word' id='word_1_447' title='bbox 1155 2649 1334 2704; x_wconf 90' lang='lat' dir='ltr'><strong>nostrorum</strong></span> <span class='ocrx_word' id='word_1_448' title='bbox 1363 2643 1393 2705; x_wconf 91' lang='lat' dir='ltr'><strong>S.</strong></span> <span class='ocrx_word' id='word_1_449' title='bbox 1413 2643 1447 2704; x_wconf 86' lang='lat' dir='ltr'><strong>ll.</strong></span> <span class='ocrx_word' id='word_1_450' title='bbox 1466 2643 1499 2704; x_wconf 88' lang='grc' dir='ltr'><strong>Ε.</strong></span> <span class='ocrx_word' id='word_1_451' title='bbox 1531 2644 1739 2707; x_wconf 73' lang='lat' dir='ltr'><strong>cardinalium</strong></span> <span class='ocrx_word' id='word_1_452' title='bbox 1765 2647 1896 2722; x_wconf 89' lang='lat' dir='ltr'><strong>negotiis</strong></span> 
     </span>
     <span class='ocr_line' id='line_1_89' title="bbox 1155 2736 1897 2817; baseline 0.008 -22"><span class='ocrx_word' id='word_1_453' title='bbox 1155 2742 1185 2796; x_wconf 92' lang='lat' dir='ltr'><strong>et</strong></span> <span class='ocrx_word' id='word_1_454' title='bbox 1207 2736 1483 2798; x_wconf 89' lang='lat' dir='ltr'><strong>consultationibus</strong></span> <span class='ocrx_word' id='word_1_455' title='bbox 1505 2737 1725 2817; x_wconf 83' lang='lat' dir='ltr'><strong>Episcoporum</strong></span> <span class='ocrx_word' id='word_1_456' title='bbox 1747 2747 1777 2800; x_wconf 87' lang='lat' dir='ltr'><strong>et</strong></span> <span class='ocrx_word' id='word_1_457' title='bbox 1795 2739 1897 2816; x_wconf 86' lang='lat' dir='ltr'><strong>Regu·</strong></span> 
     </span>
     <span class='ocr_line' id='line_1_90' title="bbox 1155 2827 1896 2911; baseline 0.009 -23"><span class='ocrx_word' id='word_1_458' title='bbox 1155 2827 1264 2890; x_wconf 90' lang='lat' dir='ltr'><strong>larium</strong></span> <span class='ocrx_word' id='word_1_459' title='bbox 1280 2831 1536 2908; x_wconf 89' lang='lat' dir='ltr'><strong>praepositorum,</strong></span> <span class='ocrx_word' id='word_1_460' title='bbox 1550 2832 1603 2908; x_wconf 91' lang='lat' dir='ltr'><strong>qui</strong></span> <span class='ocrx_word' id='word_1_461' title='bbox 1616 2848 1709 2910; x_wconf 91' lang='lat' dir='ltr'><strong>super</strong></span> <span class='ocrx_word' id='word_1_462' title='bbox 1723 2835 1896 2911; x_wconf 88' lang='lat' dir='ltr'><strong>praemissis</strong></span> 
     </span>
     <span class='ocr_line' id='line_1_91' title="bbox 1155 2922 1895 3002; baseline 0.007 -19"><span class='ocrx_word' id='word_1_463' title='bbox 1155 2922 1302 2984; x_wconf 91' lang='lat' dir='ltr'><strong>dilectum</strong></span> <span class='ocrx_word' id='word_1_464' title='bbox 1334 2923 1433 2986; x_wconf 91' lang='lat' dir='ltr'><strong>lilium</strong></span> <span class='ocrx_word' id='word_1_465' title='bbox 1463 2933 1692 3001; x_wconf 89' lang='lat' dir='ltr'><strong>procuratorem</strong></span> <span class='ocrx_word' id='word_1_466' title='bbox 1719 2928 1895 3002; x_wconf 87' lang='lat' dir='ltr'><strong>generalem</strong></span> 
     </span>
     <span class='ocr_line' id='line_1_92' title="bbox 1154 3013 1895 3098; baseline 0.011 -24"><span class='ocrx_word' id='word_1_467' title='bbox 1154 3013 1226 3077; x_wconf 92' lang='lat' dir='ltr'><strong>dicti</strong></span> <span class='ocrx_word' id='word_1_468' title='bbox 1248 3015 1369 3078; x_wconf 88' lang='lat' dir='ltr'><strong>Ordinis</strong></span> <span class='ocrx_word' id='word_1_469' title='bbox 1391 3017 1577 3080; x_wconf 90' lang='lat' dir='ltr'><strong>audiverunt</strong></span> <span class='ocrx_word' id='word_1_470' title='bbox 1598 3027 1629 3080; x_wconf 91' lang='lat' dir='ltr'><strong>et</strong></span> <span class='ocrx_word' id='word_1_471' title='bbox 1649 3026 1758 3080; x_wconf 90' lang='lat' dir='ltr'><strong>votum</strong></span> <span class='ocrx_word' id='word_1_472' title='bbox 1773 3020 1895 3098; x_wconf 89' lang='lat' dir='ltr'><strong>capituli</strong></span> 
     </span>
     <span class='ocr_line' id='line_1_93' title="bbox 1155 3110 1896 3185; baseline 0.009 -16"><span class='ocrx_word' id='word_1_473' title='bbox 1155 3110 1305 3185; x_wconf 88' lang='lat' dir='ltr'><strong>generalis</strong></span> <span class='ocrx_word' id='word_1_474' title='bbox 1317 3111 1763 3176; x_wconf 87' lang='lat' dir='ltr'><strong>eiusdemOrdinisnovissime</strong></span> <span class='ocrx_word' id='word_1_475' title='bbox 1774 3115 1896 3176; x_wconf 76' lang='lat' dir='ltr'><strong>inalmat</strong></span> 
     </span>
     <span class='ocr_line' id='line_1_94' title="bbox 1153 3202 1896 3282; baseline 0.011 -18"><span class='ocrx_word' id='word_1_476' title='bbox 1153 3202 1235 3265; x_wconf 90' lang='lat' dir='ltr'><strong>Urbe</strong></span> <span class='ocrx_word' id='word_1_477' title='bbox 1250 3204 1352 3264; x_wconf 81' lang='lat' dir='ltr'><strong>nostrai</strong></span> <span class='ocrx_word' id='word_1_478' title='bbox 1367 3206 1518 3268; x_wconf 92' lang='lat' dir='ltr'><strong>celebrato</strong></span> <span class='ocrx_word' id='word_1_479' title='bbox 1534 3206 1691 3282; x_wconf 90' lang='lat' dir='ltr'><strong>viderunt,</strong></span> <span class='ocrx_word' id='word_1_480' title='bbox 1706 3208 1845 3282; x_wconf 90' lang='lat' dir='ltr'><strong>consilio,</strong></span> <span class='ocrx_word' id='word_1_481' title='bbox 1862 3218 1896 3272; x_wconf 90' lang='lat' dir='ltr'><strong>ut</strong></span> 
     </span>
     <span class='ocr_line' id='line_1_95' title="bbox 1155 3296 1895 3381; baseline 0.011 -23"><span class='ocrx_word' id='word_1_482' title='bbox 1155 3296 1192 3358; x_wconf 93' lang='lat' dir='ltr'><strong>de</strong></span> <span class='ocrx_word' id='word_1_483' title='bbox 1205 3305 1309 3360; x_wconf 89' lang='lat' dir='ltr'><strong>cetero</strong></span> <span class='ocrx_word' id='word_1_484' title='bbox 1322 3298 1528 3363; x_wconf 88' lang='lat' dir='ltr'><strong>duodenarius</strong></span> <span class='ocrx_word' id='word_1_485' title='bbox 1541 3302 1638 3364; x_wconf 91' lang='lat' dir='ltr'><strong>dictae</strong></span> <span class='ocrx_word' id='word_1_486' title='bbox 1649 3303 1822 3381; x_wconf 90' lang='lat' dir='ltr'><strong>provinciae</strong></span> <span class='ocrx_word' id='word_1_487' title='bbox 1833 3319 1895 3366; x_wconf 89' lang='lat' dir='ltr'><strong>mu-</strong></span> 
     </span>
     <span class='ocr_line' id='line_1_96' title="bbox 1154 3390 1895 3474; baseline 0.012 -24"><span class='ocrx_word' id='word_1_488' title='bbox 1154 3390 1322 3466; x_wconf 84' lang='lat' dir='ltr'><strong>gistrorum</strong></span> <span class='ocrx_word' id='word_1_489' title='bbox 1344 3407 1495 3456; x_wconf 92' lang='lat' dir='ltr'><strong>numerus</strong></span> <span class='ocrx_word' id='word_1_490' title='bbox 1516 3395 1550 3456; x_wconf 93' lang='lat' dir='ltr'><strong>ad</strong></span> <span class='ocrx_word' id='word_1_491' title='bbox 1573 3395 1648 3457; x_wconf 89' lang='lat' dir='ltr'><strong>alios</strong></span> <span class='ocrx_word' id='word_1_492' title='bbox 1668 3413 1721 3458; x_wconf 92' lang='lat' dir='ltr'><strong>sex</strong></span> <span class='ocrx_word' id='word_1_493' title='bbox 1735 3398 1895 3474; x_wconf 88' lang='lat' dir='ltr'><strong>magistros</strong></span> 
     </span>
     <span class='ocr_line' id='line_1_97' title="bbox 1154 3487 1895 3568; baseline 0.012 -23"><span class='ocrx_word' id='word_1_494' title='bbox 1154 3497 1322 3561; x_wconf 89' lang='lat' dir='ltr'><strong>augeatur,</strong></span> <span class='ocrx_word' id='word_1_495' title='bbox 1355 3487 1536 3550; x_wconf 90' lang='lat' dir='ltr'><strong>auctoritate</strong></span> <span class='ocrx_word' id='word_1_496' title='bbox 1566 3491 1748 3568; x_wconf 80' lang='lat' dir='ltr'><strong>apostolica,</strong></span> <span class='ocrx_word' id='word_1_497' title='bbox 1788 3501 1895 3554; x_wconf 90' lang='lat' dir='ltr'><strong>tenore</strong></span> 
     </span>
     <span class='ocr_line' id='line_1_98' title="bbox 1153 3579 1892 3666; baseline 0.011 -26"><span class='ocrx_word' id='word_1_498' title='bbox 1153 3579 1374 3656; x_wconf 91' lang='lat' dir='ltr'><strong>praesentium,</strong></span> <span class='ocrx_word' id='word_1_499' title='bbox 1403 3581 1599 3644; x_wconf 89' lang='lat' dir='ltr'><strong>concedimus</strong></span> <span class='ocrx_word' id='word_1_500' title='bbox 1620 3591 1650 3644; x_wconf 93' lang='lat' dir='ltr'><strong>et</strong></span> <span class='ocrx_word' id='word_1_501' title='bbox 1678 3584 1892 3666; x_wconf 81' lang='lat' dir='ltr'><strong>indulgemus3</strong></span> 
     </span>
     <span class='ocr_line' id='line_1_99' title="bbox 1153 3674 1895 3754; baseline 0.013 -20"><span class='ocrx_word' id='word_1_502' title='bbox 1153 3674 1234 3734; x_wconf 80' lang='lat' dir='ltr'><strong>salva</strong></span> <span class='ocrx_word' id='word_1_503' title='bbox 1256 3681 1358 3735; x_wconf 90' lang='lat' dir='ltr'><strong>tamen</strong></span> <span class='ocrx_word' id='word_1_504' title='bbox 1379 3689 1501 3752; x_wconf 91' lang='lat' dir='ltr'><strong>semper</strong></span> <span class='ocrx_word' id='word_1_505' title='bbox 1524 3675 1555 3736; x_wconf 94' lang='lat' dir='ltr'><strong>in</strong></span> <span class='ocrx_word' id='word_1_506' title='bbox 1577 3678 1750 3754; x_wconf 90' lang='lat' dir='ltr'><strong>praemissis</strong></span> <span class='ocrx_word' id='word_1_507' title='bbox 1765 3683 1895 3743; x_wconf 91' lang='lat' dir='ltr'><strong>auctori-</strong></span> 
     </span>
     <span class='ocr_line' id='line_1_100' title="bbox 1155 3768 1894 3844; baseline 0.012 -16"><span class='ocrx_word' id='word_1_508' title='bbox 1155 3773 1215 3830; x_wconf 90' lang='lat' dir='ltr'><strong>tate</strong></span> <span class='ocrx_word' id='word_1_509' title='bbox 1251 3768 1504 3844; x_wconf 82' lang='lat' dir='ltr'><strong>dongrcgacionis</strong></span> <span class='ocrx_word' id='word_1_510' title='bbox 1536 3771 1716 3832; x_wconf 91' lang='lat' dir='ltr'><strong>eorumdem</strong></span> <span class='ocrx_word' id='word_1_511' title='bbox 1751 3772 1894 3836; x_wconf 86' lang='lat' dir='ltr'><strong>Cardina-</strong></span> 
     </span>
     <span class='ocr_line' id='line_1_101' title="bbox 1154 3861 1894 3942; baseline 0.016 -21"><span class='ocrx_word' id='word_1_512' title='bbox 1154 3861 1242 3922; x_wconf 90' lang='lat' dir='ltr'><strong>lium.</strong></span> <span class='ocrx_word' id='word_1_513' title='bbox 1265 3861 1485 3936; x_wconf 84' lang='lat' dir='ltr'><strong>Decernentes,</strong></span> <span class='ocrx_word' id='word_1_514' title='bbox 1511 3862 1631 3924; x_wconf 88' lang='lat' dir='ltr'><strong>easdem</strong></span> <span class='ocrx_word' id='word_1_515' title='bbox 1652 3874 1827 3942; x_wconf 90' lang='lat' dir='ltr'><strong>praesentes</strong></span> <span class='ocrx_word' id='word_1_516' title='bbox 1859 3870 1894 3932; x_wconf 95' lang='lat' dir='ltr'><strong>li-</strong></span> 
     </span>
     <span class='ocr_line' id='line_1_102' title="bbox 1154 3955 1895 4032; baseline 0.015 -18"><span class='ocrx_word' id='word_1_517' title='bbox 1154 3961 1232 4015; x_wconf 90' lang='lat' dir='ltr'><strong>teras</strong></span> <span class='ocrx_word' id='word_1_518' title='bbox 1251 3971 1372 4032; x_wconf 92' lang='lat' dir='ltr'><strong>semper</strong></span> <span class='ocrx_word' id='word_1_519' title='bbox 1384 3955 1497 4030; x_wconf 90' lang='lat' dir='ltr'><strong>llrmas,</strong></span> <span class='ocrx_word' id='word_1_520' title='bbox 1514 3955 1629 4016; x_wconf 92' lang='lat' dir='ltr'><strong>validas</strong></span> <span class='ocrx_word' id='word_1_521' title='bbox 1641 3964 1671 4018; x_wconf 91' lang='lat' dir='ltr'><strong>et</strong></span> <span class='ocrx_word' id='word_1_522' title='bbox 1682 3958 1816 4022; x_wconf 82' lang='lat' dir='ltr'><strong>efficaces</strong></span> <span class='ocrx_word' id='word_1_523' title='bbox 1830 3965 1895 4025; x_wconf 89' lang='lat' dir='ltr'><strong>exi·</strong></span> 
     </span>
     <span class='ocr_line' id='line_1_103' title="bbox 1152 4047 1894 4131; baseline 0.015 -24"><span class='ocrx_word' id='word_1_524' title='bbox 1152 4056 1233 4108; x_wconf 91' lang='lat' dir='ltr'><strong>stere</strong></span> <span class='ocrx_word' id='word_1_525' title='bbox 1247 4053 1278 4108; x_wconf 92' lang='lat' dir='ltr'><strong>et</strong></span> <span class='ocrx_word' id='word_1_526' title='bbox 1298 4047 1374 4122; x_wconf 90' lang='lat' dir='ltr'><strong>iore,</strong></span> <span class='ocrx_word' id='word_1_527' title='bbox 1396 4063 1530 4127; x_wconf 90' lang='lat' dir='ltr'><strong>suosque</strong></span> <span class='ocrx_word' id='word_1_528' title='bbox 1544 4048 1697 4126; x_wconf 88' lang='lat' dir='ltr'><strong>plenarios</strong></span> <span class='ocrx_word' id='word_1_529' title='bbox 1711 4059 1741 4112; x_wconf 90' lang='lat' dir='ltr'><strong>et</strong></span> <span class='ocrx_word' id='word_1_530' title='bbox 1756 4053 1894 4131; x_wconf 90' lang='lat' dir='ltr'><strong>integros</strong></span> 
     </span>
     <span class='ocr_line' id='line_1_104' title="bbox 1153 4137 1894 4226; baseline 0.015 -26"><span class='ocrx_word' id='word_1_531' title='bbox 1153 4137 1278 4202; x_wconf 85' lang='lat' dir='ltr'><strong>allectus</strong></span> <span class='ocrx_word' id='word_1_532' title='bbox 1298 4141 1402 4201; x_wconf 91' lang='lat' dir='ltr'><strong>sortiri</strong></span> <span class='ocrx_word' id='word_1_533' title='bbox 1423 4147 1453 4202; x_wconf 90' lang='lat' dir='ltr'><strong>et</strong></span> <span class='ocrx_word' id='word_1_534' title='bbox 1474 4141 1625 4216; x_wconf 90' lang='lat' dir='ltr'><strong>obtinere,</strong></span> <span class='ocrx_word' id='word_1_535' title='bbox 1639 4159 1670 4204; x_wconf 93' lang='lat' dir='ltr'><strong>ac</strong></span> <span class='ocrx_word' id='word_1_536' title='bbox 1682 4144 1754 4220; x_wconf 92' lang='lat' dir='ltr'><strong>iilis,</strong></span> <span class='ocrx_word' id='word_1_537' title='bbox 1768 4147 1803 4209; x_wconf 92' lang='lat' dir='ltr'><strong>ad</strong></span> <span class='ocrx_word' id='word_1_538' title='bbox 1818 4165 1894 4226; x_wconf 92' lang='lat' dir='ltr'><strong>quos</strong></span> 
     </span>
     <span class='ocr_line' id='line_1_105' title="bbox 1152 4233 1895 4312; baseline 0.013 -20"><span class='ocrx_word' id='word_1_539' title='bbox 1152 4239 1267 4310; x_wconf 88' lang='lat' dir='ltr'><strong>spectat</strong></span> <span class='ocrx_word' id='word_1_540' title='bbox 1288 4240 1318 4294; x_wconf 92' lang='lat' dir='ltr'><strong>ct</strong></span> <span class='ocrx_word' id='word_1_541' title='bbox 1339 4234 1487 4311; x_wconf 90' lang='lat' dir='ltr'><strong>spectabit</strong></span> <span class='ocrx_word' id='word_1_542' title='bbox 1508 4235 1540 4296; x_wconf 94' lang='lat' dir='ltr'><strong>in</strong></span> <span class='ocrx_word' id='word_1_543' title='bbox 1562 4233 1716 4312; x_wconf 86' lang='lat' dir='ltr'><strong>laturum,</strong></span> <span class='ocrx_word' id='word_1_544' title='bbox 1733 4239 1764 4300; x_wconf 93' lang='lat' dir='ltr'><strong>in</strong></span> <span class='ocrx_word' id='word_1_545' title='bbox 1795 4243 1895 4304; x_wconf 92' lang='lat' dir='ltr'><strong>omni·</strong></span> 
     </span>
     <span class='ocr_line' id='line_1_106' title="bbox 1152 4325 1895 4409; baseline 0.013 -23"><span class='ocrx_word' id='word_1_546' title='bbox 1152 4325 1209 4386; x_wconf 92' lang='lat' dir='ltr'><strong>bus</strong></span> <span class='ocrx_word' id='word_1_547' title='bbox 1223 4334 1254 4386; x_wconf 92' lang='lat' dir='ltr'><strong>et</strong></span> <span class='ocrx_word' id='word_1_548' title='bbox 1267 4341 1322 4405; x_wconf 89' lang='lat' dir='ltr'><strong>per</strong></span> <span class='ocrx_word' id='word_1_549' title='bbox 1336 4327 1439 4388; x_wconf 91' lang='lat' dir='ltr'><strong>omnia</strong></span> <span class='ocrx_word' id='word_1_550' title='bbox 1454 4326 1632 4405; x_wconf 90' lang='lat' dir='ltr'><strong>plenissime</strong></span> <span class='ocrx_word' id='word_1_551' title='bbox 1651 4330 1822 4409; x_wconf 76' lang='lat' dir='ltr'><strong>suffragari,</strong></span> <span class='ocrx_word' id='word_1_552' title='bbox 1838 4335 1895 4397; x_wconf 91' lang='lat' dir='ltr'><strong>sic-</strong></span> 
     </span>
     <span class='ocr_line' id='line_1_107' title="bbox 1153 4419 1894 4502; baseline 0.012 -23"><span class='ocrx_word' id='word_1_553' title='bbox 1153 4434 1213 4497; x_wconf 90' lang='lat' dir='ltr'><strong>que</strong></span> <span class='ocrx_word' id='word_1_554' title='bbox 1234 4419 1266 4480; x_wconf 92' lang='lat' dir='ltr'><strong>in</strong></span> <span class='ocrx_word' id='word_1_555' title='bbox 1294 4419 1467 4498; x_wconf 91' lang='lat' dir='ltr'><strong>praemissis</strong></span> <span class='ocrx_word' id='word_1_556' title='bbox 1497 4435 1551 4498; x_wconf 92' lang='lat' dir='ltr'><strong>per</strong></span> <span class='ocrx_word' id='word_1_557' title='bbox 1578 4438 1789 4502; x_wconf 91' lang='lat' dir='ltr'><strong>quoscumque</strong></span> <span class='ocrx_word' id='word_1_558' title='bbox 1817 4427 1894 4490; x_wconf 92' lang='lat' dir='ltr'><strong>iudi-</strong></span> 
     </span>
     <span class='ocr_line' id='line_1_108' title="bbox 1152 4511 1893 4591; baseline 0.012 -17"><span class='ocrx_word' id='word_1_559' title='bbox 1152 4529 1201 4574; x_wconf 86' lang='lat' dir='ltr'><strong>ces</strong></span> <span class='ocrx_word' id='word_1_560' title='bbox 1228 4511 1398 4574; x_wconf 88' lang='lat' dir='ltr'><strong>0rdinarios</strong></span> <span class='ocrx_word' id='word_1_561' title='bbox 1422 4521 1453 4574; x_wconf 90' lang='lat' dir='ltr'><strong>et</strong></span> <span class='ocrx_word' id='word_1_562' title='bbox 1479 4514 1643 4591; x_wconf 88' lang='lat' dir='ltr'><strong>delegatos,</strong></span> <span class='ocrx_word' id='word_1_563' title='bbox 1673 4517 1765 4579; x_wconf 90' lang='lat' dir='ltr'><strong>etiam</strong></span> <span class='ocrx_word' id='word_1_564' title='bbox 1794 4537 1893 4584; x_wconf 91' lang='lat' dir='ltr'><strong>causa-</strong></span> 
     </span>
     <span class='ocr_line' id='line_1_109' title="bbox 1153 4605 1894 4686; baseline 0.016 -20"><span class='ocrx_word' id='word_1_565' title='bbox 1153 4622 1224 4668; x_wconf 92' lang='lat' dir='ltr'><strong>rum</strong></span> <span class='ocrx_word' id='word_1_566' title='bbox 1243 4605 1345 4684; x_wconf 90' lang='lat' dir='ltr'><strong>palatii</strong></span> <span class='ocrx_word' id='word_1_567' title='bbox 1366 4607 1522 4685; x_wconf 91' lang='lat' dir='ltr'><strong>apostolici</strong></span> <span class='ocrx_word' id='word_1_568' title='bbox 1542 4609 1707 4686; x_wconf 88' lang='lat' dir='ltr'><strong>auditores,</strong></span> <span class='ocrx_word' id='word_1_569' title='bbox 1724 4611 1850 4675; x_wconf 90' lang='lat' dir='ltr'><strong>iudicari</strong></span> <span class='ocrx_word' id='word_1_570' title='bbox 1864 4623 1894 4678; x_wconf 88' lang='lat' dir='ltr'><strong>et</strong></span> 
     </span>
     <span class='ocr_line' id='line_1_110' title="bbox 1152 4698 1893 4782; baseline 0.013 -22"><span class='ocrx_word' id='word_1_571' title='bbox 1152 4698 1274 4760; x_wconf 84' lang='lat' dir='ltr'><strong>definiri</strong></span> <span class='ocrx_word' id='word_1_572' title='bbox 1303 4699 1430 4775; x_wconf 89' lang='lat' dir='ltr'><strong>debere,</strong></span> <span class='ocrx_word' id='word_1_573' title='bbox 1460 4717 1494 4762; x_wconf 90' lang='lat' dir='ltr'><strong>ac</strong></span> <span class='ocrx_word' id='word_1_574' title='bbox 1521 4701 1646 4764; x_wconf 89' lang='lat' dir='ltr'><strong>irritum</strong></span> <span class='ocrx_word' id='word_1_575' title='bbox 1671 4712 1702 4766; x_wconf 90' lang='lat' dir='ltr'><strong>et</strong></span> <span class='ocrx_word' id='word_1_576' title='bbox 1730 4705 1838 4782; x_wconf 91' lang='lat' dir='ltr'><strong>inane,</strong></span> <span class='ocrx_word' id='word_1_577' title='bbox 1869 4710 1893 4770; x_wconf 91' lang='lat' dir='ltr'><strong>si</strong></span> 
     </span>
     <span class='ocr_line' id='line_1_111' title="bbox 1152 4794 1894 4874; baseline 0.013 -20"><span class='ocrx_word' id='word_1_578' title='bbox 1152 4809 1240 4854; x_wconf 92' lang='lat' dir='ltr'><strong>secus</strong></span> <span class='ocrx_word' id='word_1_579' title='bbox 1260 4809 1352 4872; x_wconf 91' lang='lat' dir='ltr'><strong>super</strong></span> <span class='ocrx_word' id='word_1_580' title='bbox 1371 4794 1419 4854; x_wconf 93' lang='lat' dir='ltr'><strong>his</strong></span> <span class='ocrx_word' id='word_1_581' title='bbox 1440 4810 1456 4853; x_wconf 92' lang='lat' dir='ltr'><strong>a</strong></span> <span class='ocrx_word' id='word_1_582' title='bbox 1477 4809 1643 4873; x_wconf 91' lang='lat' dir='ltr'><strong>quoquam,</strong></span> <span class='ocrx_word' id='word_1_583' title='bbox 1664 4799 1771 4874; x_wconf 88' lang='lat' dir='ltr'><strong>quavis</strong></span> <span class='ocrx_word' id='word_1_584' title='bbox 1793 4809 1894 4864; x_wconf 90' lang='lat' dir='ltr'><strong>aucto·</strong></span> 
     </span>
     <span class='ocr_line' id='line_1_112' title="bbox 1152 4887 1895 4972; baseline 0.013 -25"><span class='ocrx_word' id='word_1_585' title='bbox 1152 4887 1253 4962; x_wconf 89' lang='lat' dir='ltr'><strong>ritate,</strong></span> <span class='ocrx_word' id='word_1_586' title='bbox 1279 4888 1413 4950; x_wconf 86' lang='lat' dir='ltr'><strong>scienter</strong></span> <span class='ocrx_word' id='word_1_587' title='bbox 1433 4888 1483 4958; x_wconf 88' lang='lat' dir='ltr'><strong>vel</strong></span> <span class='ocrx_word' id='word_1_588' title='bbox 1510 4889 1703 4967; x_wconf 91' lang='lat' dir='ltr'><strong>ignoranter,</strong></span> <span class='ocrx_word' id='word_1_589' title='bbox 1729 4895 1895 4972; x_wconf 87' lang='lat' dir='ltr'><strong>contigerit</strong></span> 
     </span>
     <span class='ocr_line' id='line_1_113' title="bbox 1153 4971 1582 5068; baseline 0.012 -28"><span class='ocrx_word' id='word_1_590' title='bbox 1153 4971 1308 5042; x_wconf 83' lang='lat' dir='ltr'><strong>attentari.</strong></span> <span class='ocrx_word' id='word_1_591' title='bbox 1578 5059 1582 5068; x_wconf 31' lang='grc'><strong><em>1</em></strong></span> 
     </span>
    </p>

    <p class='ocr_par' dir='ltr' id='par_1_13' title="bbox 1152 5075 1896 5810">
     <span class='ocr_line' id='line_1_114' title="bbox 1193 5075 1893 5157; baseline 0.014 -22"><span class='ocrx_word' id='word_1_592' title='bbox 1193 5075 1211 5148; x_wconf 68' lang='lat'>5</span> <span class='ocrx_word' id='word_1_593' title='bbox 1233 5075 1260 5136; x_wconf 86' lang='grc'><strong>3.</strong></span> <span class='ocrx_word' id='word_1_594' title='bbox 1281 5075 1349 5138; x_wconf 93' lang='lat' dir='ltr'><strong>Non</strong></span> <span class='ocrx_word' id='word_1_595' title='bbox 1366 5077 1557 5140; x_wconf 88' lang='lat' dir='ltr'><strong>obstantibus</strong></span> <span class='ocrx_word' id='word_1_596' title='bbox 1572 5081 1757 5157; x_wconf 88' lang='lat' dir='ltr'><strong>praemissis,</strong></span> <span class='ocrx_word' id='word_1_597' title='bbox 1774 5100 1806 5144; x_wconf 89' lang='lat' dir='ltr'><strong>ac</strong></span> <span class='ocrx_word' id='word_1_598' title='bbox 1822 5099 1893 5145; x_wconf 92' lang='lat' dir='ltr'><strong>con·</strong></span> 
     </span>
     <span class='ocr_line' id='line_1_115' title="bbox 1153 5170 1892 5254; baseline 0.012 -23"><span class='ocrx_word' id='word_1_599' title='bbox 1153 5170 1364 5232; x_wconf 88' lang='lat' dir='ltr'><strong>stitutionibus</strong></span> <span class='ocrx_word' id='word_1_600' title='bbox 1383 5180 1414 5233; x_wconf 90' lang='lat' dir='ltr'><strong>et</strong></span> <span class='ocrx_word' id='word_1_601' title='bbox 1439 5171 1683 5236; x_wconf 90' lang='lat' dir='ltr'><strong>ordinationibus</strong></span> <span class='ocrx_word' id='word_1_602' title='bbox 1711 5177 1892 5254; x_wconf 90' lang='lat' dir='ltr'><strong>apostolicis,</strong></span> 
     </span>
     <span class='ocr_line' id='line_1_116' title="bbox 1154 5264 1892 5348; baseline 0.012 -23"><span class='ocrx_word' id='word_1_603' title='bbox 1154 5279 1275 5325; x_wconf 90' lang='lat' dir='ltr'><strong>necnon</strong></span> <span class='ocrx_word' id='word_1_604' title='bbox 1286 5264 1461 5342; x_wconf 91' lang='lat' dir='ltr'><strong>provinciae</strong></span> <span class='ocrx_word' id='word_1_605' title='bbox 1483 5273 1513 5326; x_wconf 92' lang='lat' dir='ltr'><strong>et</strong></span> <span class='ocrx_word' id='word_1_606' title='bbox 1534 5266 1653 5329; x_wconf 85' lang='lat' dir='ltr'><strong>Ordinis</strong></span> <span class='ocrx_word' id='word_1_607' title='bbox 1675 5267 1892 5348; x_wconf 90' lang='lat' dir='ltr'><strong>praelatorum,</strong></span> 
     </span>
     <span class='ocr_line' id='line_1_117' title="bbox 1154 5355 1892 5440; baseline 0.009 -22"><span class='ocrx_word' id='word_1_608' title='bbox 1154 5355 1246 5418; x_wconf 89' lang='lat' dir='ltr'><strong>etlam</strong></span> <span class='ocrx_word' id='word_1_609' title='bbox 1268 5357 1452 5432; x_wconf 90' lang='lat' dir='ltr'><strong>iuramento,</strong></span> <span class='ocrx_word' id='word_1_610' title='bbox 1470 5360 1703 5423; x_wconf 90' lang='lat' dir='ltr'><strong>coulirmatione</strong></span> <span class='ocrx_word' id='word_1_611' title='bbox 1720 5363 1892 5440; x_wconf 83' lang='lat' dir='ltr'><strong>apostolica,</strong></span> 
     </span>
     <span class='ocr_line' id='line_1_118' title="bbox 1154 5449 1894 5530; baseline 0.009 -20"><span class='ocrx_word' id='word_1_612' title='bbox 1154 5450 1203 5511; x_wconf 91' lang='lat' dir='ltr'><strong>vel</strong></span> <span class='ocrx_word' id='word_1_613' title='bbox 1224 5449 1331 5528; x_wconf 91' lang='lat' dir='ltr'><strong>quavis</strong></span> <span class='ocrx_word' id='word_1_614' title='bbox 1350 5451 1498 5512; x_wconf 84' lang='lat' dir='ltr'><strong>firmitate</strong></span> <span class='ocrx_word' id='word_1_615' title='bbox 1511 5452 1569 5512; x_wconf 82' lang='lat' dir='ltr'><strong>alia</strong></span> <span class='ocrx_word' id='word_1_616' title='bbox 1589 5453 1749 5530; x_wconf 90' lang='lat' dir='ltr'><strong>roboratis,</strong></span> <span class='ocrx_word' id='word_1_617' title='bbox 1772 5457 1894 5518; x_wconf 89' lang='lat' dir='ltr'><strong>statutis</strong></span> 
     </span>
     <span class='ocr_line' id='line_1_119' title="bbox 1152 5543 1894 5626; baseline 0.011 -23"><span class='ocrx_word' id='word_1_618' title='bbox 1152 5549 1183 5603; x_wconf 89' lang='lat' dir='ltr'><strong>et</strong></span> <span class='ocrx_word' id='word_1_619' title='bbox 1205 5543 1491 5618; x_wconf 90' lang='lat' dir='ltr'><strong>consuetudinibus,</strong></span> <span class='ocrx_word' id='word_1_620' title='bbox 1515 5545 1685 5623; x_wconf 87' lang='lat' dir='ltr'><strong>privilegiis</strong></span> <span class='ocrx_word' id='word_1_621' title='bbox 1700 5563 1834 5626; x_wconf 91' lang='lat' dir='ltr'><strong>quoque,</strong></span> <span class='ocrx_word' id='word_1_622' title='bbox 1847 5549 1894 5611; x_wconf 93' lang='lat' dir='ltr'><strong>in-</strong></span> 
     </span>
     <span class='ocr_line' id='line_1_120' title="bbox 1154 5636 1895 5716; baseline 0.011 -20"><span class='ocrx_word' id='word_1_623' title='bbox 1154 5636 1246 5698; x_wconf 89' lang='lat' dir='ltr'><strong>dultis</strong></span> <span class='ocrx_word' id='word_1_624' title='bbox 1272 5644 1303 5698; x_wconf 90' lang='lat' dir='ltr'><strong>et</strong></span> <span class='ocrx_word' id='word_1_625' title='bbox 1336 5637 1445 5698; x_wconf 90' lang='lat' dir='ltr'><strong>litteris</strong></span> <span class='ocrx_word' id='word_1_626' title='bbox 1476 5639 1646 5716; x_wconf 88' lang='lat' dir='ltr'><strong>apostolicis</strong></span> <span class='ocrx_word' id='word_1_627' title='bbox 1669 5640 1703 5700; x_wconf 90' lang='lat' dir='ltr'><strong>in</strong></span> <span class='ocrx_word' id='word_1_628' title='bbox 1734 5643 1895 5704; x_wconf 91' lang='lat' dir='ltr'><strong>contrariis</strong></span> 
     </span>
     <span class='ocr_line' id='line_1_121' title="bbox 1154 5731 1896 5810; baseline 0.011 -21"><span class='ocrx_word' id='word_1_629' title='bbox 1154 5731 1391 5808; x_wconf 91' lang='lat' dir='ltr'><strong>praemissorum</strong></span> <span class='ocrx_word' id='word_1_630' title='bbox 1404 5731 1633 5808; x_wconf 90' lang='lat' dir='ltr'><strong>quomodolibet</strong></span> <span class='ocrx_word' id='word_1_631' title='bbox 1646 5735 1806 5810; x_wconf 89' lang='lat' dir='ltr'><strong>concessis,</strong></span> <span class='ocrx_word' id='word_1_632' title='bbox 1823 5751 1896 5796; x_wconf 89' lang='lat' dir='ltr'><strong>con-</strong></span> 
     </span>
    </p>
   </div>
   <div class='ocr_carea' id='block_1_12' title="bbox 1815 547 2111 612">
    <p class='ocr_par' dir='ltr' id='par_1_14' title="bbox 1815 547 2111 612">
     <span class='ocr_line' id='line_1_122' title="bbox 1815 547 2111 612; baseline -0.034 0"><span class='ocrx_word' id='word_1_633' title='bbox 1815 549 1873 612; x_wconf 69' lang='lat'><strong>295</strong></span> <span class='ocrx_word' id='word_1_634' title='bbox 1923 547 1978 604; x_wconf 81' lang='lat' dir='ltr'><strong>An.</strong></span> <span class='ocrx_word' id='word_1_635' title='bbox 1992 549 2022 601; x_wconf 85' lang='lat'><strong>0.</strong></span> <span class='ocrx_word' id='word_1_636' title='bbox 2043 547 2111 602; x_wconf 80' lang='lat'>1712</span> 
     </span>
    </p>
   </div>
   <div class='ocr_carea' id='block_1_13' title="bbox 1940 3875 2081 3926">
    <p class='ocr_par' dir='ltr' id='par_1_15' title="bbox 1940 3875 2081 3926">
     <span class='ocr_line' id='line_1_123' title="bbox 1940 3875 2081 3926; baseline 0.014 -4"><span class='ocrx_word' id='word_1_637' title='bbox 1940 3875 2081 3926; x_wconf 87' lang='lat' dir='ltr'><strong>clausulae.</strong></span> 
     </span>
    </p>
   </div>
   <div class='ocr_carea' id='block_1_14' title="bbox 1935 5097 2125 5152">
    <p class='ocr_par' dir='ltr' id='par_1_16' title="bbox 1935 5097 2125 5152">
     <span class='ocr_line' id='line_1_124' title="bbox 1935 5097 2125 5152; baseline 0.047 -9"><span class='ocrx_word' id='word_1_638' title='bbox 1935 5097 2125 5152; x_wconf 82' lang='lat' dir='ltr'><strong>contrariorum</strong></span> 
     </span>
    </p>
   </div>
   <div class='ocr_carea' id='block_1_15' title="bbox 1914 5151 2053 5210">
    <p class='ocr_par' dir='ltr' id='par_1_17' title="bbox 1914 5151 2053 5210">
     <span class='ocr_line' id='line_1_125' title="bbox 1914 5151 2053 5210; baseline 0.036 -14"><span class='ocrx_word' id='word_1_639' title='bbox 1914 5151 2053 5210; x_wconf 87' lang='lat' dir='ltr'><strong>derogatio.</strong></span> 
     </span>
    </p>
   </div>
   <div class='ocr_carea' id='block_1_16' title="bbox 1154 5823 2005 5903">
    <p class='ocr_par' dir='ltr' id='par_1_18' title="bbox 1154 5823 2005 5903">
     <span class='ocr_line' id='line_1_126' title="bbox 1154 5823 2005 5903; baseline 0.007 -17"><span class='ocrx_word' id='word_1_640' title='bbox 1154 5823 1283 5886; x_wconf 88' lang='lat' dir='ltr'><strong>firmatis</strong></span> <span class='ocrx_word' id='word_1_641' title='bbox 1304 5831 1335 5884; x_wconf 93' lang='lat' dir='ltr'><strong>et</strong></span> <span class='ocrx_word' id='word_1_642' title='bbox 1360 5824 1534 5901; x_wconf 82' lang='lat' dir='ltr'><strong>innovatis3</strong></span> <span class='ocrx_word' id='word_1_643' title='bbox 1557 5826 1668 5903; x_wconf 92' lang='lat' dir='ltr'><strong>quibus</strong></span> <span class='ocrx_word' id='word_1_644' title='bbox 1693 5829 1836 5891; x_wconf 92' lang='lat' dir='ltr'><strong>omnibus</strong></span> <span class='ocrx_word' id='word_1_645' title='bbox 1864 5839 1895 5891; x_wconf 90' lang='lat' dir='ltr'><strong>et</strong></span> <span class='ocrx_word' id='word_1_646' title='bbox 1995 5883 2005 5898; x_wconf 82' lang='grc'><strong>,</strong></span> 
     </span>
    </p>
   </div>
   <div class='ocr_carea' id='block_1_17' title="bbox 1154 5917 1894 6004">
    <p class='ocr_par' dir='ltr' id='par_1_19' title="bbox 1154 5917 1894 6004">
     <span class='ocr_line' id='line_1_127' title="bbox 1154 5917 1894 6004; baseline 0.011 -26"><span class='ocrx_word' id='word_1_647' title='bbox 1154 5917 1295 5996; x_wconf 89' lang='lat' dir='ltr'><strong>singulis,</strong></span> <span class='ocrx_word' id='word_1_648' title='bbox 1322 5917 1448 5980; x_wconf 91' lang='lat' dir='ltr'><strong>illorum</strong></span> <span class='ocrx_word' id='word_1_649' title='bbox 1464 5926 1585 5981; x_wconf 90' lang='lat' dir='ltr'><strong>tenores</strong></span> <span class='ocrx_word' id='word_1_650' title='bbox 1606 5921 1818 6000; x_wconf 88' lang='lat' dir='ltr'><strong>praesentibus</strong></span> <span class='ocrx_word' id='word_1_651' title='bbox 1839 5938 1894 6004; x_wconf 90' lang='lat' dir='ltr'><strong>pro</strong></span> 
     </span>
    </p>
   </div>
   <div class='ocr_carea' id='block_1_18' title="bbox 0 0 2445 6980">
    <p class='ocr_par' dir='ltr' id='par_1_20' title="bbox 0 0 2445 6980">
     <span class='ocr_line' id='line_1_128' title="bbox 0 0 2445 6980; baseline 0 0"><span class='ocrx_word' id='word_1_652' title='bbox 0 0 2445 6980; x_wconf 95' lang='lat' dir='ltr'><strong> </strong></span> 
     </span>
    </p>
   </div>
  </div>
 </body>
</html>
