4866 6980
117 2486 287 2534 confirmatur.

994 599 1203 644 tbtdocmvrtbs
1224 599 1267 644 Xl.

312 723 344 778 et
365 715 565 792 informante,
587 719 707 780 censuit
729 718 960 780 decernendum
982 731 1058 790 esse,

312 818 404 886 prout
425 811 574 884 decrevit,
597 813 633 874 ad
655 812 792 873 favorem
814 817 937 889 patrum
958 809 1061 870 Oomi·

313 903 508 979 nicanorum,
525 914 593 968 tum
615 908 714 984 quoad
737 904 981 982 praecedentiam
1002 903 1060 963 eis-

312 999 380 1060 dem
405 998 542 1076 patribus
569 999 778 1061 bominicanis
805 997 941 1058 debitam
967 1011 1059 1072 supra

311 1091 461 1167 praefatos
483 1100 585 1170 patres
613 1091 643 1154 S.
668 1090 820 1153 Francisei
849 1089 981 1152 Minores
1002 1087 1059 1150 Ob·

310 1191 470 1245 sementes
497 1186 529 1247 in
558 1186 703 1252 omnibus
731 1184 847 1246 actibus
878 1180 1007 1262 publicis
1028 1186 1059 1241 et

312 1277 577 1354 processionibus,
611 1287 677 1341 tum
699 1280 797 1358 quoad
821 1279 868 1340 ius
893 1271 1057 1354 peragendi

311 1371 537 1448 processionem
554 1372 708 1434 dominica
730 1371 808 1432 infra
830 1377 969 1432 octavam
985 1370 1057 1430 Cor-

311 1465 393 1541 poris
415 1465 529 1526 Christi
558 1466 709 1543 privative
725 1464 823 1543 quoad
839 1463 936 1524 dictos
958 1469 1058 1541 patres

310 1556 539 1631 Franciscanus,
562 1565 594 1619 et
613 1557 776 1634 signanter
797 1558 829 1618 in
848 1556 973 1618 civitate
987 1555 1059 1629 Oui-

311 1649 408 1726 tensi;
425 1665 458 1710 ac
475 1651 603 1728 insuper
613 1649 778 1712 declaravit
792 1649 883 1711 licere
896 1647 1057 1726 praedictis

311 1743 447 1820 patribus
468 1743 678 1805 Franciscanis
702 1743 809 1804 eadem
830 1742 879 1805 die
904 1740 1056 1803 dominica

310 1835 388 1897 infra
408 1843 548 1898 octavam
570 1837 713 1916 Corporis
735 1836 847 1900 Christi
869 1835 968 1896 facere
989 1851 1057 1911 pro-

309 1928 480 1990 cessionem
501 1929 583 1990 intra
604 1928 736 1991 claustra
757 1943 867 1989 eorum
882 1933 1057 1988 conventus

308 2027 341 2082 et
361 2019 521 2081 ecclesiae:
539 2027 571 2080 et
590 2019 631 2082 ita
649 2019 823 2081 sancivitet
837 2018 954 2080 servari
970 2033 1058 2078 uran-

309 2112 393 2175 davit
407 2112 457 2174 die
472 2128 503 2172 x.
517 2111 666 2174 februarii
688 2119 920 2174 mcccxxxv-
934 2110 972 2172 N.
983 2111 1056 2172 Car-

308 2205 418 2287 dinalis
439 2207 630 2268 Loucvtcus.
658 2207 853 2268 Bceuxenus
883 2207 1053 2278 stxtruS,

308 2315 467 2362 sacrorum
491 2299 611 2362 rituum
640 2299 896 2376 Congrcgationis
926 2304 1055 2360 secreta·

309 2392 418 2454 rius».

348 2489 416 2563 52
441 2489 521 2551 Com
542 2495 664 2562 autem,
686 2487 765 2550 sicut
791 2487 920 2550 dilectus
942 2483 1056 2563 pariter

309 2581 391 2645 illius
412 2581 550 2660 lgnatius
560 2581 598 2642 de
617 2580 745 2655 Ouasadi
766 2579 839 2642 dicti
860 2577 981 2641 Ordinis
995 2577 1055 2638 fra·

308 2681 393 2737 trum
404 2676 654 2737 praedicatorum
666 2673 819 2752 professor
830 2673 863 2734 in
874 2672 956 2733 sacri
971 2671 1054 2732 theo-

308 2771 388 2848 logici
403 2769 561 2846 magister,
576 2785 610 2830 ac
624 2768 721 2830 dictae
735 2765 912 2844 provinciae
925 2765 1054 2840 Quiten-

307 2864 348 2926 sis
369 2870 559 2943 procurator,
573 2861 661 2924 nobis
681 2861 813 2922 subinde
834 2859 946 2938 exponi
969 2858 1052 2931 fecit,

308 2961 372 3036 ipsc
392 2959 553 3019 decretum
567 2954 758 3030 huiusmodi,
774 2969 836 3032 quo
848 2952 969 3015 firmius
982 2951 1054 3013 sub-

307 3052 392 3113 sistat
414 3058 445 3112 et
464 3055 610 3112 servetur
625 3048 772 3122 exactius,
786 3046 969 3124 apostolicae
982 3059 1053 3106 con-

308 3143 491 3206 firmationis
517 3149 640 3204 nostrae
668 3139 837 3219 patrocinio
865 3136 1053 3200 communiri

307 3237 479 3316 plurimum
500 3235 669 3298 desideret:
694 3248 760 3306 nos,
778 3233 878 3310 ipsum
899 3230 1053 3307 ignatium

307 3334 538 3408 procuratorem
559 3325 741 3406 specialibus
763 3325 919 3387 favoribus
934 3332 965 3386 et
986 3340 1052 3400 gra-

309 3423 358 3484 tiis
379 3421 523 3499 prosequi
548 3419 705 3494 volentes,
728 3427 759 3481 ct
781 3435 797 3479 a
818 3417 979 3498 quibusvis
1001 3433 1054 3478 ex-

306 3512 608 3586 communicationis,
619 3511 830 3590 suspensionis
841 3517 873 3572 et
884 3508 1052 3581 interdicti,

305 3608 435 3686 aliisque
455 3605 666 3668 ecclesiasticis
679 3604 853 3679 sententiis,
870 3602 1008 3666 censuris
1022 3607 1054 3661 et

306 3701 433 3780 poenis,
455 3717 472 3760 a
494 3699 562 3762 iure
583 3697 634 3759 vel
654 3697 691 3759 ab
714 3697 854 3772 homine,
876 3697 984 3775 quavis
1004 3711 1053 3756 oc-

306 3795 428 3857 casione
447 3791 498 3853 vel
519 3791 607 3852 causa
633 3791 718 3866 latis,
741 3791 765 3852 si
788 3789 900 3868 utribus
926 3805 1054 3868 quomo-

305 3886 422 3949 dolibet
440 3886 605 3947 innodatus
625 3883 741 3958 existit,
757 3885 792 3945 ad
808 3885 952 3945 eflectum
968 3899 1053 3963 prae·

305 3981 443 4042 sentium
463 3981 624 4042 dumtaxat
645 3979 917 4055 consequendum,
939 3979 1052 4040 harum

305 4073 386 4135 serie
416 4071 612 4133 absolventes
640 4079 671 4132 et
691 4070 867 4132 absolutum
894 4070 960 4132 fore
981 4087 1053 4132 cen-

305 4171 420 4238 sentes,
436 4162 711 4242 supplicationibus
733 4163 798 4223 cius
820 4162 950 4225 nomine
965 4163 1053 4224 nobis

304 4274 398 4337 super
429 4259 487 4318 hoc
517 4255 679 4318 humiliter
710 4256 857 4334 porrectis
890 4255 1051 4329 inclinati,

305 4351 465 4412 decretum
486 4349 724 4427 praeinsertum,
740 4347 921 4408 auctoritate
935 4355 1054 4426 aposto-

304 4443 371 4518 lica,
394 4450 504 4505 tenore
524 4441 752 4520 praesentium,
774 4441 995 4502 confirmamus
1021 4447 1052 4502 et

304 4537 518 4616 approbamus,
540 4533 647 4612 illique
668 4533 853 4595 inviolabilis
873 4533 1052 4610 apostolicae

305 4629 459 4692 firmitatis
470 4629 567 4690 robur
578 4615 846 4702 adiicimus3'salva
860 4635 961 4688 tamen
973 4643 1052 4688 sem-

303 4737 359 4799 per
374 4723 405 4783 in
420 4721 594 4799 praemissis
611 4719 792 4781 auctoritate
807 4718 958 4796 praefatae
973 4719 1052 4782 Con-

303 4815 493 4892 gregationis
514 4812 734 4876 cardinalium.

343 4910 362 4984 ἓ
383 4908 412 4970 3.
436 4907 644 4968 Decernentes
664 4904 786 4966 easdem
808 4913 984 4984 praesentes
1002 4905 1051 4965 lit-

305 5010 384 5062 teras
408 5015 533 5078 sempor
561 5001 683 5073 firmas,
716 4999 831 5060 validas
859 5005 890 5058 ct
916 4997 1052 5060 efficaces

303 5095 436 5156 existere
457 5101 489 5154 et
504 5092 580 5167 lore,
603 5107 738 5170 suosque
759 5091 911 5170 plenarios
926 5099 957 5152 et
973 5091 1052 5153 inte-

303 5201 375 5262 gros
396 5185 523 5246 effectus
544 5183 649 5245 sortiri
674 5192 705 5245 et
730 5183 883 5256 obtinere,
916 5197 949 5244 nc
979 5183 1051 5256 illis,

303 5277 338 5338 ad
353 5293 431 5356 quos
445 5283 561 5356 spectat
576 5284 607 5338 et
622 5293 678 5355 pro
693 5283 831 5354 tempore
843 5276 1052 5352 quandocum-

303 5387 364 5450 que
395 5371 560 5448 spectabit,
584 5371 617 5432 iu
646 5370 790 5431 omnibus
811 5376 841 5430 et
871 5368 1050 5446 peremnia

302 5464 482 5541 plenissime
502 5463 675 5540 suflragari,
698 5463 802 5540 sicque
822 5461 855 5523 in
876 5461 1051 5539 praemissis

304 5573 359 5634 per
378 5571 591 5634 quoscumque
613 5557 727 5618 iudices
747 5555 918 5616 ordinarios
939 5561 970 5616 et
999 5553 1049 5615 del

343 5821 373 5876 (l)
388 5823 425 5864 Ex
436 5823 497 5877 Rog.
509 5821 537 5865 in
547 5821 622 5866 Arch.
634 5825 705 5867 Brev.
722 5825 756 5866 De
767 5822 939 5868 turtlversitate
950 5827 973 5867 S.
985 5824 1048 5868 Tho-

303 5898 360 5933 mae
375 5888 433 5931 vide
447 5887 551 5933 coristit.
567 5889 605 5932 ed.
622 5889 1048 5946 unccxxx1.,dieraugustt,pon-

303 5953 339 5998 tif.
360 5967 398 6010 v.;
416 5955 448 6000 de
469 5955 603 6001 nonnullis
624 5967 686 6001 vero
707 5955 803 6002 studiis
824 5958 1045 6010 Praedicatorum,

1803 583 1842 645 69
1893 583 1946 674 Au.
1960 584 1990 635 d.
2013 585 2081 636 1685

1117 715 1243 792 legatos
1266 718 1360 778 etiam
1388 735 1547 780 causarum
1574 718 1676 798 palatii
1704 716 1861 795 apostolici

1115 809 1286 885 auditores,
1320 811 1447 873 iudicari
1471 819 1503 872 et
1526 811 1649 872 definiri
1676 811 1798 882 debere,
1828 825 1862 869 ac

1115 901 1241 966 irritum
1265 911 1296 966 et
1319 905 1421 979 inane,
1434 906 1459 966 si
1474 922 1562 968 secus
1579 921 1672 982 super
1692 904 1740 964 his
1755 921 1770 964 a
1785 919 1861 980 uuo·

1114 1012 1220 1072 quam,
1233 999 1341 1076 quavis
1352 1000 1544 1074 auctoritate,
1560 999 1695 1060 scienter
1710 997 1757 1058 vel
1775 997 1861 1072 igno-

1115 1097 1232 1163 ranter,
1253 1092 1419 1168 contigerit
1439 1094 1596 1154 attentari.

1154 1181 1222 1256 §h
1248 1181 1316 1245 Non
1338 1183 1529 1246 obstantibus
1544 1183 1816 1246 constitutionibus
1831 1190 1862 1244 et
1926 1193 2091 1257 obstantium

1114 1274 1358 1339 ordinationibus
1386 1277 1569 1355 apostolicis,
1597 1253 1996 1356 cete1·isquecon-‘⁰'”⁰⁸'⁰'

1115 1368 1216 1428 trariis
1237 1369 1495 1450 quibuscumque.

1154 1461 1265 1523 Datum
1292 1463 1419 1538 Romae,
1449 1467 1527 1542 apud
1551 1466 1581 1528 S.
1614 1465 1739 1528 Mariam
1771 1465 1860 1526 hlaib-

1114 1569 1191 1628 rem,
1203 1556 1261 1616 sub
1272 1557 1388 1618 annulo
1401 1557 1573 1632 Piscatoris,
1593 1558 1643 1621 die
1655 1573 1741 1619 xxvi.
1759 1558 1862 1620 martii

1114 1663 1310 1724 unctxxxv„
1334 1650 1444 1728 pontif.
1463 1652 1560 1712 nostri
1587 1667 1670 1713 anno
1692 1668 1737 1714 ιιι.

1432 1933 1543 1995 XXIV.

1115 2116 1338 2180 Coraruatrticut
1366 2119 1538 2198 ,privilagio
1568 2120 1795 2181 tartiocrst'tutls
1826 2119 1857 2181 S.

1158 2209 1290 2273 Thorace
1322 2211 1469 2273 ciuitatis
1497 2211 1636 2276 Mouiluo
1664 2213 1860 2274 universita-

1153 2302 1238 2366 tibus·
1262 2304 1292 2364 S.
1317 2301 1406 2366 radet
1429 2309 1458 2365 cl
1475 2304 1511 2364 B.
1530 2303 1732 2367 Ferrlt'rtortdl
1748 2305 1873 2378 ct'ot'ttt·¹

1153 2396 1196 2458 tis
1227 2397 1391 2470 Quitcrtsis
1426 2396 1558 2459 Ordinis
1592 2395 1859 2459 Praedicrttorum

1152 2487 1187 2547 io
1210 2487 1312 2550 lautis
1337 2485 1593 2552 Occidentalibus
1615 2489 1671 2568 (l).

1284 2654 1538 2724 fttttoctttftbs
1561 2657 1621 2723 PP.
1641 2656 1686 2722 lll.
1716 2599 1729 2626 ⁰

1250 2779 1287 2845 ad
1308 2779 1439 2846 futuram
1465 2779 1509 2844 rei
1539 2779 1717 2846 memoriam.

1150 2956 1169 3030 ἓ
1193 2956 1219 3016 l.
1245 2956 1366 3035 Exponi
1388 2957 1476 3018 nobis
1499 2972 1599 3036 nuper
1624 2956 1698 3019 fecit
1729 2957 1858 3019 dilectus
1877 2963 2090 3064 verssfflffsuil'

1111 3049 1194 3112 filius
1223 3050 1346 3112 lacobus
1366 3051 1485 3124 Rivius,
1503 3059 1683 3128 procurator
1705 3051 1857 3127 generalis
1877 3069 1924 3116 cet.
2036 3053 2041 3064 '
2081 3043 2090 3051 “

1110 3143 1231 3206 Ordinis
1262 3143 1395 3205 fratrum
1425 3143 1692 3218 Praedicatorum,
1721 3143 1754 3206 iu
1775 3144 1857 3205 sacrat

1111 3235 1265 3313 theologia
1280 3237 1438 3312 magister,
1457 3238 1539 3314 quod
1554 3236 1640 3316 (licet
1654 3237 1858 3299 inconvento

1110 3328 1163 3392 SS.
1188 3329 1304 3390 Rosarii
1324 3335 1356 3390 et
1377 3329 1508 3406 collegio
1524 3329 1554 3393 S.
1570 3331 1706 3392 Thomae
1726 3330 1858 3391 civitatis

1110 3423 1237 3485 Sanctae
1258 3423 1342 3484 Fidei
1364 3423 1395 3484 in
1412 3439 1494 3485 novo
1508 3439 1606 3499 regno
1627 3423 1809 3485 Grauatensi
1825 3425 1857 3485 in

1110 3516 1203 3576 ludiis
1234 3515 1475 3578 Occidentalibus
1502 3515 1576 3577 tlioti
1608 3516 1730 3579 Ordinis
1759 3518 1800 3578 sit
1827 3524 1857 3598 et

1109 3623 1230 3686 semper
1258 3608 1353 3670 fuerit
1381 3608 1567 3670 universitas
1595 3608 1689 3672 studii
1711 3609 1747 3670 ab
1768 3609 1857 3670 initio

1108 3699 1298 3762 fundationis
1319 3701 1390 3763 dicti
1411 3706 1584 3762 conventus
1600 3717 1655 3778 per
1675 3701 1793 3762 litteras
1815 3700 1857 3761 fe·

1109 3792 1174 3854 licis
1196 3793 1418 3855 recordationis
1438 3792 1579 3869 Gregorii
1600 3793 1655 3854 PP.
1674 3793 1752 3856 Xlll.
1772 3811 1857 3872 prae·

1108 3885 1274 3946 decessoris
1297 3886 1394 3947 nostri
1415 3893 1528 3960 erecta,
1545 3893 1576 3947 et
1597 3887 1728 3948 subinde
1742 3905 1758 3947 a
1772 3903 1856 3948 recc-

1109 3977 1217 4040 lendae
1232 3978 1402 4039 memoriae
1416 3977 1508 4040 Paulo
1522 3979 1577 4039 PP.
1593 3978 1629 4040 V.
1647 3979 1856 4057 praedecesso·
1909 3995 1911 4000 ·

1109 4088 1144 4134 re
1158 4071 1273 4150 pariter
1288 4078 1395 4132 nostro
1409 4087 1465 4149 per
1478 4088 1547 4132 suas
1560 4071 1676 4134 litteras
1690 4073 1725 4134 ad
1739 4072 1855 4134 dictum

1108 4164 1275 4240 collegium
1290 4163 1445 4239 translata,
1459 4166 1585 4243 ipsaque
1596 4166 1780 4227 universitas
1792 4165 1857 4228 fue-

1109 4257 1150 4318 rit
1164 4257 1197 4318 in
1212 4257 1402 4334 possessione
1424 4256 1604 4320 conferendi
1627 4260 1739 4334 gradus
1753 4261 1872 4322 acade'

1108 4349 1204 4412 mieos
1231 4347 1376 4410 omnibus
1402 4349 1624 4426 professoribus
1646 4359 1677 4412 et
1700 4353 1857 4430 discipulis

1108 4441 1228 4504 scholae
1249 4441 1280 4506 S.
1299 4443 1435 4504 Themae
1456 4442 1618 4520 aquinatis
1640 4445 1753 4511 ibidem
1776 4446 1856 4507 litte-

1109 4551 1215 4597 rarum
1230 4535 1337 4599 studiis
1353 4551 1476 4612 operam
1488 4535 1685 4612 navantibus,
1703 4545 1737 4598 ut
1752 4545 1856 4599 autem

1108 4630 1188 4692 dicta
1203 4629 1388 4690 universitas
1399 4629 1431 4690 ln
1445 4628 1553 4690 maiori
1568 4630 1750 4692 auctoritate
1764 4639 1854 4704 esset,

1108 4729 1140 4783 et
1162 4720 1299 4782 eiusdem
1315 4721 1345 4783 S.
1363 4721 1499 4782 Thumae
1520 4722 1657 4784 doctrina
1680 4723 1777 4799 magis
1792 4739 1856 4784 am-

1110 4813 1270 4892 pliaretur,
1293 4811 1392 4874 bonae
1418 4814 1587 4874 memoriae
1615 4815 1856 4892 Christophorus

1108 4907 1228 4980 Porres,
1241 4907 1316 4970 dum
1328 4907 1417 4981 vixit,
1431 4907 1685 4986 Archiepiscopus
1697 4907 1770 4970 dicti
1782 4908 1855 4969 novi

1109 4999 1197 5075 regui
1219 4999 1428 5072 Grauatensis,
1458 4999 1510 5076 qui
1533 4999 1567 5062 in
1588 5000 1855 5064 minoribuscon-

1106 5093 1234 5170 stitutus
1255 5091 1476 5169 professionem
1499 5091 1672 5168 regularem
1695 5094 1727 5153 in
1741 5093 1854 5157 Ordine

1108 5184 1261 5263 praedicto
1290 5185 1452 5258 omiserat,
1486 5185 1687 5260 magnificum
1715 5186 1747 5246 in
1776 5187 1855 5249 dictu

1107 5277 1232 5339 civitate
1253 5277 1421 5353 collegium
1436 5278 1545 5352 maius,
1562 5279 1595 5339 in
1610 5294 1671 5356 quo
1685 5279 1856 5342 saeculares

1107 5369 1224 5430 nobiles
1250 5379 1280 5430 et
1302 5369 1399 5431 bonae
1426 5371 1610 5434 conditionis
1638 5369 1853 5446 edocerentur,

1106 5462 1160 5524 sud
1181 5463 1320 5541 impensa
1342 5463 1530 5536 fundaverit,
1546 5465 1578 5526 in
1600 5481 1698 5544 eoque
1719 5467 1855 5527 erexerit

1106 5554 1261 5616 cathedras
1292 5556 1519 5635 philosophiae,
1547 5573 1646 5638 sacrae
1669 5557 1852 5636 theologiae,

1103 5825 1162 5868 vido
1177 5825 1321 5870 lunocontii
1337 5827 1387 5870 xil.
1403 5828 1484 5870 coust.
1501 5826 1538 5870 ed.
1557 5813 1683 5870 uncxcrrr.
1700 5824 1854 5870 dietbocto·

1103 5890 1166 5946 bris,
1181 5893 1271 5956 pontif.
1289 5903 1315 5936 ιι,
