4866 6980
339 545 437 600 333.
459 549 527 600 acea
577 554 616 616 53

559 690 651 752 31133
673 691 705 752 13
720 707 789 754 3333
805 691 914 752 mortis
930 690 1090 767 guardiam
1110 697 1301 776 conventum

559 784 742 858 gubernabit
764 783 918 862 usquead
940 783 1015 844 novi
1042 782 1203 859 guardiaui
1225 781 1302 842 eiec-

559 878 691 938 tionem:
718 877 874 939 tenebitur
901 887 1023 952 tamen,
1045 876 1104 940 sub
1124 875 1220 954 poenal
1242 875 1302 953 pri-

559 970 691 1032 vationis
714 971 776 1048 ipso
798 971 875 1033 facto
896 973 944 1032 331
965 971 1068 1044 3111311,
1091 970 1140 1032 313
1154 969 1265 1032 octavi
1287 986 1302 1027 3

559 1071 660 1124 morte
681 1065 857 1140 guardiam,
890 1065 1064 1126 convocatis
1089 1063 1226 1141 patribus
1253 1062 1302 1122 ab·

558 1157 698 1220 sentibus
719 1158 771 1234 qui
793 1157 875 1218 intra
896 1156 971 1218 iilud
988 1164 1110 1234 tempus
1132 1153 1236 1216 baberi
1251 1170 1304 1231 po-

559 1255 679 1324 terunt,
701 1251 958 1311 communitatem
973 1265 1029 1327 pro
1044 1247 1301 1326 praesentatione,

558 1351 716 1420 utsupra,
740 1343 949 1404 commissario
972 1341 1109 1418 generali
1132 1355 1230 1402 novae
1252 1339 1304 1400 lli-

1080 571 1145 618 luft-
1169 573 1259 618 Portu.
1283 572 1324 618 DE
1345 573 1374 616 P·
1398 573 1428 617 F·
1453 573 1535 618 PARS
1557 573 1579 617 l.

1360 695 1427 750 tum
1448 697 1601 767 quantum
1623 693 1659 754 33
1681 703 1838 774 praecepta
1858 697 2053 774 particularia
2067 696 2105 760 33

1359 783 1505 861 qualitate
1526 795 1556 848 et
1578 787 1615 849 de
1637 803 1769 850 numero
1790 789 1936 865 vestium,
1954 791 2107 853 excalcea-

1358 877 1454 952 tione,
1479 878 1603 941 ieiuniis
1624 887 1695 955 etc,
1709 889 1739 942 31
1760 883 1923 961 praecipue
1943 885 1981 946 33
2001 885 2104 962 provi-

1359 972 1458 1034 dendo
1474 974 1704 1036 necessitatibus
1719 976 1862 1051 fratrum,
1878 985 1943 1038 tam
1964 979 1996 1039 in
2014 979 2105 1054 aegra

1359 1081 1450 1142 quarn
1473 1065 1505 1128 in
1526 1068 1598 1130 sanai
1619 1067 1820 1144 valetudine,
1849 1070 1933 1132 13313
1961 1078 2104 1132 nostrum

1358 1165 1487 1236 statum3
1512 1161 1552 1221 ita
1574 1168 1609 1222 ut
1631 1179 1740 1226 omncs
1755 1163 1787 1224 13
1803 1165 1961 1224 3333331
1984 1164 2102 1238 vivant,

1359 1257 1389 1312 et
1411 1253 1499 1314 nullo
1520 1271 1589 1316 3333
1611 1255 1700 1318 alicui
1723 1255 1808 1316 fratri
1830 1256 2029 1333 permittatur
2049 1257 2105 1318 133-

1360 1346 1442 1421 bere,
1466 1363 1523 1408 neo
1543 1350 1621 1424 3333
1643 1349 1805 1426 syndicum
1821 1349 2034 1426 apostolicum,
2047 1365 2105 1412 nec

558 1434 681 1512 spaniae
712 1435 857 1510 facienda,
885 1450 1092 1511 congregare,
1115 1434 1147 1494 in
1169 1431 1303 1492 absentia
1351 1441 1435 1515 ,333
1458 1441 1590 1502 331333
1607 1443 1812 1519 spiritualem,
1828 1443 2051 1520 cuiuscumque
2064 1443 2105 1504 311

559 1527 719 1602 guardiam
740 1535 770 1589 et
792 1526 897 1590 vicarii
923 1527 1079 1606 antiquior
1100 1525 1248 1586 discretus
1271 1523 1303 1583 in

557 1621 834 1683 communitatibus
856 1629 886 1682 et
908 1621 1080 1684 seminario
1094 1618 1274 1696 praesideat.

599 1729 641 1774 vr.
663 1714 747 1788 Quod
774 1715 960 1790 guardianus
991 1730 1062 1776 cum
1090 1711 1235 1783 consilio,
1258 1726 1302 1769 33-

558 1822 650 1868 sensu
676 1815 707 1869 31
728 1809 947 1886 approbatione
974 1807 1178 1869 discretorum
1208 1801 1302 1881 possit

558 1899 693 1976 recipere
714 1901 886 1964 3313311131
908 1901 939 1960 in
962 1899 1153 1978 praedictum
1166 1895 1305 1960 Semina-

557 1993 650 2064 rium,
674 1995 758 2056 iuxta
779 2010 948 2057 numerum
974 1993 1209 2071 praescriptum,
1232 1987 1302 2049 reli-

558 2088 656 2163 giosos
677 2105 714 2148 ex
736 2105 931 2166 quacumque
953 2087 1110 2149 indiarum
1129 2084 1305 2148 Occidenta-

557 2181 636 2242 lium
657 2182 832 2259 provincial,
856 2183 907 2259 qui
931 2197 964 2243 se
984 2187 1091 2242 saneto
1118 2177 1302 2238 missionum

557 2275 703 2336 exercitio
726 2277 845 2337 tradere
866 2275 1001 2353 cupiant,
1024 2272 1099 2334 dum
1120 2279 1225 2332 tamen
1240 2267 1303 2329 sint

557 2368 653 2429 bonae
674 2369 773 2431 13333
793 2377 824 2430 31
845 2370 986 2444 integrae
1014 2367 1107 2440 vitae,
1130 2361 1303 2426 33333331-

557 2462 751 2540 facientisque
772 2463 928 2524 doctrinae
949 2469 979 2523 et
1000 2461 1070 2522 talis
1095 2460 1230 2538 corporis
1252 2474 1302 2519 va-

556 2552 715 2629 letudinis,
728 2561 762 2615 ut
775 2555 1036 2632 peregrinationes
1051 2560 1081 2615 et
1097 2553 1215 2615 labores
1230 2552 1301 2613 mis-

555 2648 680 2710 sionum
701 2649 821 2718 valeant
846 2649 1018 2722 sustinere,
1041 2663 1176 2726 quorum
1198 2661 1304 2724 recep-

556 2740 672 2802 tionem
684 2741 789 2804 nullus
804 2741 934 2803 inferior
948 2741 1081 2818 praefato
1093 2739 1302 2801 commissario

556 2834 693 2910 generali
724 2835 818 2912 possit
849 2834 1009 2912 impedire.
1039 2833 1098 2912 lpsi
1124 2839 1229 2895 autern
1260 2832 1302 2892 sic

556 2927 682 3004 recepti,
705 2942 768 2987 non
789 2934 950 3004 poterunt,
973 2927 1032 2988 nisi
1054 2932 1121 3005 post
1142 2926 1302 3004 expletum

557 3019 589 3081 in
612 3019 785 3083 seminario
796 3035 925 3094 annum,
941 3021 977 3081 33
992 3019 1153 3080 missiones
1168 3018 1300 3093 admitti,

557 3129 613 3174 nee
634 3113 816 3190 suffragium
831 3115 863 3175 in
878 3115 1153 3177 communitatibus
1168 3113 1299 3188 habere3

556 3206 650 3283 possit
671 3206 763 3267 etiam
785 3207 970 3282 guardianus
990 3207 1028 3269 de
1049 3206 1176 3268 consilio
1191 3205 1303 3268 discre-

557 3305 662 3360 torum
676 3299 813 3378 recipere
827 3300 937 3362 fratres
952 3301 1041 3364 laicos
1056 3317 1093 3363 eu
1108 3315 1303 3379 quacumque

556 3393 729 3470 provincial,
753 3395 807 3472 qui
828 3396 892 3456 sint
913 3395 1033 3470 devoti,
1056 3395 1198 3474 probatae
1220 3398 1301 3457 vitae

556 3495 587 3551 et
609 3489 737 3552 omnino
764 3491 824 3566 apti
853 3506 908 3568 pro
936 3489 1044 3551 ciliciis
1065 3492 1098 3552 in
1130 3492 1301 3554 Seminario

556 3583 736 3643 exercendis
752 3600 766 3643 a
782 3582 877 3657 laicis,
889 3600 1024 3660 quorum
1038 3584 1154 3661 pariter
1168 3586 1301 3663 receptio

555 3691 571 3734 3
594 3674 680 3736 33113
701 3673 840 3736 inferiori
862 3676 997 3753 praefato
1018 3676 1229 3739 commissario
1250 3695 1301 3738 va·

556 3766 615 3828 leat
637 3767 791 3846 impediri,
807 3770 886 3830 sicut
908 3785 965 3830 uec
979 3772 1059 3846 quod
1076 3770 1108 3831 in
1124 3771 1300 3848 Hispaniam

555 3862 657 3924 mittat
678 3879 735 3940 pro
755 3863 906 3925 fratribus
922 3863 961 3926 de
981 3880 1063 3925 novo
1084 3867 1298 3942 aggregandis.

595 3973 650 4018 vit.
673 3957 757 4031 Quod
779 3957 965 4033 guardianus
993 3957 1102 4019 lrabeat
1123 3958 1300 4021 facultatem

555 4049 721 4128 recipiendi
744 4050 895 4126 novitios,
924 4051 1000 4112 dum
1021 4059 1124 4112 tamen
1151 4051 1301 4130 recipien-

555 4145 622 4217 dus,
646 4149 768 4220 praeter
789 4143 949 4220 qualitates
971 4143 1002 4205 in
1028 4144 1300 4207 constitutionibus

554 4236 724 4314 apostolicis
737 4243 770 4296 et
781 4235 902 4299 Ordinis
914 4236 1085 4315 requisitas,
1099 4237 1217 4300 dederit
1232 4253 1300 4316 pro·

556 4329 621 4390 bata
643 4329 729 4405 signa
757 4329 894 4408 specialis
916 4329 1102 4405 vocationis,
1129 4331 1300 4408 habeatque

479 4463 485 4469 -
553 4438 644 4501 supra
667 4421 854 4498 vigesimum
876 4429 1024 4499 quartum
1041 4423 1147 4485 aetatis
1168 4439 1298 4497 annum,

555 4521 585 4576 31
606 4514 698 4576 13133
715 4514 907 4588 literaturam
922 4521 968 4588 ut,
983 4515 1198 4577 accedentibus
1213 4531 1299 4577 euer-

554 4607 633 4668 citiis
655 4607 830 4680 seminarii,
854 4608 886 4667 in
913 4607 1096 4669 missionum
1126 4609 1300 4670 ministerio

554 4699 702 4778 proficere
723 4699 832 4760 valeat.
862 4699 946 4774 Quod
974 4707 1115 4761 constare
1135 4701 1225 4763 debet
1246 4718 1300 4780 per

554 4793 689 4870 rigidum
708 4793 910 4854 discretorum
933 4809 1062 4854 examen
1079 4799 1109 4854 et
1125 4809 1235 4855 eorum
1250 4811 1300 4874 ap-

554 4886 766 4964 probationem
783 4901 838 4962 333
851 4885 995 4962 suffragia
1016 4893 1142 4960 secreta,
1159 4889 1300 4966 sineque

555 4979 742 5056 guardiauus
764 4977 889 5040 nullum
914 4979 1009 5056 possit
1030 4981 1065 5041 ad
1091 4980 1229 5042 habitum
1254 4999 1301 5042 re-

554 5071 665 5149 cipere.
689 5069 804 5132 Neritii
826 5079 932 5132 autem
954 5071 1035 5132 intra
1060 5087 1230 5135 numerum
1251 5091 1302 5136 su·

554 5178 607 5240 pra
629 5163 801 5241 praefixum
818 5161 951 5224 fratrum
966 5164 1235 5226 missionariorum
1250 5167 1301 5228 de-

554 5255 628 5317 bent
650 5255 814 5330 contineri,
835 5255 874 5316 ita
896 5262 942 5330 ut,
966 5271 1003 5316 eo
1023 5256 1187 5334 completo,
1211 5273 1302 5334 guar-

554 5347 664 5409 313333
675 5347 799 5409 331133
814 5361 872 5408 333
886 5347 1056 5424 professum
1071 5363 1129 5409 nec
1144 5351 1300 5412 novitium

555 5441 648 5518 possit
662 5440 693 5502 in
707 5440 916 5503 Seminarium
935 5441 1109 5516 admittere,
1126 5457 1298 5521 quousque,

554 5534 657 5612 aliquo
688 5533 869 5608 deficiente,
903 5534 985 5596 focus
1017 5535 1098 5597 intra
1131 5551 1300 5598 numerum

554 5635 651 5689 vacet.

593 5737 662 5780 vnr.
686 5721 771 5796 Quod
786 5722 818 5782 iu
834 5721 915 5783 dicto
930 5721 1102 5784 seminario
1116 5723 1301 5786 observetur

554 5811 717 5891 purissima
745 5813 853 5890 regula
881 5813 1013 5878 fratrum
1039 5816 1208 5890 Minorem,
1233 5825 1300 5880 tum

554 5912 706 5983 quantum
738 5907 774 5969 33
810 5915 1024 5986 paupertatem
1058 5910 1091 5970 in
1123 5911 1298 5986 communi,

1359 1531 1506 1608 (launoii,
1538 1533 1778 1612 elleemusynam
1807 1535 2016 1613 pecuniariam
2049 1552 2104 1614 pro

1358 1624 1421 1686 suis
1443 1627 1675 1703 particularibus
1694 1629 1937 1692 necessitatibus.

1399 1733 1442 1778 rx.
1467 1719 1551 1794 Quod
1565 1719 1842 1798 indispensabiliter
1852 1723 1983 1799 singulis
1998 1723 2105 1786 diebus

1359 1825 1414 1887 per
1441 1810 1515 1872 3333
1547 1811 1682 1888 integras
1709 1814 1800 1875 boras
1831 1823 1941 1878 vacent
1971 1815 2104 1876 orationi

1359 1904 1498 1978 mentali,
1513 1903 1640 1968 alteram
1658 1913 1724 1984 3331
1739 1908 1882 1984 primam,
1895 1909 2023 1969 aiteram
2039 1915 2105 1985 post

1359 1997 1606 2075 completorium.
1631 1999 1770 2063 Officium
1785 2008 1889 2063 autern
1906 2001 2046 2064 divinum
2061 2001 2107 2062 di-

1358 2099 1429 2152 3331
1449 2093 1571 2154 statutis
1593 2093 1676 2154 boris
1691 2094 1724 2154 in
1739 2093 1832 2156 cboro
1852 2093 1935 2172 (sine
1955 2103 2047 2158 cantu
2062 2102 2106 2156 ta-

1359 2199 1432 2246 men
1465 2193 1590 2262 propter
1614 2185 1754 2248 studium
1781 2184 2004 2264 ordinandum)
2031 2203 2104 2250 cum

1359 2279 1451 2354 33333
1478 2279 1671 2340 conducente
1691 2281 1727 2341 33
1749 2279 1948 2342 devotionem
1973 2280 2040 2341 sine
2061 2279 2103 2340 af-

1358 2370 1522 2432 fectatione
1550 2370 1743 2444 divertente,
1773 2371 1822 2433 cui
1847 2379 1879 2434 et
1905 2373 2105 2434 conventuali

1359 2463 1480 2538 missae,
1496 2463 1669 2541 ceterisque
1688 2463 1963 2526 communitatibus
1982 2480 2102 2540 33333,

1359 2556 1446 2617 33113
1462 2563 1601 2634 excepto,
1613 2557 1755 2620 assistere
1770 2565 1800 2618 et
1815 2558 1966 2620 interesse
1978 2569 2104 2620 133333-

1357 2656 1421 2724 tur,
1444 2666 1478 2710 33
1499 2664 1646 2724 33333,3
1669 2649 1836 2726 guardiano
1858 2649 2021 2726 inclusive,
2036 2668 2104 2712 suc·

1358 2743 1475 2803 cessive
1495 2742 1558 2804 sint
1579 2743 1816 2806 hebdomadarii.

1398 2851 1429 2894 x.
1451 2835 1536 2910 Quod
1552 2835 1684 2911 singulis
1699 2835 1806 2898 diebus
1817 2835 1949 2898 babeant
1960 2850 2016 2914 per
2027 2836 2100 2898 duas

1357 2929 1446 2990 boras
1467 2929 1613 2992 lectiones
1635 2936 1666 2989 et
1687 2928 1908 2990 conferentias:
1933 2945 1988 3007 per
2009 2945 2103 2990 onam

1355 3031 1423 3102 post
1443 3021 1683 3084 conventualem
1705 3021 1829 3084 missam
1843 3021 1881 3083 de
1895 3022 2042 3084 idiomate
2056 3022 2105 3084 ln-

1356 3115 1479 3190 dorum,
1502 3113 1536 3174 33
1560 3131 1636 3193 quos
1651 3114 1765 3176 debent
1781 3114 1848 3176 fueri
1863 3114 2036 3190 missiones,
2049 3131 2104 3194 per

1356 3208 1484 3270 alteram
1496 3216 1564 3287 3331
1575 3224 1716 3285 vesperas
1728 3207 1765 3269 de
1779 3210 1872 3271 modo
1886 3208 2102 3284 convertendi,

1356 3301 1563 3364 catechizandi
1575 3309 1606 3362 et
1621 3301 1795 3363 instruendi
1811 3317 1987 3363 conversos.
2004 3303 2029 3363 Α
2044 3301 2104 3364 lec·

1356 3395 1492 3456 tionibus
1506 3401 1611 3455 autem
1633 3393 1705 3474 ipsis
1721 3393 1828 3456 nullus
1842 3394 1936 3471 possit
1951 3395 2101 3468 excusari,

1356 3501 1413 3548 333
1434 3503 1450 3546 3
1472 3486 1624 3548 reddenda
1652 3487 1771 3550 ratione
1792 3487 1830 3548 33
1851 3487 1978 3548 materie
1999 3487 2104 3552 lectio-

1355 3579 1415 3652 nis,
1433 3580 1458 3640 si
1480 3579 1702 3655 interrogetur.

1396 3687 1440 3732 33.
1462 3672 1547 3746 Quod
1559 3671 1743 3734 missionarii
1760 3679 1910 3750 tempore,
1925 3689 1987 3751 quo
2001 3675 2033 3736 in
2050 3674 2103 3736 Se·

1355 3766 1487 3828 minaria
1508 3773 1752 3840 commorantur,
1765 3767 1989 3844 poenitentiam
2004 3768 2102 3844 publi-

1355 3874 1421 3920 cam
1437 3859 1471 3919 13
1486 3857 1648 3920 refectorio
1669 3857 1792 3934 faciant,
1807 3858 1833 3918 si
1848 3859 1969 3920 inventi
1985 3859 2103 3922 fuerint

1354 3967 1410 4030 per
1430 3959 1622 4014 conventum
1650 3959 1797 4027 vagantes
1817 3956 1870 4012 aut
1891 3952 1989 4013 otiose
2009 3952 2103 4014 collo-

1354 4050 1581 4121 3333133333
1603 4044 1710 4105 debeat
1732 4043 1789 4106 froc
1803 4059 1941 4105 recessus
1964 4051 2102 4122 tempore

1357 4137 1569 4214 unusquisque
1584 4136 1616 4197 in
1636 4136 1712 4198 331131
1732 4137 1787 4199 333
1807 4135 1916 4199 3133113
1936 4153 1993 4199 333
2014 4153 2101 4200 euer-

1354 4230 1426 4292 citio
1447 4229 1705 4292 convenientibus
1726 4245 1844 4303 vacare,
1867 4231 1943 4292 dum
1964 4245 2104 4292 commu-

1354 4323 1503 4384 nitatibus
1517 4339 1582 4386 333
1597 4322 1757 4385 adstiterit.
1776 4322 2003 4402 Proptereaque
2022 4323 2102 4386 nulli

1354 4416 1532 4492 egrediendi
1547 4432 1565 4476 3
1579 4424 1737 4478 conventu
1759 4415 1886 4477 lieentia
1903 4417 2100 4492 concedatur,

1354 4510 1414 4572 nisi
1435 4511 1470 4572 ad
1492 4509 1614 4586 aliquod
1638 4523 1753 4585 urgens
1774 4508 1894 4587 pietatis
1916 4525 1991 4588 opus
2012 4526 2102 4587 supe·

1353 4602 1429 4664 riori
1444 4609 1567 4677 notum,
1584 4617 1746 4680 quousque
1759 4603 1796 4663 ad
1811 4601 1974 4664 missiones
1988 4603 2102 4666 iterum

1354 4695 1546 4757 amandetur.

1396 4804 1452 4850 xri.
1476 4791 1560 4864 Quod
1574 4789 1652 4852 nulli
1674 4788 1822 4851 saeculari
1844 4790 2044 4868 permittatur
2058 4791 2103 4854 in·

1356 4898 1478 4960 gressus
1493 4884 1527 4944 ad
1544 4884 1690 4944 interiora
1705 4898 1827 4945 conven
1834 4891 1892 4958 tus,
1908 4883 2006 4944 sedin
2021 4884 2102 4946 clau-

1354 4985 1418 5038 stro
1441 4975 1578 5038 inferiori
1594 4977 1773 5054 disponatur
1794 4977 1894 5054 aliqua
1913 4993 2033 5040 camera
2048 4981 2101 5040 fro·

1355 5076 1442 5130 nesta
1469 5077 1500 5130 et
1528 5069 1637 5131 devota
1666 5085 1738 5131 cum
1767 5069 1939 5133 humilibus
1966 5071 2100 5146 sedibus,

1355 5162 1407 5224 ubi
1428 5162 1488 5223 viri
1508 5161 1690 5236 saeculares,
1710 5170 1893 5241 quaerentes
1913 5163 2047 5242 aliquem
2063 5181 2103 5226 33

1355 5255 1491 5334 patribus
1507 5271 1560 5333 pro
1575 5255 1629 5317 333
1642 5254 1796 5334 spirituali
1818 5255 2037 5332 consolatione,
2050 5273 2101 5319 eu·

1355 5349 1511 5428 cipiantur
1532 5358 1562 5412 et
1583 5349 1793 5412 consolentur.

1396 5459 1466 5504 333.
1490 5443 1575 5518 Quod
1615 5459 1723 5506 omnes
1754 5444 1899 5520 praedicti
1934 5445 2101 5508 seminarii

1355 5543 1467 5614 patres,
1489 5537 1557 5599 sine
1578 5536 1678 5616 alique
1700 5535 1782 5598 inter
1804 5539 1885 5616 ipsos
1900 5538 2027 5600 notabili
2044 5537 2100 5600 dif-

1355 5628 1484 5692 ferentia
1505 5630 1637 5692 induant
1668 5629 1809 5691 habitum
1831 5631 2019 5692 exteriorem
2044 5630 2102 5694 Ob

1354 5722 1564 5797 servantium,
1587 5722 1671 5783 13313
1693 5721 1759 5782 3133
1790 5720 2045 5784 reformationem
2067 5722 2100 5784 in

1354 5813 1464 5878 ultima
1492 5815 1732 5891 congregatione
1760 5814 1904 5876 Toletami
1931 5815 2042 5878 133133
2063 5815 2098 5877 33

1355 5911 1477 5972 literam
1499 5907 1731 5984 observandam,
1754 5916 1785 5971 31
1807 5909 1839 5970 13
1854 5908 2035 5986 disciplinis,
2058 5909 2099 5973 ie-

2136 560 2236 614 Δ3.(1.
2259 560 2333 612 1682
2348 558 2363 586 ¹
