4878 6982
368 546 422 599 An.
437 549 467 600 O.
489 548 557 600 1697

399 693 541 746 Clausulas.

372 2647 572 2702 berogatiocon-

359 2700 502 2746 traricrum.

414 3771 487 3816 Fides
500 3775 573 3818 tran-

362 3828 530 3881 sumptorum.

609 545 666 608 tet

627 685 646 759 ἓ
661 683 690 744 3.
707 683 915 745 Decernentes
929 689 1105 760 praesentes
1116 682 1244 757 litteras,
1257 696 1329 742 cum

588 779 732 840 omnibus
754 784 784 838 et
805 777 938 852 singulis
959 777 1038 838 inibi
1059 778 1228 850 contentis,
1250 791 1330 838 sem-

588 887 643 949 per
664 871 776 945 tirmas,
799 870 913 931 validas
937 877 967 932 31
988 869 1123 932 efficaces
1145 870 1277 932 existere
1299 877 1330 930 et

587 965 664 1039 iore,
685 980 818 1042 suosque
838 963 990 1043 plenarios
1005 972 1036 1025 et
1050 965 1190 1041 integros
1204 963 1330 1026 3333133

587 1059 690 1120 3331333
712 1065 742 1120 31
762 1059 903 1122 obtinere
924 1059 1046 1134 debere,
1063 1075 1095 1121 ac
1116 1058 1153 1120 ab
1173 1059 1328 1132 3333331333,

588 1155 622 1216 33
639 1170 714 1232 3333
729 1159 845 1232 3333131
856 1159 887 1214 31
898 1169 952 1231 333
968 1161 1107 1230 13333333
1121 1153 1331 1230 quandocum-

588 1264 649 1326 que
667 1255 698 1310 et
712 1248 1002 1325 quomodocumque
1016 1245 1173 1324 spectabit,
1188 1247 1219 1307 in
1231 1245 1331 1306 omni-

588 1342 644 1404 bus
666 1350 696 1402 et
717 1358 773 1420 per
794 1342 896 1402 omnia
918 1340 1097 1419 plenissime
1118 1348 1148 1401 et
1170 1339 1329 1401 inviolabi-

589 1435 659 1496 liter
685 1434 858 1510 observari;
885 1435 991 1512 sicque
1016 1441 1046 1496 31
1075 1449 1137 1495 333
1166 1434 1255 1496 313133
1275 1449 1330 1511 per

592 1543 803 1607 quoscumque
824 1527 938 1591 iudices
965 1528 1135 1590 ordinarios
1159 1536 1189 1589 et
1210 1527 1330 1604 delega-

589 1631 653 1696 tos,
686 1623 792 1700 quavis
813 1623 1010 1696 auctoritate,
1036 1621 1278 1700 praeeminentia
1300 1628 1331 1684 et

588 1723 738 1796 potestate
769 1714 935 1793 iungentes
962 1726 993 1777 et
1020 1714 1201 1789 iuncturos,
1238 1715 1331 1776 etiam

588 1825 750 1872 causarum
780 1809 882 1887 palatii
913 1809 1069 1888 apostolici
1100 1809 1265 1882 auditores,
1298 1824 1331 1868 ac

589 1903 727 1966 eiusdem
743 1902 772 1966 S.
789 1903 825 1964 lt.
843 1901 878 1964 E.
907 1903 1092 1978 cardinales,
1112 1904 1205 1964 etiam
1226 1904 1263 1965 de
1290 1901 1331 1962 la·

589 2005 655 2058 tere
669 1997 800 2074 Legatos
820 2005 852 2058 et
873 1996 959 2058 Sedis
980 1997 1171 2075 Apostolicae
1186 1995 1329 2069 Nuntios,

589 2091 707 2152 sublata
727 2091 770 2151 eis
785 2097 815 2151 et
836 2106 946 2152 eorum
968 2089 1092 2152 cuilibet
1114 2090 1222 2168 quavis
1242 2089 1332 2150 aliter

589 2183 744 2246 iudicandi
765 2191 796 2245 et
821 2183 1044 2261 interpretandi
1071 2182 1230 2256 facultate,
1252 2182 1332 2244 iudi-

589 2276 693 2338 cariet
714 2276 838 2339 deliniri
858 2275 981 2350 dehere,
997 2293 1030 2338 ac
1046 2277 1170 2338 irritum
1181 2284 1212 2338 et
1226 2277 1329 2348 inane,

589 2369 614 2432 si
629 2386 715 2432 secus
734 2386 828 2448 super
852 2370 898 2432 his
912 2389 927 2431 a
942 2386 1110 2450 quoquam,
1133 2371 1240 2448 quavis
1261 2385 1331 2431 333-

590 2465 724 2539 toritate,
740 2465 872 2526 scienter
887 2465 937 2526 vel
959 2465 1150 2542 ignoranter,
1167 2465 1332 2541 contigerit

590 2560 745 2621 attentari.

630 2654 699 2728 54.
722 2653 791 2718 Non
822 2656 1013 2718 obstantibus
1043 2655 1187 2718 omnibus
1213 2663 1245 2716 et
1270 2654 1332 2716 sin-

591 2749 683 2826 gulis,
707 2766 785 2828 quae
806 2750 936 2828 praelata
963 2751 1179 2827 Congregatic,
1203 2748 1335 2810 anctori-

591 2849 654 2904 tate
675 2859 730 2920 per
755 2845 894 2906 eiusdem
922 2844 1142 2906 recordationis
1173 2842 1333 2906 Urbanum

591 2936 646 2998 ΡΡ.
671 2935 748 2998 vili.
773 2944 804 2998 31
825 2939 995 3014 respective
1015 2953 1071 3015 per
1085 2952 1140 2998 uos
1155 2936 1199 2998 illi
1221 2935 1334 3014 specia-

590 3030 662 3090 liter
682 3030 838 3104 attributb,
861 3031 997 3092 decrevit
1018 3047 1081 3092 non
1102 3031 1233 3105 obstare,
1255 3043 1334 3107 3333

591 3124 705 3202 3333133
720 3125 880 3186 etiterum
901 3141 968 3198 nos,
987 3132 1094 3187 tenore
1110 3123 1332 3202 praesentium,

592 3233 656 3279 non
671 3218 790 3280 obstare
802 3219 997 3280 decernimus
1012 3227 1043 3279 et
1057 3217 1250 3294 mandamus3
1267 3216 1334 3294 333-

592 3311 648 3373 1133
669 3312 826 3389 3333331333,
849 3313 946 3391 33333
969 3329 1001 3374 33
1024 3328 1101 3390 3333
1122 3311 1334 3388 praesentibus

592 3404 805 3481 adversantur,
827 3406 888 3468 illis
909 3407 981 3467 31333
1002 3407 1034 3468 33
1056 3422 1111 3468 333
1136 3406 1246 3466 robore
1266 3421 1335 3483 per-

591 3500 760 3572 mansuris,
784 3499 878 3560 etiam
899 3501 1010 3562 harum
1037 3501 1116 3561 serie
1144 3498 1333 3579 plenissime,

590 3593 762 3669 specialiter
777 3599 807 3654 et
828 3609 970 3671 expresse
992 3595 1190 3670 derogamus:
1214 3592 1335 3654 ceteris-

591 3701 653 3763 que
673 3686 835 3748 contrariis
852 3687 1107 3766 quibuscumque.

631 3779 699 3856 55.
723 3779 877 3843 Volumus
904 3789 1065 3843 autemut
1089 3789 1265 3859 praesentes
1286 3781 1334 3844 lit-

593 3881 675 3936 terae
695 3875 727 3936 in
749 3875 847 3937 valvis
872 3875 1022 3937 Ecclesiae
1050 3876 1278 3948 Lateranensis,
1301 3891 1335 3937 33

591 3967 731 4030 1133313333
754 3969 908 4048 Ρ33333333
934 3969 1168 4047 Apostolorum,
1193 3985 1334 4030 necnon

592 4062 798 4126 Cancellariae
820 4063 1026 4140 spostolicae,
1056 4064 1222 4140 curiaeque
1243 4077 1334 4139 gene-

591 4157 662 4218 ralis
683 4157 715 4217 in
737 4157 840 4218 Monte
870 4157 997 4232 (litorio,
1020 4158 1106 4218 acin
1128 4158 1191 4218 acie
1214 4157 1335 4234 Campi-

591 4251 685 4312 tlorae
705 4250 743 4312 de
764 4250 857 4323 Urbe,
880 4257 914 4312 31
937 4250 1033 4311 moris
1054 4257 1114 4323 est,
1137 4247 1335 4326 publicentur

591 4350 622 4404 et
643 4342 818 4419 affigantur,
842 4345 947 4421 sicque
971 4343 1141 4421 publicatae
1162 4350 1193 4404 et
1214 4341 1333 4414 3113333,

591 4452 700 4498 omnes
721 4445 752 4498 et
773 4435 923 4513 singulos,
946 4451 1022 4514 quos
1044 4436 1114 4497 illae
1128 4442 1333 4508 concernunt,

591 4531 718 4607 perinde
738 4536 857 4592 3331331
872 4537 902 4591 31
917 4531 1061 4602 afficiant,
1078 4529 1150 4590 acsi
1165 4528 1335 4607 333333333

590 4639 701 4685 eorum
722 4624 925 4702 personaliter
943 4625 1103 4685 intimatae
1123 4623 1335 4700 1333333333-

591 4717 740 4795 uterque,
764 4726 798 4780 ut
819 4719 999 4780 earumdem
1020 4717 1230 4796 praesentium
1252 4725 1334 4778 tran-

590 4811 723 4888 sumptis
734 4811 900 4889 impressis,
911 4827 1005 4872 manu
1017 4811 1144 4872 alicuius
1156 4810 1266 4872 notarii
1279 4825 1333 4887 pu-

591 4904 662 4966 blici
684 4905 874 4982 subscriptis,
897 4912 928 4966 et
947 4903 1048 4980 sigillo
1069 4919 1216 4982 personae
1237 4905 1269 4964 in
1291 4903 1335 4964 di-

591 4997 712 5074 gnitate
742 4997 942 5059 ecclesiastica
973 4997 1158 5058 constitutae
1188 4997 1333 5070 munitis,

592 5091 698 5152 eadem
719 5107 844 5172 prorsus
860 5092 933 5153 13333
950 5090 1142 5164 adhibeatur,
1158 5106 1236 5168 quae
1250 5105 1336 5167 prae-

515 5257 520 5267 ,
592 5185 731 5246 sentibus
752 5185 826 5262 ipsis
847 5185 1055 5258 adhiberetur,
1072 5184 1097 5244 si
1122 5183 1225 5246 iurent
1251 5183 1338 5244 exhi-

398 5366 500 5413 Sanctio
516 5377 575 5423 poe-

363 5421 437 5467 natis

592 5279 673 5339 bitae
695 5279 745 5339 vel
767 5287 916 5340 ostensae.

633 5375 652 5448 ς
672 5374 701 5434 6.
725 5373 810 5435 Nulli
831 5389 905 5450 ergo
920 5374 1047 5434 omnino
1069 5373 1234 5436 hominum
1249 5373 1337 5434 liceat

592 5469 738 5547 paginam
766 5468 844 5530 hanc
876 5474 1053 5528 nostrarum
1081 5465 1335 5538 confirmationis,

593 5562 830 5640 approbationis,
851 5561 970 5634 statuti,
993 5562 1199 5632 decretorum,
1216 5560 1336 5620 ordina-

594 5654 699 5728 tionis,
721 5655 900 5728 vcluntatis,
922 5653 1098 5726 sanctionis,
1120 5651 1337 5713 mandatorum

595 5755 625 5809 et
646 5749 851 5824 derogationis
872 5747 1054 5824 intringere,
1077 5745 1126 5807 vel
1147 5745 1177 5806 ei
1197 5761 1272 5807 ausu
1293 5752 1338 5805 te·

635 5961 664 6018 tl)
679 5963 716 6006 Ex
730 5962 833 6018 Regeet.
850 5960 877 6005 33
891 5961 965 6006 arch.
981 5964 1053 6010 Brev.

1104 561 1167 610 ltili·
1192 563 1283 610 eohr-
1306 564 1347 608 DE
1368 565 1396 608 P.
1421 564 1450 609 F·
1475 565 1556 610 PARS
1577 565 1598 610 t.

1385 683 1516 746 merario
1547 685 1715 762 contraire3
1737 684 1762 746 si
1784 685 1852 764 quis
1879 693 1983 751 autem
2005 690 2066 752 hoc
2087 699 2132 754 at-

1385 783 1505 840 tentare
1526 781 1775 857 praesumpserit,
1799 780 2047 858 indignationem
2065 801 2134 848 om-

1385 870 1553 948 nipotentis
1574 871 1628 932 Dei
1651 887 1683 934 33
1704 871 1864 935 beatorum
1886 875 1968 937 Petri
1990 883 2023 939 et
2044 878 2133 942 Pauli

1385 965 1601 1043 Apostolorum
1616 965 1682 1026 eins
1703 981 1736 1028 se
1757 969 1880 1029 noverit
1905 969 2122 1035 incursurum.

1426 1059 1537 1120 Datum
1551 1058 1676 1132 Romae,
1689 1058 1769 1136 apud
1784 1059 1815 1122 S.
1830 1061 1955 1124 liariam
1966 1065 2129 1142 Maiorem,

1385 1168 1466 1214 anno
1493 1152 1712 1214 incarnationis
1742 1153 1917 1216 Dominicae
1945 1173 2131 1237 3333333333,

1386 1260 1417 1305 x.
1435 1244 1580 1306 kalendas
1595 1243 1738 1320 ianuarii,
1761 1245 1874 1322 pontii.
1899 1251 1996 1312 nostri
2017 1267 2132 1316 an.v1.

1704 1528 1814 1592 xxiv.

1389 1713 1563 1792 Confirmat
1579 1715 1739 1778 decretum
1753 1716 2017 1798 congregationis
2032 1721 2064 1784 S.
2079 1723 2133 1802 03-

1425 1807 1491 1884 ficii
1514 1807 1706 1871 3333333113
1732 1811 1888 1891 13333333,
1912 1814 2134 1879 3313111331)

1432 1899 1617 1962 Ordincriis
1647 1903 1811 1966 Americce
1832 1905 1868 1964 in
1895 1905 1971 1968 locis
1993 1926 2013 1969 a
2035 1909 2134 1972 3333131

1426 1991 1594 2070 episcopali
1621 1996 1711 2058 ultro
1741 1997 1823 2058 dces
1852 1999 1954 2061 dietus
1975 2001 2133 2066 distanti-

1428 2085 1485 2147 bus
1506 2101 1562 2162 pro
1577 2093 1671 2150 31313
1686 2087 1784 2151 libero
1799 2093 2062 2156 contrabentium
2078 2097 2135 2158 ali-

1425 2180 1535 2258 3333113
1557 2179 1568 2257 (
1589 2181 1612 2260 ).
2020 2199 2022 2212 ⁴

1554 2351 1807 2422 innocentius
1824 2356 1884 2423 ΡΡ.
1902 2357 1961 2424 llll.

1530 2475 1984 2547 mmmmmmm

1428 2655 1446 2728 ἓ
1470 2653 1497 2714 1.
1521 2655 1577 2715 Pro
1600 2663 1685 2729 parte
1706 2657 1853 2718 carissimi
1877 2659 1909 2719 in
1932 2659 2054 2724 Christo
2077 2661 2134 2724 tilii
2154 2673 2340 2783 tpescrgffiroecgig

2154 2779 2236 2826 tionis.

1389 2749 1487 2810 nostri
1520 2748 1619 2812 Caroli
1641 2746 1853 2828 Hispaniarum
1884 2753 1965 2828 regis
1991 2753 2135 2818 catholici

1389 2841 1501 2920 exponi
1523 2842 1609 2904 nobis
1631 2859 1732 2922 nuper
1746 2843 1817 2906 iecit
1838 2845 1965 2909 dilectus
1982 2846 2065 2910 tilius
2081 2864 2137 2909 no·

1389 2935 1458 2997 bilis
1489 2936 1537 2996 vir
1569 2937 1736 2999 modernus
1768 2953 1869 2999 comes
1897 2939 1933 3002 33
1965 2940 2134 3016 thamim,

1390 3029 1527 3091 eiusdem
1556 3030 1655 3092 Caroli
1683 3031 1763 3107 regis
1784 3033 1863 3110 apud
1891 3048 1946 3094 nos
1966 3039 1998 3094 et
2021 3033 2141 3098 Sedem.

1390 3123 1595 3202 apostolicam
1616 3131 1729 3197 orator,
1753 3125 1845 3202 quod,
1869 3125 2037 3205 cumipse,
2061 3129 2137 3190 dicti

1391 3217 1490 3280 Caroli
1513 3218 1593 3293 regis
1615 3218 1755 3294 nomine,
1779 3219 2019 3297 congregationi
2040 3237 2137 3284 vene·

1389 3311 1533 3372 rabilium
1555 3310 1688 3374 iratrum
1713 3320 1891 3376 nostrorum
1913 3313 1944 3376 S.
1955 3314 1991 3376 R.
2003 3315 2038 3376 Ε.
2063 3315 2136 3378 Car·

1390 3403 1541 3466 dinalium
1566 3405 1599 3465 in
1620 3405 1765 3466 universa
1786 3405 1942 3484 republica
1969 3407 2137 3470 christiana

1390 3505 1496 3560 contra
1523 3499 1709 3560 haereticam
1730 3500 1915 3576 pravitatem
1940 3501 2137 3578 generalium

1391 3591 1611 3670 inquisitorum
1638 3608 1653 3651 a
1676 3591 1753 3656 Sede
1780 3593 1932 3670 praedicta
1963 3595 2137 3672 specialiter

1390 3686 1607 3762 deputatorum
1629 3686 1836 3762 exposuisset,
1859 3687 1916 3764 ipsi
1939 3687 2046 3750 Garolo
2067 3689 2137 3765 regi

1391 3777 1563 3840 innotuisse
1591 3779 1730 3841 scandala
1751 3779 1783 3840 in
1806 3779 1943 3856 partibus
1973 3781 2137 3842 1133333333

1390 3872 1490 3934 eidem
1523 3873 1630 3935 Carolo
1656 3873 1721 3949 regi
1747 3872 1891 3935 subiectis
1918 3874 2075 3950 vigentia,
2099 3889 2136 3936 eo

1390 3967 1472 4042 quia,
1495 3965 1662 4028 Ordinariis
1693 3967 1873 4028 earumdem
1899 3967 2034 4046 partium
2055 3967 2135 4029 indi-

1390 4060 1502 4120 stincte
1524 4074 1631 4120 omnes
1651 4075 1721 4120 suos
1741 4058 1878 4122 subditos
1896 4059 2134 4122 matrimonium

1390 4155 1573 4216 contrahere
1599 4153 1740 4215 volentes
1762 4154 1797 4215 ad
1825 4153 2018 4230 probandum
2039 4171 2135 4216 suum

1389 4257 1505 4311 statum
1526 4249 1659 4310 liberum
1681 4249 1713 4309 in
1734 4247 1897 4310 cuiuslibet
1919 4262 2027 4308 eorum
2049 4247 2135 4309 curib

1390 4343 1549 4422 episcopali
1579 4341 1851 4419 compellentibus,
1875 4339 1908 4414 ii,
1934 4340 1987 4419 qui
2008 4357 2024 4400 a
2049 4341 2136 4402 curia

1390 4435 1567 4498 huiusmodi
1589 4435 1681 4512 longe
1706 4434 1842 4508 aberant,
1864 4440 1932 4512 post
1952 4433 2136 4496 conclusum

1390 4530 1581 4592 matrimonii
1605 4536 1778 4602 tractatum,
1794 4527 1860 4588 sive
1874 4527 1944 4605 quia
1959 4533 2063 4601 testes,
2080 4528 2135 4606 qui

1390 4625 1425 4686 331
1442 4623 1557 4686 curiam
1573 4622 1758 4700 praedictam
1773 4621 1915 4684 accedere
1929 4620 2057 4694 vellent,
2070 4636 2135 4682 non

1391 4717 1608 4789 inveniebant,
1638 4716 1703 4778 sive
1724 4715 1796 4793 3333
1824 4714 1962 4792 33333333
1983 4730 2039 4791 333
2060 4713 2136 4776 31133

1391 4811 1574 4874 deducendis
1601 4810 1730 4871 testibus
1751 4809 1928 4871 huiusmodi
1956 4807 2135 4869 necessariis

1391 4905 1551 4978 carebant,
1580 4903 1778 4964 matrimonio
1803 4901 1936 4964 minime
1966 4900 2134 4974 celebrato,

1391 5015 1462 5061 cum
1483 4996 1623 5059 scandalo
1645 5004 1676 5056 31
1695 5003 1818 5074 peccato
1832 4996 1865 5056 in
1880 4995 1989 5056 mutuat
2009 5009 2136 5055 consue·

1392 5093 1498 5155 tudine
1511 5098 1541 5152 31
1556 5091 1741 5152 commercio
1752 5086 2006 5166 perseverabant,
2022 5104 2055 5148 33
2066 5103 2137 5165 pro·

1392 5186 1463 5248 inde
1489 5185 1587 5247 333133
1614 5199 1716 5246 comes
1741 5181 1905 5244 memorati
1934 5180 2032 5244 Caroli
2053 5179 2135 5256 regis

1392 5280 1521 5341 nomine
1543 5277 1782 5354 Congregationi
1803 5275 1954 5353 praefatae
1971 5273 2135 5351 supplicas-

1391 5379 1449 5444 set,
1473 5379 1636 5449 quatenus,
1659 5371 1694 5430 ad
1717 5368 1867 5444 eiusmodi
1885 5365 2134 5428 inconvenientia

1392 5465 1537 5536 tollenda,
1561 5461 1727 5526 ilrdinariis
1751 5460 1913 5538 praedictis
1933 5459 2133 5537 praeciperet,

1393 5565 1438 5632 31,
1461 5555 1559 5635 33333
1577 5557 1640 5618 loca
1655 5572 1670 5615 a
1686 5556 1771 5617 33333
1791 5552 1951 5632 3333333313
1966 5552 2048 5614 31133
2062 5551 2135 5614 3333

1393 5651 1487 5712 333133
1509 5649 1663 5722 333133133,
1693 5646 1913 5725 parochialium
1937 5644 2136 5706 ecclesiarum

1393 5743 1574 5816 rectoribus,
1595 5741 1662 5803 sive
1682 5741 1748 5803 aliis
1773 5739 1912 5819 personis
1931 5735 1988 5799 sibi
2009 5736 2136 5800 benevi-

2161 549 2213 606 An.
2226 555 2253 608 G.
2273 559 2329 615 1693
