4848 6990
94 1280 313 1342 Derogmiecon·

81 1335 244 1384 tremorum.

972 607 1183 654 Innocentius
1204 607 1249 656 Xl.

331 717 432 788 missis
453 741 508 806 per
528 741 741 806 quoscumque
767 727 883 791 iudices
908 727 1078 790 ordinarios

329 826 362 881 et
375 819 542 896 delegatos,
557 821 652 882 etiam
665 837 829 885 causarum
843 822 944 902 palatii
960 831 1078 902 aposto·

330 911 381 976 lici
398 914 565 988 auditores,
582 914 709 978 iudicari
724 922 755 976 et
769 916 891 978 deliniri
906 917 1029 992 debere,
1045 933 1079 978 ac

330 1005 454 1068 irritum
476 1013 508 1070 et
529 1007 666 1069 inanest
688 1025 776 1072 secus
796 1011 950 1089 supernis
972 1026 1077 1090 aquo-

330 1116 436 1178 quam,
447 1100 556 1178 quavis
570 1102 762 1178 auctoritate,
777 1103 911 1166 scienter
925 1103 976 1164 vel
990 1103 1078 1180 igno-

329 1200 447 1268 ranter,
468 1194 635 1270 contigerit
655 1197 811 1258 attentari.

368 1287 388 1361 ἓ
408 1286 438 1347 i.
461 1286 531 1349 Non
554 1287 746 1352 obstantibus
759 1291 943 1369 praemissis,
959 1307 992 1354 ac
1006 1307 1079 1354 con-

329 1379 542 1444 stitutionibus
571 1388 601 1443 et
626 1382 872 1446 ordinationibus
891 1385 1075 1463 apostolicis,

330 1487 463 1548 necnon,
494 1481 646 1552 quatenus
677 1491 754 1554 opus
774 1477 824 1552 sit,
848 1477 1025 1554 provinciae
1046 1483 1077 1538 ct

329 1565 451 1628 Ordinis
480 1555 723 1645 praedictorum,
757 1570 850 1632 etiam
882 1571 1074 1644 iuramento,

328 1659 564 1722 confirmatione
584 1661 758 1740 apostolici,
777 1663 829 1724 vel
850 1663 958 1741 quavis
980 1663 1076 1724 firmi·

329 1759 391 1814 tate
411 1753 468 1814 alid
496 1754 656 1830 roboratis,
682 1755 805 1818 statutis
827 1762 857 1816 et
878 1755 1077 1818 consuetudi-

328 1846 431 1920 nibus,
450 1846 622 1924 privilegiis
641 1863 775 1926 quoque,
791 1848 920 1910 indultis
941 1855 972 1910 et
995 1849 1076 1910 litte·

327 1939 371 2000 ris
391 1939 562 2017 apostolicis
578 1939 611 2000 in
626 1941 820 2003 contrarium
834 1942 1075 2019 praemissorum

327 2033 557 2112 quomodolibet
578 2033 744 2107 concessis,
767 2035 956 2098 confirmatis
975 2043 1007 2097 et
1027 2036 1076 2096 in-

327 2127 463 2202 novatis;
491 2125 603 2203 quibus
624 2127 769 2190 omnibus
790 2133 821 2189 et
841 2127 985 2203 singulis,
1008 2127 1074 2190 illo-

326 2236 398 2284 rum
419 2226 544 2281 tenores
564 2219 775 2297 praesentibus
791 2235 848 2298 pro
862 2220 954 2298 plene
968 2229 999 2282 et
1013 2219 1076 2283 sui-

327 2311 468 2374 Ocienter
488 2311 639 2391 expressis
660 2329 693 2373 ac
715 2313 753 2374 de
773 2313 869 2374 verbo
891 2314 1074 2376 adverbum

326 2405 451 2468 insertis
471 2403 630 2480 habentes,
653 2405 713 2468 illis
737 2406 810 2466 alias
830 2405 865 2468 in
887 2421 943 2468 suo
964 2405 1075 2468 robore

326 2497 555 2577 permansuris,
580 2499 615 2560 ad
641 2498 883 2577 praemissorum
911 2499 1072 2574 ellectum,

325 2591 381 2653 lrac
402 2589 469 2654 vice
489 2592 660 2666 dumtaxat,
682 2591 856 2670 specialiter
877 2598 907 2653 et
930 2608 1074 2671 expresse

325 2683 526 2762 derogamus;
558 2683 731 2762 ceterisque
757 2685 918 2747 contrariis
949 2685 1074 2764 quibus-

325 2793 470 2858 cumque.

366 2874 385 2948 g
405 2872 435 2932 5.
456 2871 610 2935 Volumus
624 2880 729 2934 autem
743 2879 779 2934 ut
792 2873 973 2936 earumdem
988 2889 1073 2953 prae

326 2966 463 3028 sentium
478 2965 656 3029 litterarum
670 2968 883 3044 transumptis,
899 2982 955 3028 seu
969 2981 1075 3030 exem·

325 3059 395 3138 pliS,
418 3059 513 3121 etiam
533 3059 701 3136 impressis,
721 3073 817 3120 manu
838 3057 965 3122 alicuius
986 3067 1074 3122 nota-

325 3153 364 3215 rii
384 3152 502 3231 publici
531 3151 721 3230 subscriptis,
744 3160 775 3214 et
796 3151 897 3228 sigillo
925 3167 1074 3230 personae

325 3245 358 3308 in
380 3245 581 3308 ecclesiastica
602 3246 753 3322 dignitate
769 3247 956 3308 constitutae
970 3246 1073 3308 muni-

324 3339 379 3414 tis,
412 3339 519 3400 eadem
549 3353 675 3417 prorsus
707 3338 780 3400 lides
806 3337 970 3413 habeatur,
993 3353 1071 3416 quae

324 3431 396 3510 ipsis
416 3432 629 3510 praesentibus
649 3430 815 3493 haberetur
829 3431 855 3492 si
870 3431 973 3494 loreot
985 3431 1071 3492 exiri-

323 3523 404 3586 bitae
424 3523 475 3586 rel
495 3532 645 3587 ostensae.

363 3617 476 3680 Datum
490 3617 616 3692 Romae,
628 3616 707 3696 apud
724 3617 755 3680 S.
770 3617 897 3680 llariam
912 3617 1070 3692 Maiorem,

322 3709 381 3775 sub
407 3710 524 3772 annulo
552 3711 727 3785 Piscatoris,
758 3711 808 3774 die
835 3727 916 3772 xxn.
939 3711 1072 3773 ianuarii

324 3819 561 3881 raucuxxxvrn„
583 3803 779 3882 pontificatus
800 3803 899 3865 nostri
914 3819 997 3867 anno
1011 3820 1069 3866 xit.

627 4087 768 4152 XXXIV.

324 4273 500 4354 Confirmet
523 4276 649 4338 decreto
671 4273 809 4353 capituti
830 4273 989 4354 generetis
1013 4275 1069 4336 Or·

362 4368 449 4430 dieis
471 4368 582 4432 Sancti
604 4367 797 4448 Augustini,
820 4365 934 4444 quibus
961 4365 1069 4444 probi-

362 4459 467 4534 betur,
488 4477 527 4522 ue
548 4463 692 4542 religiosi
706 4461 952 4538 prouinciarum
968 4460 1068 4524 Meui-

362 4571 461 4618 cceoe
481 4561 512 4616 et
534 4553 812 4619 Mecltooceeeeeis
832 4553 892 4614 soti
914 4559 975 4616 eet
996 4569 1068 4614 cum

360 4648 460 4724 cottio
480 4648 528 4710 ecl
550 4649 659 4728 galera
679 4647 830 4710 incedent
850 4647 905 4726 (l).

496 4817 748 4889 inducendos
769 4817 830 4884 ΡΡ.
847 4817 894 4884 tlt.

462 4941 922 5046 mmmmmmm

361 5119 408 5180 Ex
429 5118 531 5181 debito
552 5117 711 5197 pastoralis
732 5117 835 5191 officii,
852 5117 934 5194 quod
949 5115 1067 5177 inseru-

319 5209 421 5272 tabilis
441 5209 567 5272 divinae
587 5209 753 5288 sapientiae
780 5208 911 5270 altitudo
943 5207 1067 5268 humili-

319 5303 375 5365 tati
396 5311 532 5376 nostrae,
554 5301 673 5364 viribus
694 5301 765 5363 licet
786 5309 817 5362 et
838 5300 958 5362 meritis
973 5299 1067 5376 longe

318 5397 442 5476 impari,
474 5397 636 5475 imponere
667 5395 790 5472 dignata
822 5401 878 5468 est,
906 5401 1067 5472 paternam

319 5488 579 5564 christifidelium,
602 5489 654 5566 qui
678 5487 861 5550 eductibus
891 5486 1005 5549 saeculi
1034 5487 1066 5548 in

317 5590 445 5662 portum
472 5583 554 5645 vitae
583 5581 747 5658 religiosae
772 5580 992 5656 confugerunt,
1015 5595 1066 5642 cu-

359 5851 389 5906 (1)
404 5849 442 5895 lix
456 5851 518 5906 Reg.
535 5847 561 5894 in
576 5849 652 5893 Arcti.
668 5851 740 5894 Brev.
763 5849 797 5894 De
812 5846 924 5894 decretis
942 5859 990 5905 pro
1009 5859 1066 5904 pro

318 5916 411 5962 vinciis
426 5916 571 5972 indiarum,
588 5916 647 5960 vide
668 5916 867 5972 praecedentem
888 5915 1066 5972 constrc.;p1·o

318 5984 421 6030 duabus
435 5995 499 6029 vero
513 5981 655 6041 provinciis
670 5983 833 6038 memoratis,
849 5983 906 6028 vide
916 5987 1001 6028 innoc.
1011 5985 1064 6028 ΧΗ.

424 6105 478 6159 lur.
494 6107 563 6154 Petet.
578 6105 610 6152 de
624 6105 700 6168 Prop.
714 6105 777 6152 Fide
790 6105 872 6154 Partis
887 6109 904 6151 l.
919 6106 974 6152 vol.
990 6107 1020 6159 ll,

1807 597 1862 664 li3
1913 601 1967 658 An.
1981 601 2012 658 O.
2033 601 2102 658 less

1135 746 1200 792 ram
1221 730 1369 809 peculiari
1399 733 1547 797 enaritate
1577 735 1698 798 assidue
1726 745 1882 815 gerentes,

1135 841 1180 900 ea,
1204 841 1283 904 quae
1304 842 1358 904 pro
1373 827 1453 890 lelici
1468 843 1677 908 prosperoque
1692 830 1818 894 illorum
1834 849 1881 894 re-

1135 918 1254 994 gimine
1274 925 1305 980 et
1318 920 1479 996 vgubernio
1501 923 1629 1000 provide
1649 924 1817 986 constituta
1838 933 1883 988 at·

1134 1028 1195 1089 que
1222 1012 1360 1074 ordinata
1380 1029 1447 1076 esse
1477 1023 1661 1090 noscuntur,
1685 1024 1721 1079 ut
1743 1019 1831 1080 lirina
1852 1027 1884 1080 et

1135 1104 1250 1167 illibata
1284 1106 1467 1184 persistant,
1503 1109 1661 1188 apostolici
1696 1111 1883 1174 muniminis

1134 1197 1295 1275 praesidio,
1318 1213 1390 1262 cum
1413 1199 1441 1262 id
1462 1217 1479 1261 a
1500 1201 1589 1264 nobis
1605 1202 1732 1281 petitur,
1749 1203 1884 1266 libenter

1133 1290 1325 1354 roboramus

1173 1386 1192 1458 ἓ
1215 1385 1241 1445 l.
1265 1385 1386 1465 Exponi
1407 1387 1561 1466 siquidem
1582 1389 1671 1452 nobis
1692 1405 1793 1468 nuper
1811 1389 1884 1454 iecit
1924 1400 2031 1446 uerrere
2045 1410 2115 1457 orae-

1133 1476 1261 1540 dilectus
1282 1478 1365 1541 filius
1386 1487 1566 1559 procurator
1587 1482 1740 1558 generalis
1758 1482 1882 1546 Ordinis
1901 1451 2116 1563 ῗέῗῗῖἒὲξῗχξῗῖζ
2201 1535 2203 1540 ,

1133 1567 1264 1630 fratrum
1279 1569 1482 1634 eremitarum
1495 1571 1598 1634 Sancti
1610 1572 1788 1648 Augustini,
1801 1575 1882 1650 quod
1901 1562 2116 1659 {appararem-

1132 1661 1215 1731 aliais,
1239 1662 1272 1724 in
1294 1663 1428 1740 capitulo
1449 1664 1586 1739 generali
1608 1665 1681 1728 dicti
1703 1667 1826 1728 Ordinis
1847 1667 1881 1728 in

1132 1756 1188 1818 hac
1212 1756 1290 1818 alma
1319 1755 1401 1816 Urbe
1432 1759 1537 1820 nostri
1568 1758 1720 1820 celebrato
1742 1758 1780 1820 de
1801 1776 1883 1821 anno

1132 1849 1327 1924 accuratu,
1344 1865 1399 1927 pro
1417 1850 1572 1914 llexicand
1586 1860 1617 1916 et
1632 1851 1882 1916 liechoacaneusi

1132 1943 1298 2022 provinciis
1330 1943 1452 2006 Ordinis
1483 1945 1630 2025 praedicti
1651 1946 1732 2008 edita
1754 1952 1784 2006 et
1806 1947 1882 2008 iacta

1131 2035 1261 2098 luerunt
1288 2037 1438 2100 nonnulla
1471 2040 1603 2114 decreta,
1632 2055 1688 2101 seu
1715 2038 1881 2102 ordinatio·

1131 2141 1197 2201 nes,
1221 2128 1338 2190 tenoris
1359 2129 1412 2206 qui
1433 2129 1586 2208 sequitur,
1610 2129 1770 2193 videlicet:

1172 2219 1306 2290 Decreta
1322 2221 1462 2298 capitote·
1478 2223 1637 2302 gereerolis
1653 2240 1879 2287 o.rtoouxx1n.

1131 2311 1247 2376 Remea
1269 2311 1420 2378 celebrati
1441 2315 1530 2378 edite
1549 2317 1735 2392 specialiter
1748 2333 1806 2395 pre
1820 2317 1881 2382 Me-

1130 2405 1253 2468 ciccae
1274 2414 1304 2470 et
1319 2407 1584 2474 Meelteoceeeesi
1605 2411 1795 2486 prouinciis,
1820 2417 1878 2473 etc.

1173 2499 1350 2578 «Magister
1381 2502 1477 2564 irater
1508 2502 1672 2566 Nicotaus
1697 2503 1795 2566 Otrva
1828 2503 1880 2568 Se·

1130 2608 1220 2669 nen,
1243 2601 1301 2655 etc.
1326 2593 1391 2656 Etsi
1412 2596 1514 2658 omnis
1536 2596 1645 2672 gloria,
1668 2603 1726 2659 etc.

1170 2704 1187 2744 a
1202 2685 1353 2759 Quoniam
1368 2702 1442 2748 vero
1457 2689 1634 2751 audivimus
1649 2689 1682 2752 in
1697 2690 1807 2752 iisdem
1819 2691 1879 2752 lle-

1130 2777 1236 2840 xicana
1257 2785 1288 2839 et
1307 2778 1558 2844 liechoacanensi
1574 2783 1741 2860 provinciis
1756 2783 1879 2848 damna·

1129 2869 1224 2932 bilem
1246 2871 1405 2949 irrepsisse
1419 2873 1562 2948 abusum,
1579 2881 1613 2937 ut
1628 2874 1765 2951 religiosi
1779 2876 1878 2938 nostri

1129 2979 1184 3042 per
1205 2963 1308 3039 urbes,
1330 2966 1450 3044 oppida,
1474 2983 1590 3046 perque
1611 2967 1687 3043 loca,
1708 2967 1742 3030 in
1764 2969 1877 3047 quibus

1129 3055 1353 3133 immorantur,
1384 3059 1534 3122 dissociati
1560 3061 1719 3137 incedant,
1748 3061 1878 3141 pallium

1129 3155 1160 3210 et
1181 3148 1322 3226 galerum
1343 3151 1533 3230 deierantes,
1557 3154 1669 3218 idcirco
1691 3155 1814 3217 decreto
1829 3167 1877 3216 re-

1128 3241 1266 3304 solutum
1287 3242 1346 3305 luit
1366 3244 1399 3305 in
1421 3247 1663 3322 congregatione
1677 3247 1878 3310 definitoriali

1128 3335 1255 3414 capituli
1276 3336 1439 3413 generalis,
1462 3346 1498 3401 ut
1518 3339 1636 3415 stricte,
1652 3347 1684 3402 et
1698 3339 1756 3403 sub
1770 3341 1878 3418 poenis

1128 3429 1209 3491 inira
1229 3430 1452 3509 exprimendis,
1475 3433 1685 3510 prohibeatur,
1707 3441 1800 3512 prout
1821 3449 1878 3495 nos
1936 3501 1937 3506 ἵ

1129 3529 1238 3584 tenore
1258 3526 1472 3600 praesentium
1492 3527 1704 3605 probibemus,
1720 3543 1762 3589 ne
1782 3526 1877 3603 aliqui

1128 3631 1166 3676 ex
1188 3615 1338 3692 religiosis
1359 3619 1474 3680 nostris
1501 3619 1727 3698 praedictarum
1749 3619 1879 3682 llexica·

1128 3723 1185 3768 nae
1206 3724 1309 3786 neque
1330 3711 1596 3774 liechoacaneusis
1613 3712 1876 3790 provinciarume

1127 3801 1343 3876 conventibus,
1375 3803 1468 3864 etiam
1499 3804 1648 3880 associati,
1680 3821 1754 3867 cum
1784 3803 1877 3882 pallio

1127 3909 1232 3972 neque
1261 3909 1334 3956 cum
1363 3889 1467 3972 galero
1494 3896 1580 3960 exire
1601 3898 1745 3973 audeant,
1766 3905 1799 3958 et
1820 3911 1875 3975 per

1127 3985 1263 4065 publicas
1284 3988 1411 4052 urbium
1431 3989 1627 4070 aliorumque
1647 3990 1789 4052 locorum
1810 3990 1876 4052 vias

1127 4079 1271 4142 incedere
1301 4081 1369 4143 sine
1398 4083 1496 4159 socio,
1525 4083 1708 4146 mandantes
1729 4083 1762 4144 in
1783 4084 1874 4146 meri·

1127 4180 1195 4234 tum
1219 4173 1360 4235 salutaris
1392 4175 1615 4252 observantiae,
1638 4183 1669 4240 et
1689 4177 1747 4239 sub
1768 4177 1875 4256 poenis

1125 4265 1308 4344 privationis
1330 4268 1483 4343 graduum
1502 4275 1532 4330 et
1547 4270 1730 4344 officiorum,
1746 4269 1875 4348 aliisque

1126 4369 1231 4421 nostro
1252 4369 1283 4422 et
1304 4377 1518 4424 successorum
1546 4363 1674 4426 arbitrio
1695 4364 1872 4439 reservatis,

1126 4461 1171 4528 ut,
1194 4455 1314 4532 quoties
1335 4453 1489 4531 religiosis
1507 4457 1669 4534 praedictis
1683 4457 1744 4518 erit
1757 4472 1874 4519 exeun·

1125 4549 1211 4624 dum,
1234 4556 1401 4610 serventur
1429 4549 1614 4628 praescripta
1639 4567 1796 4614 sacrarum
1817 4567 1872 4612 no·

1123 4642 1179 4703 stri
1207 4641 1329 4704 Ordinis
1360 4642 1632 4718 constitutionum,
1663 4653 1694 4708 et
1720 4643 1874 4723 postulata

1123 4743 1215 4814 atque
1246 4735 1372 4798 obtenti
1399 4752 1416 4796 a
1443 4744 1529 4814 patre
1559 4735 1725 4819 superiore
1750 4736 1873 4800 licentia

1123 4845 1245 4907 semper
1276 4828 1413 4892 associati
1443 4829 1605 4905 incedant,
1638 4831 1725 4892 iuxta
1757 4830 1873 4892 Christi

1124 4923 1248 4984 Domini
1278 4921 1469 5000 exemplum,
1493 4924 1547 5002 qui
1568 4924 1720 5002 apostolos
1741 4923 1874 5002 discipu·

1124 5016 1231 5095 iusque
1260 5031 1332 5078 suos
1359 5031 1423 5078 non
1451 5015 1542 5091 solos,
1565 5017 1618 5078 sed
1639 5015 1729 5078 binos
1749 5031 1873 5094 semper

1124 5111 1251 5172 mittere
1280 5110 1453 5172 consuevit.
1486 5109 1612 5185 Romae,
1645 5109 1696 5173 die
1725 5126 1761 5172 ιι.
1791 5108 1872 5171 iunii

1125 5219 1304 5266 muctxxttt.
1318 5222 1348 5266 ›-

1164 5317 1182 5359 ‹
1198 5297 1236 5358 Et
1250 5313 1324 5360 sane
1338 5297 1498 5362 decretum
1513 5307 1619 5362 contra
1634 5315 1728 5362 usum
1742 5299 1826 5377 pallii
1840 5307 1872 5362 et

1124 5391 1220 5467 galeri
1241 5407 1296 5470 pro
1318 5393 1480 5470 praedictis
1494 5394 1664 5472 provinciis
1678 5393 1809 5461 subinde
1823 5395 1870 5456 in-

1124 5492 1274 5546 novatum
1295 5493 1326 5546 et
1346 5486 1568 5549 confirmatum
1598 5487 1658 5549 luit
1689 5487 1722 5548 in
1750 5503 1871 5566 nupero

1122 5579 1256 5657 capitulo
1272 5579 1409 5655 generali
1424 5580 1562 5642 eiusdem
1577 5580 1700 5644 Ordinis
1714 5581 1748 5643 in
1763 5577 1871 5644 eidem

1121 5843 1224 5894 constit.
1236 5845 1307 5894 editui
1317 5857 1444 5905 atocxcn,
1455 5845 1496 5894 die
1507 5849 1533 5894 28
1543 5846 1709 5907 septembris,
1720 5849 1809 5908 pontii.
1821 5857 1868 5906 ιιι,

1121 5915 1269 6028 attitfcgpstit.
1294 5915 1355 5961 edit,
1378 5927 1513 5971 nucxcrx,
1532 5917 1575 5962 die
1593 5919 1607 5960 5
1624 5917 1790 5974 septembris,
1810 5929 1870 5976 pon·

1737 6106 1763 6156 lt
