4878 6982
125 547 187 601 An.
205 553 237 604 c.
259 553 329 604 xeos
1827 548 1881 610 187
1933 547 2120 601 11131333

983 569 1191 616 trinoctta'rttts
1212 567 1268 614 xit.

1126 685 1131 761 l
1156 691 1248 762 suris,
1266 690 1300 751 ad
1323 688 1560 767 praemissorum
1581 687 1737 762 ellectum,
1761 688 1815 750 1133
1835 688 1901 750 vice

1157 783 1331 854 dumtaxat,
1360 781 1533 860 specialiter
1554 788 1584 842 et
1607 797 1749 860 expresse
1774 780 1901 858 deroga-

1158 891 1238 950 11133,
1262 875 1433 952 ceterisque
1453 874 1614 936 contrariis
1643 874 1898 954 quibuscumque.

1196 970 1307 1030 Datum
1323 967 1447 1040 Romae,
1460 968 1539 1045 apud
1556 967 1586 1028 S.
1599 967 1724 1030 llariam
1741 967 1898 1040 Maiorem,

119 1063 338 1164 retactssfflirmfflff
396 1064 464 1138 52
489 1064 569 1126 Cum
591 1070 707 1136 autem,
723 1062 801 1124 sicut
822 1063 929 1124 eadem
951 1063 1099 1140 expositio
1155 1063 1213 1124 snb
1242 1061 1360 1123 annulo
1382 1059 1557 1132 Piscatoris,
1584 1059 1632 1121 die
1660 1075 1753 1121 xxnx.
1776 1060 1899 1137 augusti

116 1175 260 1218 cretarum.
361 1157 587 1232 subiungebat,
613 1157 784 1234 praedictus
813 1155 955 1218 Nicotaus
980 1157 1099 1218 rlecreta
1158 1169 1355 1228 1133133111,
1378 1153 1573 1233 pontificatus
1603 1154 1702 1214 nostri
1726 1169 1808 1216 anno
1829 1169 1896 1214 vxxx.

356 1249 546 1323 huiusmodi,
568 1266 630 1328 quo
651 1250 773 1310 firmius
793 1249 960 1311 subsistant
985 1258 1015 1310 et
1036 1264 1100 1310 ser-

356 1349 472 1406 venlur
493 1344 638 1416 exactius,
654 1343 833 1421 apostolicae
855 1343 1099 1404 confirmationis

359 1445 480 1500 nostrae
503 1435 671 1515 patrocinio
692 1436 879 1498 communiri
901 1451 1100 1514 summopere

356 1531 523 1594 desideret:
558 1545 631 1600 nos,
665 1531 765 1607 ipsum
796 1529 955 1590 Nicolaum
987 1529 1101 1607 specia-

356 1625 393 1686 lis
413 1624 519 1685 lavore
540 1623 655 1699 gratiae
681 1623 823 1702 prosequi
853 1622 1004 1697 volentes,
1031 1631 1098 1684 eta
1156 1623 1290 1686 illaudat
1322 1623 1402 1700 quod
1434 1624 1469 1684 ia
1501 1621 1668 1699 proviacid
1705 1621 1735 1683 S.
1772 1621 1900 1684 louuuis

354 1717 514 1796 quibusvis
534 1717 872 1790 excommunicationis,
891 1715 1100 1794 suspensionis
1196 1715 1361 1793 Baptistae
1391 1717 1426 1776 ic
1460 1731 1556 1794 repca
1588 1715 1737 1777 Peruaoo
1770 1715 1901 1777 Ordinis

353 1811 575 1884 3113133111311,
598 1811 726 1888 aliisque
746 1809 955 1872 ecclesiasticis
976 1815 1100 1870 senten·
1126 1820 1128 1863 t
1198 1809 1461 1872 Praedicatorum
1471 1813 1642 1870 seruentur
1653 1808 1900 1870 constitutiones

355 1905 415 1977 tiis,
438 1905 577 1966 censuris
598 1912 629 1965 et
651 1903 768 1981 poenis,
791 1919 806 1962 a
829 1903 896 1964 iure
918 1903 966 1964 vel
988 1903 1025 1964 ab
1046 1901 1099 1962 bo-
1126 1866 1129 1951 .
1195 1903 1412 1980 capitulorum
1438 1903 1637 1981 pecoralium
1666 1902 1754 1963 circa
1781 1917 1900 1964 saccer-

355 1999 451 2072 miue,
477 1997 584 2076 quavis
608 1997 767 2058 occasione
791 1997 839 2058 vel
863 1997 949 2058 eausll
972 1995 1051 2069 latis,
1074 1995 1099 2055 si
1194 1998 1314 2059 siccem
1336 1999 1479 2078 fratrum
1501 1997 1747 2058 coniunctorum
1767 1996 1802 2056 iu
1817 1995 1901 2072 priu-

354 2090 465 2169 quibus
489 2089 718 2168 quomodolibet
740 2089 905 2151 innodatus
925 2089 1041 2162 existit,
1063 2089 1098 2150 ad
1125 2100 1128 2159 1
1195 2087 1321 2153 ratibus
1342 2089 1397 2168 (1).

354 2184 498 2246 ellectum
513 2184 723 2262 praesentium
738 2182 895 2244 dumtaxat
910 2195 1101 2260 consequen·
1125 2168 1128 2245 l

358 709 380 753 a
401 690 431 753 S·
457 689 628 754 Svennauo
650 689 792 752 minister
814 689 976 766 generalis.
993 688 1098 750 -Lu-

358 782 552 863 ca†siqilli.
576 783 619 845 Oa
640 784 781 846 mandato
808 799 881 846 suae
906 784 1100 846 reverendis-

357 877 454 938 simae
475 877 682 956 paternitatis,
707 875 801 938 lrater
827 877 961 940 lusurus
988 877 1099 939 Maura

358 985 398 1030 nc
414 969 444 1032 S.
459 970 567 1032 Cauca
578 969 760 1032 secretarius
772 970 924 1046 generalis
934 970 1055 1032 Ordinis
1065 989 1096 1028 1.

1470 1434 1593 1498 xxltt.

355 2278 441 2350 dum,
456 2277 566 2338 barum
581 2278 658 2336 serie
673 2276 864 2337 absolventes
880 2283 910 2336 et
924 2275 1098 2337 absolutum

356 2371 420 2432 lore
451 2379 624 2442 censentes,
657 2369 930 2447 supplicationibus
958 2369 1023 2430 eius
1045 2383 1098 2428 no-

355 2464 440 2524 mine
461 2463 550 2524 nobis
570 2477 664 2538 super
684 2466 740 2522 1133
766 2462 928 2522 humiliter
950 2462 1098 2540 porrectis

356 2556 508 2629 inclinati,
521 2557 641 2618 decreta
657 2557 856 2632 praeinserta,
869 2571 939 2617 cum
955 2555 1098 2616 omnibus

356 2658 387 2711 et
406 2649 538 2726 singulis
567 2649 598 2710 iu
624 2651 668 2710 eis
699 2649 851 2710 contentis
880 2657 909 2710 et
934 2649 1096 2727 expressis,
1124 2622 1127 2701 Ι

1327 2259 1580 2329 111ΝοοΕ1111118
1598 2260 1656 2328 ΡΡ.
1676 2259 1733 2326 llll.

1294 2382 1759 2451 mmmmmwm

1193 2563 1211 2636 ἓ
1236 2561 1261 2621 1.
1287 2560 1405 2638 Exponi
1438 2560 1524 2620 nobis
1553 2575 1652 2638 nuper
1680 2558 1751 2621 lecit
1772 2557 1901 2620 dilectus

356 2744 536 2806 auctoritate
559 2742 854 2820 apostolica,tenore
876 2743 1096 2820 praesentium,
1153 2747 1305 2824 protessus
1336 2745 1513 2823 provinciae
1542 2745 1571 2808 S.
1597 2745 1717 2807 loannis
1750 2745 1901 2822 baptistae

356 2836 577 2898 confirmamus
598 2843 629 2896 et
647 2835 847 2914 approbamus
863 2835 983 2914 illisque
999 2836 1098 2896 invio·
1124 2824 1127 2913 Ι
1155 2841 1185 2902 13
1208 2857 1306 2917 regno
1332 2840 1471 2901 Peruano
1495 2839 1616 2910 Ordinis
1641 2838 1899 2910 Praedicatorum,

356 2928 454 2991 labilis
487 2927 667 3006 apostolicae
693 2929 848 2989 firmitatis
873 2929 967 2990 robur
997 2929 1097 2990 adiici·

357 3039 446 3096 mus,
469 3039 501 3083 33
522 3035 631 3082 313333
652 3029 682 3082 31
703 3021 843 3097 singulos
876 3022 951 3084 iuris
976 3033 1007 3084 et
1029 3023 1096 3087 lacti

356 3116 503 3188 siclaetus,
528 3115 553 3176 si
574 3115 628 3192 qui
649 3116 781 3193 desuper
801 3115 1031 3192 quomodolibet
1052 3119 1098 3178 in·

357 3209 562 3282 tarvenevint,
584 3209 773 3287 supplemus.

1153 2932 1234 3011 quod
1249 2933 1333 3010 (cum
1349 2931 1477 2994 dilectus
1492 2933 1583 2992 etiam
1602 2931 1683 2992 illius
1699 2931 1825 2992 Didacus
1839 2930 1899 2992 lllo·

1154 3032 1234 3088 ratio
1259 3026 1344 3104 prior
1368 3024 1565 3104 provincialis
1590 3025 1687 3088 dictae
1712 3023 1899 3102 provinciae,

1155 3121 1186 3180 in
1208 3119 1374 3180 novissimo
1396 3118 1478 3179 illius
1499 3117 1633 3196 capitulo
1654 3115 1835 3196 provinciali
1851 3115 1900 3176 die

1156 3227 1240 3272 xxxv.
1266 3212 1331 3273 iulii
1349 3229 1513 3274 1133131111.
1531 3209 1695 3285 3313113313,
1711 3211 1747 3272 ad
1763 3209 1899 3272 olilcium

2008 2557 2132 2604 llelerun-

1923 2611 2132 2658 tureonstllutio

1155 2653 1236 2716 lilius
1259 2653 1464 2730 Hieronymus
1491 2651 1617 2716 Salzedo
1644 2652 1738 2712 133133
1759 2665 1902 2728 expresse
1921 2667 2132 2764 &pugnatas

164 3315 308 3362 clausulae.
396 3305 415 3380 5
436 3303 466 3362 3.
490 3303 707 3376 Decernentes,
722 3303 844 3364 easdem
859 3311 1035 3382 praesentes
1049 3303 1100 3364 lit·
1124 3311 1127 3382 1
1154 3306 1263 3384 3113313
1279 3305 1474 3383 provincialis
1490 3305 1665 3366 huiusmodi
1680 3305 1807 3378 electus,
1821 3303 1901 3364 eius·

358 3406 436 3460 teras
468 3411 590 3475 semper
616 3395 734 3468 11131133,
768 3395 879 3458 validas
906 3405 937 3458 et
964 3397 1098 3458 efficaces
1124 3402 1127 3498 1
1154 3415 1214 3478 que
1233 3408 1411 3476 procurator
1425 3398 1459 3459 ad
1476 3399 1553 3460 11333
1567 3398 1678 3460 3131331
1696 3398 1811 3460 Urbem
1827 3397 1898 3458 mis-

357 3491 489 3552 existere
510 3499 540 3551 et
563 3489 638 3563 lore,
668 3505 800 3567 suosque
821 3489 975 3566 plenarios
1000 3497 1031 3550 et
1053 3491 1098 3552 in·
1124 3512 1127 3572 3
1152 3511 1214 3568 sus,
1232 3493 1313 3554 varia
1333 3492 1458 3554 consilia
1474 3500 1505 3554 et
1519 3501 1645 3555 conatus
1661 3493 1897 3566 meditarentur,

358 3592 460 3660 tegros
481 3581 607 3644 allectus
628 3582 731 3643 sortiri
755 3589 785 3642 et
806 3581 959 3656 obtinere,
976 3598 1008 3642 33
1024 3582 1096 3656 11113,
1124 3581 1127 3653 l
1155 3595 1189 3648 ut
1210 3587 1304 3664 ipsius
1325 3586 1425 3646 Diclaci
1447 3585 1555 3646 1331333
1580 3587 1752 3648 3333311313
1774 3600 1900 3647 carnem

356 3675 390 3738 ad
413 3691 490 3754 quos
509 3682 625 3752 spectat
646 3683 677 3736 et
702 3690 758 3752 pro
781 3684 918 3752 tempore
939 3677 1096 3752 spectabit,
1124 3661 1127 3731 l
1153 3679 1225 3742 dicti
1247 3677 1367 3744 Ordinis·
1395 3677 1579 3756 professores
1607 3679 1642 3739 ad
1672 3677 1901 3740 succedendum

358 3771 388 3831 in
410 3769 554 3831 omnibus
575 3777 605 3830 31
629 3785 681 3845 333
702 3769 805 3829 313313
839 3769 1016 3846 plenissime
1035 3772 1099 3832 sul·
1124 3744 1127 3836 l
1154 3774 1181 3834 31
1209 3775 1240 3834 111
1273 3773 1352 3834 dicto
1385 3771 1484 3834 ollrcio
1505 3771 1667 3848 ,habilitati
1699 3772 1899 3844 obtinereut3

357 3864 477 3938 lvagari,
499 3871 530 3923 et
551 3861 588 3922 ab
609 3863 652 3922 eis
679 3861 849 3939 respective
879 3863 1098 3926 inviolabililer
1124 3837 1127 3961 ἰ
1154 3867 1217 3943 ipse
1233 3881 1305 3925 voro
1322 3864 1540 3941 Hieronymus,
1557 3865 1591 3926 ad
1612 3866 1751 3926 3331113111
1771 3864 1899 3934 Urbem,

355 3956 523 4027 observari,
546 3955 650 4032 sicquae
672 3955 703 4016 in
734 3955 907 4032 praemissis
929 3971 983 4034 per
1008 3974 1097 4035 quos·
1124 3968 1127 4074 ,
1155 3967 1187 4019 31
1210 3958 1334 4018 illorum
1355 3957 1479 4018 consilia
1505 3956 1682 4018 huiusmodi
1704 3955 1900 4034 praeveniret

356 4063 489 4126 cumque
520 4049 636 4109 iudices
667 4049 835 4108 ordinarios
867 4057 897 4109 et
925 4050 1096 4126 delegatos,
1153 4053 1268 4129 pariter
1289 4051 1409 4124 missus,
1433 4049 1519 4111 nobis
1539 4050 1750 4128 supplicasset,
1773 4057 1820 4123 ut,
1839 4064 1901 4127 quo

356 4142 448 4204 etiam
462 4157 624 4203 causarum
639 4139 740 4219 palatii
761 4141 916 4219 apostolici
932 4145 1095 4218 auditores,
1124 4186 1126 4195 ·
1154 4145 1433 4206 inordinationibus
1460 4160 1538 4222 quae
1560 4143 1592 4204 in
1620 4144 1761 4221 proximo
1783 4151 1813 4204 et
1834 4143 1901 4204 aliis

357 4235 482 4298 iudicari
503 4243 534 4295 et
561 4235 682 4296 ricimiri
714 4235 835 4308 debere,
862 4253 894 4298 33
921 4237 1045 4298 13111313
1067 4249 1096 4300 31
1152 4239 1362 4299 subsecuturis
1393 4237 1592 4300 electionibus
1614 4239 1751 4316 priorum
1774 4236 1901 4314 provin·

357 4329 460 4402 inane,
476 4329 501 4390 si
522 4345 609 4390 secus
630 4345 723 4408 super
741 4329 787 4388 bis
802 4345 817 4388 3
833 4345 1001 4408 (quoquam,
1024 4349 1097 4409 qua·
1153 4331 1275 4394 cialium
1293 4331 1468 4408 provinciae
1483 4333 1653 4410 praedictae
1668 4331 1847 4409 praesertim
1862 4345 1900 4390 ex

357 4421 402 4482 vis
416 4423 597 4484 auctoritate
608 4424 740 4483 scienter
756 4421 804 4483 vel
823 4421 1012 4498 ignoranter,
1027 4439 1099 4486 con·
1155 4427 1312 4503 praeteusa
1328 4423 1537 4486 babilitatione
1552 4425 1727 4486 huiusmodi
1746 4423 1821 4484 oriri
1835 4430 1900 4501 pot·

357 4515 462 4593 tigerit
483 4517 639 4577 attentari.
1154 4525 1242 4579 erant
1278 4527 1509 4591 occurreretur,
1545 4517 1780 4580 constitutiones
1816 4532 1902 4595 prae-

142 4629 338 4692 contrariorum
397 4609 416 4683 ἓ
437 4609 465 4669 1.
489 4607 558 4670 Non
574 4609 765 4671 obstantibus
780 4611 964 4688 praemissis,
980 4629 1014 4673 33
1028 4627 1099 4673 aon·
1124 4623 1127 4641 ·
1154 4613 1226 4674 dicti
1247 4611 1379 4684 Ordinis,
1401 4627 1455 4688 per
1477 4629 1551 4690 quas
1573 4627 1715 4688 expresse
1743 4609 1899 4690 prohiberi

120 4685 264 4739 ‘¹²'⁰⁸²¹¹⁰'
357 4703 571 4764 stitutiooibus
593 4711 623 4763 et
644 4703 889 4766 ordinationibus
914 4705 1097 4782 apostolicis,
1124 4723 1127 4751 ¹
1154 4705 1266 4766 dicitur
1287 4720 1327 4765 ne
1348 4705 1441 4767 irater
1462 4705 1548 4766 tratri
1576 4707 1745 4767 secundum
1774 4719 1899 4767 carnem

358 4811 478 4858 necnon
491 4804 642 4874 quatenus
651 4812 726 4874 opus
737 4795 787 4870 sit,
798 4797 919 4860 Ordinis
928 4798 1099 4876 provincia·
1154 4800 1185 4858 in
1207 4799 1314 4860 eodem
1337 4797 1574 4875 provincialatus
1596 4805 1647 4860 331
1668 4799 1820 4878 prioratus
1835 4798 1899 4859 offl-

357 4905 427 4951 vum
439 4898 469 4951 et
480 4899 653 4952 conventus
669 4888 894 4967 praedictorum
911 4891 1002 4951 ctiam
1020 4892 1097 4952 iura·
1154 4891 1200 4951 cio
1216 4891 1391 4952 immediate
1405 4893 1569 4953 succedere
1584 4891 1693 4966 valeat,
1706 4891 1835 4954 omuino
1850 4892 1900 4952 ob·

357 4993 473 5058 mento,
489 4983 725 5045 confirmatione
739 4982 910 5062 apostolici,
926 4983 976 5044 vel
991 4983 1098 5061 quavis
1153 4985 1270 5045 servari
1290 4985 1401 5046 debere
1422 4983 1669 5059 decerneremus,
1691 5001 1810 5064 nosque
1830 4999 1901 5062 sup-

357 5077 580 5139 11331113133113
603 5077 760 5150 3311313113,
783 5077 904 5138 31313113
919 5085 949 5137 31
971 5093 1099 5139 consue·

358 5170 527 5246 tudinibus,
560 5169 728 5248 privilegiis
762 5186 895 5248 quoque,
918 5170 1047 5231 indultis
1068 5177 1098 5231 el

357 5264 467 5324 litteris
478 5263 649 5342 apostolicis
664 5263 696 5323 in
712 5264 904 5324 contrarium
920 5264 1098 5341 praemisso·

357 5371 428 5416 rum
442 5355 672 5432 quomodolibet
687 5355 848 5427 concessis,
866 5356 1053 5416 confirmatis
1067 5365 1097 5416 et

357 5447 521 5509 innovatis.
532 5449 647 5522 Quibus
668 5447 813 5510 omnibus
828 5455 858 5508 et
872 5447 1015 5523 singulis,
1033 5447 1097 5508 illo-

356 5557 426 5602 rum
448 5549 571 5602 tenores
592 5541 801 5618 praesentibus
818 5540 1100 5618 3133133331331-

359 5635 497 5696 sicienter
517 5634 679 5712 expressis,
702 5642 733 5695 31
757 5635 793 5696 ad
822 5633 953 5695 verbum
975 5633 1098 5694 insertis

358 5727 503 5789 babentes
524 5726 583 5788 illis
601 5727 673 5786 alias
694 5726 727 5787 in
749 5741 805 5786 suo
826 5725 936 5788 robore
957 5741 1099 5805 33313311-

399 5941 428 5998 11)
443 5941 480 5984 lix
493 5941 597 5998 Regent.
613 5939 640 5988 in
655 5938 728 5986 arcu.
744 5941 816 5986 Brev.

1154 5077 1264 5156 plicam
1286 5077 1425 5140 libellum
1441 5078 1528 5138 uobis
1542 5094 1635 5156 super
1650 5080 1707 5141 boc
1722 5089 1900 5158 porrectum

1154 5170 1188 5230 ad
1211 5169 1490 5246 congregationem
1513 5170 1779 5250 infrascriptarum
1799 5174 1901 5236 Catuli-

1154 5263 1272 5326 nalium
1288 5263 1525 5341 remisissemus)
1539 5263 1601 5344 ipsa
1614 5264 1819 5342 Congregatio
1831 5265 1900 5329 Car-

1154 5357 1303 5419 diualium
1325 5357 1435 5418 dilecto
1457 5359 1550 5418 etiam
1566 5358 1628 5419 lilio
1644 5359 1792 5435 magistro
1808 5374 1903 5435 gene-

1155 5450 1208 5510 rali
1231 5450 1302 5511 dicti
1323 5449 1446 5512 Ordinis
1471 5452 1626 5529 rescripsit
1647 5467 1702 5529 pro
1724 5452 1901 5514 omnimoda

1154 5543 1346 5603 observantia
1368 5545 1563 5606 decreturum
1585 5543 1792 5622 capitulorum
1809 5561 1901 5621 gene·

1155 5634 1266 5696 iulium
1290 5642 1352 5696 tam
1373 5635 1406 5697 in
1427 5637 1606 5698 imminenti
1629 5653 1720 5715 quam
1742 5637 1771 5698 in
1788 5637 1854 5699 aliis
1868 5639 1900 5698 in

1154 5725 1295 5787 loturum
1317 5726 1497 5805 peragendis
1518 5728 1731 5791 electionibus.
