4866 6980
310 476 364 530 An.
379 479 408 532 O.
430 479 499 532 lesa
549 481 588 544 60

321 3507 403 3554 causa
416 3507 508 3556 constt-

294 3560 412 3607 tutionis.

528 632 584 679 suo
606 616 717 679 robore
737 618 959 696 permansuris,
979 621 1013 682 ad
1036 621 1276 700 praemissorum

527 709 685 784 ellectum,
698 709 752 772 trac
774 709 842 772 vice
865 711 1036 787 dumtaxat,
1052 713 1225 792 specialiter
1246 722 1276 776 et

528 817 673 880 expresse
694 801 890 880 derogamus;
922 805 1094 884 ceterisque
1115 807 1277 868 contrariis
1308 877 1309 880 Ἴ

529 894 788 974 quibuscumque.

535 1018 539 1024 ·
568 987 680 1050 Oatum
694 989 821 1065 Romae,
835 991 913 1068 apud
930 990 963 1054 S.
976 991 1103 1054 Mariam
1117 992 1274 1068 tiatorem,

527 1082 585 1143 sub
611 1082 729 1144 annulo
756 1082 927 1159 Piscatorts,
954 1085 1004 1148 die
1019 1101 1075 1146 vn.
1092 1087 1277 1164 septembris

528 1189 747 1250 nuouxxxnr„
769 1176 966 1254 pontificatus
988 1178 1086 1240 nostri
1107 1193 1190 1240 anno
1212 1195 1267 1240 vn.

782 1335 1021 1346 --.—...-—..

848 1458 955 1522 XVIII.

530 1641 679 1706 Concedit
703 1641 952 1724 congregationi
973 1645 1119 1709 Scenicne
1145 1644 1275 1708 Ordinis

569 1733 682 1798 Sancti
703 1737 869 1800 Benedicti
891 1738 1061 1818 privilegia
1085 1740 1193 1800 onitin
1213 1739 1276 1815 spi·

563 1829 710 1892 'ritnntin
731 1837 909 1892 ceterorum
931 1830 1162 1894 inonnctiornrn
1178 1830 1241 1914 (l),

704 1998 957 2068 innocentius
980 2001 1039 2068 ΡΡ.
1062 2001 1119 2072 xl..

661 2121 698 2188 ad
724 2122 854 2190 tulmen
888 2124 931 2190 rei
955 2124 1141 2191 -nenortam

567 2297 726 2362 Militantis
749 2298 902 2360 Ecclesiae
923 2299 1070 2375 regimini
1095 2315 1150 2377 per
1171 2299 1276 2361 insita·

527 2391 621 2454 bilem
637 2391 760 2453 divinae
775 2391 921 2454 bonitatis
939 2392 1171 2468 abundaanm,
1188 2392 1275 2455 nullo

527 2485 597 2546 licet
617 2484 805 2546 meritorum
826 2493 1006 2546 nostrorum
1020 2485 1176 2562 suliragIo,
1190 2501 1276 2565 prae-

525 2577 676 2650 sidentes,
711 2575 930 2653 reIIgtosorum
958 2579 1099 2640 virorum
1124 2578 1274 2640 atltIssimi

525 2669 679 2748 obsequiis
700 2669 758 2730 sub
779 2667 866 2730 suavi
889 2670 1079 2733 monasticae
1100 2671 1180 2732 vitae
1202 2671 1274 2748 iugo

525 2762 789 2842 mauctpatorum,
812 2763 988 2842 uberesque
1008 2763 1041 2825 in
1067 2763 1199 2826 Ecclesia
1221 2765 1274 2826 ltei

526 2854 656 2930 tructus,
679 2853 855 2933 adspirante
876 2857 1004 2933 superni
1020 2855 1132 2918 tavoris
1146 2857 1272 2933 auxilio,

526 2948 676 3028 proficere
704 2947 819 3025 ingiter
846 2949 1072 3026 satagentium,
1105 2949 1275 3011 commodis

525 3047 557 3102 et
575 3039 716 3102 laticibus
731 3041 763 3102 in
778 3039 828 3101 via
839 3042 1057 3104 mandatorum
1068 3041 1191 3104 Domini
1206 3058 1275 3121 pro-

525 3133 680 3210 gressibus
695 3131 830 3194 libenter
844 3133 1048 3209 consulimus,
1064 3136 1143 3198 sicut
1157 3137 1194 3198 ad
1208 3151 1275 3196 om·

526 3225 697 3306 nipotentis
728 3226 782 3288 Ilei
813 3226 958 3303 gloriam,
987 3227 1147 3305 religionis
1174 3229 1275 3291 incre-

480 3373 482 3376 .
526 3328 682 3396 mentum,
705 3327 736 3382 et
757 3320 933 3384 animarum
947 3321 1079 3384 salutern
1095 3323 1127 3384 in
1142 3323 1273 3386 Domino

525 3413 672 3492 expedire
692 3413 890 3476 arbitramur.

567 3513 586 3587 ἓ
609 3511 636 3574 t.
660 3511 781 3589 Expont
802 3511 955 3590 siquidem
975 3512 1064 3574 nobIs
1079 3529 1181 3593 nuper
1195 3515 1272 3578 iece-

527 3617 602 3671 runt
623 3606 726 3669 ditecti
747 3605 803 3667 litii
826 3605 1001 3684 alphonsus
1016 3607 1105 3669 abbas
1120 3616 1273 3672 monaste·

526 3703 563 3764 rii
582 3700 827 3776 WetngartensIs
852 3701 890 3761 de
908 3701 1062 3778 praesenti
1084 3701 1271 3780 praesidens,

525 3813 558 3858 ac
569 3794 664 3856 ceteri
679 3793 801 3854 abbates
815 3800 846 3854 et
861 3793 1003 3855 monachi
1017 3795 1273 3871 congregauonis

526 3888 673 3953 Svevicae
694 3886 726 3947 in
752 3885 916 3947 Germanii
943 3885 1066 3949 Ordinis
1093 3887 1196 3950 Sancti
1217 3889 1272 3950 lte-

525 3979 652 4054 nedioti,
684 3977 777 4056 quod,
805 3993 876 4040 cum
897 3978 931 4039 in
960 3979 1155 4040 monasteriis
1176 3979 1274 4042 dictae

525 4071 782 4149 Congregationis
809 4071 910 4132 studIa
938 4072 1084 4134 continua
1111 4071 1270 4148 litteraria,

525 4165 611 4228 zetus
632 4164 809 4226 animarum
831 4171 863 4226 et
885 4163 1003 4226 labores
1018 4165 1051 4228 in
1065 4165 1155 4227 vinei
1170 4167 1274 4228 Domi-

525 4259 570 4332 ni,
597 4258 651 4336 qui
679 4273 744 4319 non
769 4263 892 4320 tantum
916 4255 951 4317 ad
973 4258 1220 4321 concionandum
1242 4267 1273 4321 et

526 4351 665 4412 tideltum
691 4350 899 4411 confessiones
924 4349 1046 4412 assidue
1066 4351 1271 4430 excipiendas,

525 4443 727 4521 obeundaque
749 4443 862 4519 passim
889 4458 982 4504 onera
1004 4443 1197 4521 parochiana,
1220 4446 1272 4507 sed

525 4535 675 4597 etiamad
698 4535 877 4610 haereticos,
900 4535 954 4613 qui
976 4551 1039 4596 non
1061 4551 1131 4596 raro
1146 4553 1179 4597 se
1200 4537 1274 4598 otle-

526 4636 612 4703 runt,
636 4629 670 4690 ad
694 4627 785 4688 sidem
807 4628 987 4690 catholicam
1001 4631 1226 4690 convertendos
1241 4647 1273 4691 se

524 4723 710 4796 extendunt,
733 4721 938 4782 benedicente
960 4721 1110 4796 nomino,
1134 4723 1271 4798 vigeant,

525 4816 583 4894 ipsi
614 4824 817 4894 exponentes,
841 4814 930 4876 utin
958 4814 1134 4876 huiusmodi
1164 4815 1221 4892 pits
1242 4822 1273 4876 et

525 4908 709 4970 salutaribus
723 4908 868 4985 operibus
886 4906 1091 4968 terventtores
1106 4915 1136 4968 et
1149 4907 1273 4970 alacrio-

525 5020 574 5064 res
595 5003 631 5063 ad
653 5003 749 5065 divini
771 5001 907 5062 nominis
935 5001 1058 5063 laudem
1079 5011 1109 5064 et
1131 5001 1271 5078 gloriam,

525 5097 689 5157 haeresum
712 5095 961 5173 extirpationem,
979 5101 1010 5156 et
1030 5103 1152 5156 sanctae
1168 5096 1273 5155 matrts

525 5189 682 5250 Ecclesiae
692 5188 913 5250 exaltationem
928 5187 966 5248 de
980 5193 1082 5248 cetero
1096 5188 1271 5265 persistant,

525 5282 699 5361 plurimum
731 5281 876 5359 cupiunt,
910 5296 966 5360 pro
998 5280 1107 5342 maiori
1135 5279 1273 5358 ipsorum

525 5376 787 5439 monasteriorum
818 5376 982 5455 splendore
1003 5381 1033 5436 et
1062 5376 1182 5447 decoro,
1212 5374 1274 5452 pri-

524 5469 637 5545 vilegia
670 5470 927 5547 congregationis
959 5468 1170 5542 (laminensis,
1200 5467 1272 5528 altas

525 5563 556 5626 S.
581 5562 716 5624 Iustinae
735 5564 773 5626 de
795 5564 909 5637 Padua,
933 5571 963 5626 et
983 5561 1114 5626 aliarum
1137 5563 1271 5637 Congre-

566 5805 595 5860 tl)
611 5807 647 5848 Ex
663 5805 765 5860 Regest.
783 5805 808 5848 tn
824 5806 899 5850 Arcti.
915 5809 986 5850 Brev.
1010 5793 1112 5851 Similia
1131 5806 1270 5863 privilegien
1295 5816 1300 5924 Ι

524 5883 645 5916 covrcessa
659 5869 766 5917 suerunt
781 5871 915 5918 rnouactrts
926 5873 1141 5930 Corrgregattouis
1152 5875 1270 5920 bauvari-

1032 503 1115 549 'lum
1139 503 1231 549 PON'I'.
1255 504 1295 548 nn
1316 504 1345 548 1³.
1369 504 1398 550 F·
1423 506 1506 552 PARS
1528 505 1549 550 1.

1333 622 1494 700 gatianum
1521 623 1592 685 dicti
1624 621 1757 699 Ordinis,
1780 622 1895 686 eisdem
1924 631 2081 688 monaste-

1332 715 1385 776 riis
1416 731 1454 776 ex
1485 716 1578 778 huius
1614 715 1742 780 Sanctae
1774 715 1860 779 Sedis
1881 717 2080 795 ‚apostolicae

1332 808 1526 885 indulgenda
1557 809 1757 890 communiri.
1795 809 1888 892 Nobis
1918 817 2078 890 propterea

1332 899 1494 962 humiliter
1524 900 1689 980 supplicari
1726 899 1890 976 iecerunt,
1926 907 2079 980 quatenus

1332 993 1526 1055 monasteriis
1547 992 1705 1072 praetatis,
1734 1011 1767 1056 ac
1788 993 1855 1056 aliis
1881 994 1978 1058 dione
2000 994 2079 1058 Gon·

1333 1086 1506 1162 gregationi
1528 1086 1676 1150 Svevicae
1697 1087 1729 1148 in
1752 1087 1897 1151 loturum
1911 1104 2079 1166 aggregan-

1332 1179 1389 1254 dis,
1413 1179 1601 1258 litorumque
1629 1180 2079 1259 praesidentibus,visitatori·
2106 1247 2107 1252 ,

1308 1351 1309 1354 ¹
1333 1271 1400 1347 bus,
1423 1273 1592 1348 abbatibus,
1608 1273 1768 1336 monacbis
1783 1281 1814 1335 et
1829 1274 1981 1353 personis,
1994 1289 2079 1354 prae·

1332 1365 1472 1427 sentibus
1493 1373 1525 1428 et
1546 1365 1671 1441 luturts,
1687 1373 1723 1428 ut
1743 1366 1889 1430 omnibus
1902 1375 1935 1431 et
1947 1367 2080 1445 singulis

1332 1457 1503 1536 privilegiis
1532 1467 1562 1520 et
1595 1458 1724 1522 tnduItIs
1748 1459 1968 1538 spiritualibus
1996 1477 2080 1539 prae·

1333 1549 1411 1612 latae
1422 1551 1677 1628 congregationis
1689 1552 1888 1630 cassinensis,
1901 1553 1974 1616 aliais
1986 1554 2018 1620 S.
2032 1555 2079 1618 tu-

1332 1644 1431 1708 stinae
1452 1644 1490 1706 de
1510 1645 1622 1721 Padua,
1646 1651 1677 1707 et
1697 1645 1764 1707 aliis
1780 1645 2080 1724 congregationibus

1333 1737 1471 1800 etusdem
1489 1737 1621 1814 Ordinis,
1637 1755 1670 1800 ac
1685 1737 1806 1802 illarum
1822 1739 2077 1817 praesidentibus,

1333 1831 1560 1906 visitatoribus,
1593 1831 1770 1908 abbatibus,
1802 1832 2014 1912 superioribus
2049 1844 2080 1898 et

1333 1924 1501 1999 monachis,
1524 1941 1558 1986 ac
1578 1925 1717 2002 personis
1739 1925 1998 2005 quibuscumque,
2015 1927 2082 1990 ttla·

1332 2032 1467 2095 rumque
1501 2018 1637 2080 ecclesiis
1668 2026 1699 2081 et
1732 2020 1945 2096 monasteriis,
1985 2021 2079 2084 etiam

1332 2127 1387 2189 per
1404 2112 1486 2174 viam
1509 2113 1797 2175 communicationis
1811 2113 1862 2176 vel
1876 2115 2077 2190 extensionis,

1331 2212 1384 2266 aut
1415 2205 1487 2266 alias
1519 2203 1750 2282 quomodolibet
1781 2221 1836 2286 per
1866 2223 2080 2286 quoscumque

1332 2297 1486 2360 Romanos
1507 2298 1671 2360 Pontifices
1694 2301 1939 2378 praedecessores
1958 2309 2079 2363 nostros

1332 2391 1480 2453 ucetiam
1502 2407 1557 2470 per
1578 2407 1634 2454 nos
1656 2391 1805 2454 concessis
1827 2399 1858 2454 et
1879 2392 1912 2454 in
1934 2391 2078 2457 futurum

1331 2483 1548 2558 concedendis,
1564 2501 1597 2545 ac
1619 2485 1732 2563 quibus
1747 2485 1927 2547 earumdem
1943 2487 2079 2563 Congre-

1325 2576 1494 2654 gationum
1515 2577 1653 2652 abbates,
1675 2577 1851 2656 superlores
1872 2585 1902 2641 et
1923 2580 2077 2654 monachi,

1331 2685 1454 2732 necnon
1476 2670 1620 2732 ecclesiae
1641 2676 1671 2732 et
1693 2671 1879 2733 monasteria
1901 2671 2078 2734 butusmodi

1331 2763 1369 2825 de
1383 2763 1463 2839 iure,
1476 2779 1535 2825 usu
1550 2771 1581 2825 et
1595 2763 1830 2839 consuetudine,
1849 2764 2012 2843 privilegio
2026 2771 2079 2828 aut

1331 2857 1528 2918 concessione
1554 2855 1735 2935 apostolica,
1764 2856 1796 2918 in
1828 2872 1945 2934 genere
1973 2857 2024 2919 vel
2045 2857 2076 2919 in

1330 2948 1442 3028 specie,
1465 2966 1498 3011 ac
1519 2957 1582 3010 tam
1606 2949 1800 3012 coniunctim
1827 2965 1921 3028 quam
1942 2950 2078 3024 divisim,

1329 3057 1384 3102 seu
1405 3042 1477 3103 altas
1498 3041 1730 3120 quomodolibet
1745 3050 1891 3120 utuntur,
1914 3042 2076 3121 lruuntur,

1330 3134 1495 3213 pettuntur
1516 3142 1548 3198 et
1576 3135 1725 3212 gaudent,
1748 3153 1782 3198 ac
1803 3137 1866 3212 uti,
1888 3137 1962 3212 Irui,
1984 3138 2077 3216 potiri

1329 3235 1360 3290 et
1382 3231 1516 3306 gaudere
1539 3236 1667 3308 possunt
1681 3236 1711 3291 et
1727 3237 1885 3308 poterunt,
1908 3230 2076 3294 dummodo

1329 3329 1434 3384 tamen
1462 3323 1526 3385 sint
1548 3324 1580 3386 in
1602 3341 1671 3400 usu,
1695 3339 1753 3386 neo
1781 3330 1921 3388 revocata
1946 3333 1999 3388 aut
2020 3327 2078 3388 sub

1329 3416 1401 3479 allis
1422 3417 1670 3482 revocationibus
1685 3418 1907 3498 comprehensa
1929 3419 2074 3496 existant,

1328 3528 1432 3590 neque
1451 3513 1545 3574 sacrIs
1566 3513 1735 3574 canonibus
1750 3519 1781 3574 et
1798 3512 1927 3576 concilii
1950 3512 2077 3576 Triden-

1328 3606 1387 3667 tini
1402 3605 1533 3668 decretis
1547 3613 1600 3669 aut
1614 3607 1886 3668 constitutionibus
1905 3606 2076 3685 apostolicis

1329 3705 1519 3778 repugnent,
1528 3701 1591 3778 pari
1604 3701 1695 3762 modo
1707 3699 1765 3775 uti,
1774 3699 1847 3775 lrui,
1858 3701 1949 3779 potiri
1961 3707 1992 3762 et
2003 3717 2078 3778 gau·

1328 3793 1400 3854 dere
1416 3793 1549 3867 valeant,
1566 3799 1725 3870 perpetuo,
1741 3793 1909 3854 concedere
1924 3799 1956 3854 et
1975 3794 2078 3857 indul-

1328 3899 1403 3962 gere
1417 3886 1455 3947 de
1469 3883 1661 3960 benignitate
1682 3885 1843 3962 apostotici
1860 3887 2074 3963 dignaremur.

1368 3978 1437 4051 §E
1462 3976 1523 4038 Itos
1545 3976 1656 4053 igitur,
1685 3977 1765 4056 ipsos
1793 3986 1984 4057 exponentes
2008 3997 2075 4059 spe·

1328 4069 1455 4131 cialibus
1482 4069 1639 4131 favoribus
1664 4076 1694 4130 et
1716 4069 1823 4146 gratiis
1851 4071 1995 4151 prosequi
2023 4089 2074 4134 vo-

1329 4162 1440 4237 lentes,
1456 4167 1487 4223 et
1498 4176 1608 4223 eorum
1629 4162 1803 4239 singulares
1818 4178 1963 4240 personas
1977 4181 1993 4225 a
2008 4166 2074 4244 qut·

1328 4255 1434 4316 busvis
1454 4255 1794 4330 excommunicationis,
1817 4255 2029 4334 suspensionis
2044 4265 2075 4320 et

1329 4347 1497 4423 interdicti,
1515 4347 1645 4426 abtsque
1665 4347 1876 4409 ecclesiasttciS
1896 4350 2073 4426 sententiis,

1328 4441 1466 4502 censuris
1488 4447 1518 4502 et
1540 4442 1657 4519 poenis,
1681 4457 1696 4498 a
1719 4441 1787 4502 ture
1808 4441 1858 4502 vel
1879 4441 1916 4503 ab
1935 4443 2072 4519 bonrine,

1328 4534 1436 4612 quavis
1457 4533 1616 4594 occasione
1637 4533 1687 4594 vel
1708 4535 1797 4596 causi
1820 4535 1898 4610 tatis,
1921 4535 2074 4616 siquibus

1328 4625 1560 4704 quomodolibet
1582 4625 1748 4686 innodatae
1766 4627 1918 4704 existunt,
1934 4629 1969 4690 ad
1987 4630 2074 4692 ellec-

1331 4726 1398 4780 tum
1410 4718 1620 4796 praesentium
1636 4719 1796 4781 dumtaxat
1807 4723 2071 4800 consequendum,

1329 4813 1439 4872 Irarum
1459 4812 1540 4872 serie
1565 4811 1760 4873 absolventes
1781 4819 1812 4874 et
1836 4814 1988 4876 absolutas
2010 4815 2075 4878 iore

1328 4911 1507 4978 censentes,
1531 4903 1708 4966 huiusmodi
1733 4907 2008 4984 supplicationibus
2029 4911 2076 4972 in-

1328 4997 1450 5071 clinati,
1479 4998 1517 5058 tte
1544 4997 1773 5060 venerabiIIum
1801 4998 1934 5062 tranum
1955 5010 2076 5064 nostro-

1329 5107 1401 5151 rum
1433 5089 1819 5154 subcontrarium
1848 5094 1978 5156 Consilii
2008 5097 2076 5158 'Irt-

1329 5185 1448 5247 dentini
1476 5185 1701 5264 interpretum,
1723 5187 1776 5264 qui
1803 5185 1958 5250 dilectum·
1974 5190 2074 5253 Irtium

1328 5286 1559 5356 procuratorem
1592 5280 1770 5356 generalem
1805 5281 1903 5343 dintae
1938 5283 2076 5360 (tongre-

1329 5379 1460 5454 gationis
1482 5377 1671 5438 Cassinensis
1700 5380 1905 5458 audiverunt,
1928 5385 2073 5460 consilto,

1328 5471 1478 5549 praelatae
1500 5472 1757 5549 congregationis
1773 5473 1930 5550 Svevicae,
1947 5477 2076 5556 eiusque

1329 5565 1533 5642 praesidenti,
1564 5567 1722 5628 abbatibus
1743 5575 1775 5630 et
1795 5569 1971 5646 monacbis,
1994 5579 2075 5632 cele·

1325 5819 1370 5852 cae
1384 5809 1417 5854 ab
1433 5787 1583 5853 lrrnocerrtIo
1598 5811 1649 5853 xil.
1667 5811 1750 5854 const.
1765 5821 1881 5864 annexes,
1896 5811 1938 5856 dte
1955 5813 1977 5854 il
1993 5823 2074 5868 augu-

1325 5875 1369 5930 stt,
1384 5878 1453 5933 pont.
1469 5887 1485 5920 1.

2110 485 2165 540 Aa.
2179 488 2212 542 O.
2233 487 2308 540 losa

2112 3995 2243 4041 concessio
2258 3998 2312 4054 prt-

2094 4047 2256 4106 vilegiorum.
