4866 6980
338 547 393 600 An.
408 548 438 600 O.
459 547 527 600 1682
578 547 618 608 56

558 679 710 756 generalis
736 679 839 740 literas
860 683 1000 756 patentes
1026 675 1216 750 huiusmodi,
1241 689 1302 753 quo

558 773 677 834 tirmius
703 771 871 834 subsistant
901 776 932 832 et
959 777 1126 831 serventur
1153 767 1301 840 exactius,

557 864 737 943 apostolicae
762 863 1007 926 confirmationis
1028 870 1151 924 nostrae
1175 860 1304 939 patroci-

557 959 609 1019 nio
624 958 813 1019 communiri
835 957 1007 1035 plurimum
1028 954 1198 1030 desideret3
1216 953 1304 1016 nobis

556 1057 718 1128 propterea
739 1051 832 1112 etiam
848 1057 1093 1112 memoratorum
1114 1047 1232 1126 losepbi
1246 1046 1303 1108 mi·

556 1143 647 1204 nistri
670 1143 822 1220 generalis
843 1151 874 1205 et
895 1141 1024 1204 Antonii
1045 1141 1152 1215 Linaz,
1175 1140 1303 1216 eiusque

555 1236 710 1298 sociorum
721 1236 985 1297 missionariorum
1000 1234 1128 1298 nomine
1141 1231 1304 1294 humiliter

555 1330 721 1411 supplicari
743 1330 824 1406 lecit,
841 1337 876 1391 ut
891 1330 924 1390 iu
936 1327 1109 1406 praemissis
1130 1332 1303 1405 opportune

556 1427 719 1505 providere
739 1432 782 1500 et,
806 1431 840 1484 ut
861 1421 953 1496 inira,
977 1421 1142 1496 indulgere
1158 1421 1196 1480 de
1216 1417 1303 1479 beni·

558 1521 676 1598 gnitate
697 1516 861 1594 apostolica
882 1515 1099 1591 dignaremur3
1129 1527 1186 1573 nos
1208 1510 1304 1586 igitur

558 1615 625 1675 illos
645 1610 828 1690 specialibus
849 1607 1005 1670 favoribus
1022 1613 1053 1667 et
1075 1605 1180 1682 gratiis
1201 1617 1304 1681 prose·

558 1708 611 1786 qui
632 1705 784 1777 volentes,
807 1710 837 1764 et
864 1719 974 1764 eorum
999 1701 1173 1778 singulares
1201 1711 1302 1775 perso·

558 1817 612 1862 nas
639 1817 654 1860 a
681 1796 841 1877 quibusvis
872 1794 1223 1867 excommunicationis,
1253 1812 1302 1856 su·

557 1891 729 1971 sponsionis
750 1897 781 1952 et
808 1889 980 1964 interdicti,
1007 1889 1136 1966 aliisquo
1164 1888 1303 1950 ecclesia·

557 1987 642 2050 sticis
661 1986 836 2058 sententiis,
852 1985 993 2046 censuris
1013 1989 1044 2044 et
1065 1983 1214 2060 poenis,a
1235 1981 1303 2042 iure

558 2081 608 2144 vel
619 2081 656 2142 ab
667 2079 804 2152 bomine,
817 2078 924 2155 quavis
936 2075 1150 2138 occasionevel
1163 2075 1251 2136 causa
1262 2073 1304 2134 la-

558 2176 610 2250 tis,
625 2175 649 2236 si
665 2173 777 2251 quibus
791 2169 1024 2250 quomodolibet
1038 2169 1201 2229 innodatae
1226 2166 1303 2228 exis·

558 2273 649 2339 tunt,
676 2265 711 2326 ad
737 2264 881 2326 ellectum
907 2261 1118 2340 praesentium
1144 2261 1303 2322 dumtaxat

557 2359 822 2436 consequendum,
838 2357 950 2416 barum
961 2354 1042 2415 serie
1057 2353 1251 2415 absolventes
1272 2359 1303 2412 et

557 2453 710 2514 absolutas
725 2451 790 2511 lore
804 2455 978 2522 censentes
994 2447 1173 2508 huiusmodi
1188 2447 1302 2525 suppli-

557 2543 728 2607 cationibus
760 2539 919 2614 inclinati,
946 2539 1149 2618 praeinserlas
1176 2539 1302 2617 praelati

557 2637 675 2716 loseplri
699 2633 833 2696 ministri
856 2633 1009 2709 generalis
1038 2640 1178 2711 patentes
1199 2632 1303 2694 literas

555 2747 627 2794 cum
649 2729 793 2790 omnibus
808 2735 839 2788 el
859 2725 993 2802 singulis
1015 2727 1046 2787 in
1070 2726 1112 2785 e's
1133 2725 1301 2799 contentis,

556 2823 738 2886 auctoritate
762 2820 924 2899 apostolici
948 2826 1056 2880 tenore
1077 2819 1300 2896 praesentium,

557 2918 777 2978 confirmamus
797 2919 829 2974 et
855 2911 1076 2990 approbamus,
1107 2911 1229 2989 illisque
1257 2911 1302 2970 in·

557 3007 709 3070 violabilis
729 3005 911 3084 apostolicae
938 3003 1091 3066 lirmilatis
1113 3004 1209 3064 robur
1229 3004 1302 3065 adii-

557 3103 668 3176 cimus,
690 3117 724 3160 ao
744 3115 852 3159 omnes
874 3105 905 3158 et
925 3097 1067 3174 singulos
1089 3097 1164 3158 iuris
1186 3107 1216 3158 et
1232 3097 1302 3158 lacti

557 3195 706 3268 deletion,
727 3193 752 3252 si
773 3191 826 3269 qui
851 3193 983 3268 desuper
1004 3189 1235 3268 quomodolibet
1257 3192 1304 3250 in·

559 3287 765 3360 tervenerint,
787 3285 980 3363 supplemus.

381 3400 538 3445 conventum
598 3381 665 3458 §b
691 3381 848 3441 Praeterea
876 3375 1018 3455 praelatis
1044 3377 1179 3437 Antonio
1208 3377 1303 3438 Linaz

326 3451 447 3498 concedit.

352 4055 493 4103 clausolae.

557 3477 686 3552 eiusque
696 3473 785 3534 sociis
796 3470 996 3532 missionariis
1007 3469 1216 3547 supradictum
1232 3485 1303 3531 con·

559 3576 690 3630 ventum
720 3565 751 3628 S.
776 3563 882 3626 Crucis
908 3565 945 3624 de
966 3564 1133 3637 Queretaro
1161 3566 1197 3624 ad
1225 3565 1303 3626 dues

558 3671 589 3725 et
609 3661 736 3724 ellectus
750 3660 782 3720 in
798 3658 912 3719 eisdem
935 3656 1032 3717 literis
1054 3657 1230 3734 patentibus
1252 3674 1304 3718 ex-

557 3771 693 3836 pressos,
722 3769 756 3815 ac
776 3767 849 3815 cum
876 3749 1104 3813 conditionibus
1126 3757 1157 3812 et
1182 3751 1302 3812 ordina-

557 3848 692 3911 tionibus
714 3848 745 3908 in
773 3847 816 3908 eis
837 3844 1008 3918 contentis,
1038 3841 1145 3906 eidem
1172 3845 1304 3906 auctori-

558 3948 619 4003 tate
639 3941 750 4002 barum
771 3939 850 4000 serie
870 3937 1071 4014 assignamus.

597 4035 665 4109 §ln
690 4034 898 4094 decernentes
927 4030 1004 4108 ipsas
1032 4037 1207 4107 praesentes
1235 4031 1303 4093 lite-

557 4145 604 4188 ras
629 4141 752 4204 semper
767 4125 881 4199 drmas,
905 4123 1018 4185 validas
1033 4131 1064 4184 et
1079 4123 1214 4186 efficaces
1239 4124 1303 4185 exi·

555 4229 637 4282 sture
657 4227 688 4281 el
703 4219 780 4294 iore,
796 4233 929 4295 suosque
951 4215 1104 4295 plenarios
1119 4223 1150 4278 et
1164 4217 1302 4293 integros

555 4313 681 4375 edectus
708 4311 812 4374 sortiri
840 4317 871 4372 et
899 4309 1059 4385 obtinere,
1092 4327 1126 4371 ac
1156 4309 1233 4384 illis,
1265 4311 1302 4372 ad

555 4422 632 4484 quos
653 4411 767 4484 spectat
792 4411 823 4465 et
846 4420 902 4482 pro
924 4410 1063 4481 temporo
1087 4403 1246 4480 spectabit,
1269 4402 1301 4464 in

454 4574 465 4586 ⁶
555 4498 699 4560 omnibus
721 4505 752 4559 et
776 4497 957 4573 peremnia
986 4497 1165 4574 plenissime
1195 4496 1303 4558 salira-

556 4591 636 4669 gari;
669 4591 775 4668 sicque
802 4590 835 4650 in
864 4589 1038 4667 praemissis
1060 4605 1115 4668 per
1138 4605 1303 4668 quoscum-

555 4699 616 4762 que
644 4684 760 4746 iudices
794 4681 965 4744 ordinarios
996 4689 1026 4742 et
1054 4681 1224 4757 delegatos,
1257 4689 1302 4744 et·

555 4778 616 4838 iam
638 4791 799 4838 causarum
820 4774 923 4854 palatii
952 4774 1109 4854 apostolici
1135 4774 1301 4850 auditores,

555 4869 683 4932 iudicari
704 4876 735 4929 et
760 4867 882 4930 deliniri
916 4867 1038 4942 debere,
1060 4883 1095 4928 ac
1125 4867 1250 4929 irritum
1272 4873 1302 4928 et

555 4963 649 5024 inane
662 4961 688 5023 si
706 4978 793 5024 secus
807 4975 902 5038 super
915 4959 963 5021 bis
978 4977 994 5020 a
1008 4975 1178 5038 quoquam,
1194 4959 1303 5038 quavis

554 5055 748 5129 auctoritate,
769 5054 905 5116 scienter
926 5053 976 5114 vel
997 5053 1189 5129 ignoranter,
1206 5052 1302 5115 conti-

556 5149 635 5226 gerit
657 5147 813 5209 attentari.

346 5265 535 5312 contrariorum
596 5243 614 5317 5
635 5241 664 5302 5.
688 5240 758 5302 Non
778 5239 970 5302 obstantibus
984 5241 1171 5319 praemissis,
1184 5256 1218 5302 ac
1231 5255 1302 5302 oon-

323 5319 464 5376 derogatio.

555 5334 768 5396 stitutionibus
791 5341 824 5396 et
848 5333 1096 5395 ordinationibus
1120 5333 1301 5412 apostolicis,

556 5443 693 5490 necnon
715 5425 892 5505 provinciae
911 5433 942 5487 et
963 5433 1138 5488 conventus
1159 5442 1192 5487 ac
1217 5425 1305 5488 Ordi-

597 5654 626 5707 (l)
642 5653 679 5696 lix
693 5653 754 5707 lteg.
766 5650 841 5696 dreia.
853 5653 924 5695 Brev.
940 5652 974 5694 De
987 5649 1144 5708 quibusdam
1155 5651 1302 5694 controver-

556 5718 603 5764 siis
618 5718 645 5762 in
660 5717 793 5775 provincia
808 5721 831 5761 S.
844 5717 949 5762 Antonii
960 5717 1017 5762 vide
1028 5717 1168 5762 Clementis
1179 5720 1207 5761 X.
1217 5719 1299 5762 const.

556 5785 594 5830 ed.
610 5796 756 5838 1111111111,
771 5783 813 5829 die
829 5787 853 5828 18
868 5785 940 5838 maii,
961 5788 1030 5841 pout.
1047 5797 1094 5838 111,
1108 5795 1124 5829 e
1145 5795 1196 5841 quo
1217 5783 1301 5829 Ponti-

557 5851 603 5896 1111
617 5855 704 5896 erecte
720 5851 769 5896 luit
779 5851 912 5908 provincia
923 5852 1110 5896 immaculatae
1121 5851 1300 5908 conceptionis

555 5921 636 5966 const.
647 5919 685 5963 ed.
698 5929 840 5974 1111111111,
855 5917 896 5963 die
913 5919 937 5962 15
952 5917 1019 5974 iulii,
1034 5920 1103 5975 pont.
1120 5927 1164 5964 vn:
1179 5919 1301 5976 abrogati

1077 558 1142 603 ltin·
1167 556 1258 602 PONT·
1282 555 1323 602 DE
1344 556 1373 602 P·
1398 556 1427 602 F.
1451 556 1534 604 PARS
1556 557 1577 604 l.

1358 674 1406 735 nis
1434 663 1654 752 praelatorum,
1677 676 1769 738 etiam
1791 675 1977 751 iuramento,
1993 677 2105 740 condr-

1358 768 1494 830 matione
1507 769 1681 848 apostolici,
1697 769 1747 832 vel
1762 769 1868 848 quavis
1883 770 2030 833 tirmitate
2048 769 2105 832 alta

1358 861 1519 936 roboratis,
1541 863 1665 924 statutis
1686 869 1718 924 et
1738 863 2026 939 consuetudinibus
2042 864 2105 942 pri·

1359 953 1482 1030 vilegiis
1501 971 1637 1034 quoque,
1660 955 1789 1030 indultis
1810 963 1841 1018 et
1862 955 1959 1020 literis
1986 965 2103 1035 aposto

1358 1047 1423 1110 licis
1445 1047 1478 1109 in
1499 1049 1691 1110 contrarium
1712 1049 1952 1127 praemissorum
1974 1065 2103 1128 quomo-

1358 1139 1473 1202 dolibet
1494 1141 1658 1214 concessis,
1679 1141 1869 1204 confirmatis
1890 1149 1922 1204 et
1936 1143 2101 1205 innovatis.

1357 1232 1473 1307 Quibus
1487 1234 1633 1296 omnibus
1647 1241 1678 1296 et
1691 1234 1824 1310 singulis
1838 1234 1966 1297 illorum
1981 1242 2104 1298 tenores

1358 1327 1569 1404 praesentibus
1591 1343 1645 1404 pro
1668 1327 1760 1404 plene
1787 1335 1818 1388 et
1838 1328 2028 1390 sufficienter
2052 1347 2104 1390 ex-

1358 1419 1468 1496 pressis
1483 1435 1517 1480 ac
1538 1419 1575 1482 de
1597 1419 1692 1481 verbo
1705 1420 1741 1480 ad
1756 1419 1890 1482 verbum
1911 1420 2035 1483 insertis
2053 1423 2105 1484 lra-

1359 1511 1476 1585 bontes,
1503 1510 1564 1572 illis
1591 1511 1663 1573 aliis
1684 1511 1716 1573 in
1738 1526 1794 1573 suo
1822 1513 1932 1574 robore
1961 1529 2104 1592 perman·

1357 1603 1449 1678 suris,
1472 1603 1508 1662 ad
1530 1604 1769 1680 praemissorum
1788 1604 1945 1681 ellectum,
1961 1606 2016 1667 trac
2037 1607 2105 1670 vice

1358 1697 1529 1770 dumtaxat,
1555 1696 1727 1774 specialiter
1753 1703 1784 1757 et
1808 1713 1952 1776 expresse
1979 1700 2106 1776 deroga-

1359 1804 1444 1864 mus;
1467 1789 1640 1866 ceterisque
1660 1789 1821 1850 contrariis
1842 1791 2101 1872 quibuscumque.

1398 1882 1511 1944 batum
1532 1882 1646 1943 Romae
1667 1881 1747 1960 apud
1769 1883 1799 1945 S.
1817 1882 1944 1946 Petrum
1971 1885 2030 1947 sub
2051 1901 2103 1946 an-

1359 1975 1435 2036 nulo
1462 1975 1621 2036 Piscatoris
1641 1974 1691 2036 die
1711 1991 1781 2036 vrrr.
1805 1975 1878 2036 maii
1900 1993 2102 2054 1111111111,

1358 2068 1553 2146 pontificatus
1575 2069 1673 2129 nostri
1695 2084 1776 2130 anno
1798 2085 1840 2130 vr.

1613 2229 1853 2240 ----..-

1688 2351 1768 2414 XVl.

1361 2529 1536 2614 (3111111111
1573 2537 1734 2600 decretum
1762 2540 1910 2601 1111111111
1945 2542 2102 2619 quaerulis

1403 2629 1535 2691 Ordinis
1563 2631 1594 2694 S.
1623 2631 1793 2694 Francisci
1826 2633 1863 2694 de
1894 2632 2103 2698 Obseruantia

1399 2723 1733 2803 circumvagationem
1745 2726 2039 2788 contmissnriurnm
2049 2745 2104 2789 en·

1399 2829 1609 2890 reponerent,
1639 2823 1669 2876 el
1696 2815 1818 2878 indicus
1850 2818 2103 2894 appellationum

1398 2923 1456 2983 pro
1477 2909 1653 2982 prouinciis
1669 2908 1699 2969 S.
1718 2910 1854 2971 Antonii
1875 2917 1905 2971 ot
1925 2909 2103 2988 Conceptio·

1398 2999 1450 3058 nis
1471 2999 1508 3058 B.
1526 3001 1567 3066 Μ.
1591 3002 1618 3061 l.
1644 3003 1679 3062 in
1701 3002 1845 3064 drusilla
1866 3003 1922 3083 (l).

1540 3170 1788 3240 inducendus
1804 3173 1865 3240 ΡΡ.
1882 3173 1930 3240 ld.

1498 3295 1534 3360 ad
1554 3296 1684 3362 iuturan
1712 3297 1756 3362 rei
1782 3297 1961 3364 memorien.

1399 3473 1554 3535 ddmonet
1566 3489 1622 3536 nos
1636 3475 1767 3553 suscepti
1785 3491 1857 3537 cura
1872 3475 2035 3552 regiminis
2050 3475 2103 3538 (ia-

1360 3567 1489 3628 tbolicae
1511 3566 1662 3630 Ecclesiae
1676 3583 1731 3644 per
1746 3568 1929 3630 universum
1949 3575 2103 3630 terrarum

1358 3660 1465 3721 orbem
1493 3659 1637 3735 dillusae,
1660 3667 1710 3734 ut,
1738 3669 1895 3740 paternam
1922 3661 2103 3723 christifide-

1359 3753 1436 3815 lium
1458 3753 1606 3815 dltissimi
1627 3753 1780 3830 obsequiis
1800 3754 1859 3816 sub
1872 3754 1959 3816 suavi
1981 3753 2104 3832 religio-

1359 3845 1406 3908 nis
1419 3847 1491 3922 iugo
1506 3845 1752 3925 mancipatorum
1767 3861 1873 3908 curam
1889 3854 2044 3923 gerentes,
2057 3864 2102 3922 ea,

1358 3955 1436 4016 quae
1456 3955 1512 4018 pro
1534 3937 1613 4000 lelici
1639 3955 1848 4018 prosperoque
1874 3939 2002 4002 illorum
2023 3942 2104 4017 regi-

1357 4033 1441 4094 mine
1469 4040 1500 4094 et
1531 4031 1684 4108 gubernio
1709 4049 1742 4094 ac
1769 4033 1911 4110 religiosi
1938 4033 2043 4112 quiete
2067 4034 2104 4096 ab

1358 4141 1468 4187 eorum
1503 4125 1714 4203 superioribus
1745 4126 1941 4204 regularibus
1975 4127 2103 4206 provide

1358 4220 1589 4297 prudenterque
1609 4217 1746 4281 ordinata
1768 4235 1834 4280 esse
1856 4225 2046 4294 noscuntur,
2069 4227 2103 4281 nt

1358 4311 1447 4372 drma
1467 4327 1589 4390 semper
1609 4317 1701 4390 atque
1716 4311 1829 4374 illibata
1841 4312 2017 4390 persistant,
2033 4325 2105 4390 apo-

1356 4405 1455 4466 stolioi
1478 4405 1663 4466 muniminis
1683 4405 1833 4484 praesidio
1849 4405 2094 4467 corroboremus.

1397 4499 1416 4572 ἓ
1440 4496 1466 4558 1.
1490 4498 1611 4575 Exponi
1628 4497 1781 4576 siquidem
1801 4497 1888 4560 nobis
1903 4514 2004 4576 nuper
2025 4498 2104 4561 ieco-
2159 4511 2342 4574 1111111111-

2123 4563 2340 4620 quennsoecretr.

1358 4598 1433 4652 runt
1444 4591 1547 4653 dilecti
1560 4591 1616 4651 dlii
1632 4590 1742 4652 iratres
1753 4591 1985 4669 provinciarum
2000 4591 2104 4654 811-

1359 4683 1435 4744 tonii
1457 4683 1489 4742 in
1512 4682 1637 4744 Brasilia
1659 4689 1690 4744 et
1711 4683 1928 4762 conceptionis
1949 4683 2105 4746 notariae

1359 4773 1499 4852 Virginis
1515 4775 1728 4838 immaculatae
1742 4777 1779 4837 ad
1794 4775 1912 4838 llumen
1928 4777 2104 4840 lanuarium

1357 4867 1481 4930 Ordinis
1501 4867 1633 4930 fratrum
1659 4868 1813 4930 Minorum
1840 4869 1871 4934 S.
1892 4869 2045 4932 Francisci
2067 4870 2104 4931 de

1358 4959 1557 5023 observanda
1582 4969 1848 5038 nuncupatorum,
1872 4960 1954 5040 quod
1974 4961 2105 5024 dilectus

1358 5053 1451 5115 etiam
1473 5053 1555 5114 lilios
1576 5053 1684 5117 Petrus
1706 5053 1842 5117 Marinus
1857 5055 2025 5118 Sormanos
2047 5055 2105 5116 mi-

1359 5147 1456 5208 nister
1478 5147 1629 5224 generalis
1647 5147 1719 5209 dicti
1734 5147 1866 5222 Ordinis,
1883 5155 1918 5209 ut
1933 5147 2105 5210 incommo-

1358 5238 1404 5300 dis
1425 5239 1678 5319 gravissimisque
1705 5239 1872 5315 molestiis,
1895 5256 1973 5319 qnae
1994 5257 2030 5302 ex
2052 5239 2103 5301 de-

1359 5333 1519 5410 putatione
1533 5334 1815 5395 commissariorum
1830 5347 2055 5412 europaeorum
2067 5333 2102 5392 ad

1359 5425 1524 5486 visitandas
1545 5425 1716 5503 provincias
1742 5425 1890 5503 praelatas
1916 5425 2105 5504 illarumque

1355 5647 1462 5694 suerunt
1477 5647 1653 5693 commissarii
1665 5645 1802 5703 generales
1812 5657 1860 5701 pro
1870 5645 2011 5702 provinciis
2022 5647 2105 5693 india·

1356 5727 1415 5761 rum
1435 5715 1611 5762 orientalium
1634 5713 1659 5757 in
1680 5715 1762 5758 const.
1783 5713 1821 5758 ed.
1842 5724 2007 5769 uncuxxxn,
2021 5714 2063 5760 die
2078 5715 2105 5760 23

1356 5783 1509 5837 decembris,
1531 5783 1600 5838 pont.
1617 5791 1672 5834 111,
1687 5783 1714 5824 et
1732 5781 1854 5826 inconst.
1872 5792 2048 5838 1111111111,
2062 5781 2104 5827 die

1357 5853 1370 5896 3
1383 5849 1536 5904 decembris,
1551 5851 1621 5906 pont.
1637 5857 1703 5902 vnn,
1718 5851 1889 5893 recensentur
1908 5849 2051 5894 nonnullae
2065 5859 2104 5894 or·

1357 5919 1504 5965 111111ῑί1111
1520 5927 1567 5973 pro
1580 5915 1715 5973 provincie
1730 5919 1753 5961 s.
1770 5917 1883 5964 Antonii.
1930 5949 1940 5964 .

2137 543 2192 598 An.
2207 545 2239 598 O.
2260 545 2333 598 1682

2149 3487 2298 3534 Exordium.
