4878 6982
128 583 175 636 An.
188 579 215 632 0.
236 574 304 626 1704

151 914 182 956 tta
195 905 313 954 solemni-

118 966 158 1011 bus
178 959 313 1008 oblationi-

1007 601 1149 650 ctttttntts
1171 603 1214 648 tt.

332 717 423 778 133333
459 719 694 798 inscriptionem
726 721 768 782 sio
803 720 899 781 latine
930 727 1079 781 vertunt:

334 808 541 872 Sanctissimi
561 819 593 872 et
612 811 986 888 sarperencellentissima'.

371 901 543 964 blandarini
573 920 628 965 seu
660 905 895 978 gubernatores,
925 922 958 968 33
986 905 1083 980 magi-

117 1013 312 1128 ssssssagrcs‘ffiffissm
331 1003 445 1057 stratus
459 995 598 1070 urbium,
612 997 674 1058 und
688 1013 760 1058 cum
773 997 983 1059 litteratorum
997 1013 1080 1076 prae-

331 1087 430 1162 lectis,
453 1104 576 1150 necnon
598 1089 753 1165 gradualis
771 1105 826 1150 seu
842 1089 1017 1150 doctoribus
1032 1089 1082 1150 lit-

332 1183 449 1255 teratis,
464 1181 511 1242 bis
533 1182 565 1242 in
586 1197 678 1256 anno,
696 1197 809 1258 nempe
824 1182 902 1244 circa
918 1183 1081 1259 aequinoc-

331 1275 410 1335 tium
434 1273 518 1335 reris
539 1281 570 1335 et
591 1274 747 1348 autumni,
770 1275 885 1337 ibidem
908 1274 1081 1336 solemnem

332 1366 521 1428 oblationem
553 1382 608 1427 seu
638 1367 825 1428 sacrificium
855 1374 1020 1446 peragunt,
1049 1367 1081 1427 in

332 1475 394 1537 quo
415 1475 430 1518 3
453 1459 596 1520 ministro
618 1467 649 1519 et
669 1459 883 1522 assistentibus
904 1476 975 1522 cum
992 1459 1082 1519 variis

333 1551 604 1627 genuflexionibus
618 1557 649 1612 et
664 1551 929 1626 inclinationibus,
947 1552 1081 1628 dirigen-

332 1651 363 1704 te
384 1643 652 1706 caeremoniarum
673 1643 833 1720 magistro,
850 1651 922 1704 ante
937 1643 1082 1704 tabellam

334 1734 475 1799 Conlocii
495 1751 587 1813 supra
608 1752 749 1798 mensam
770 1752 825 1796 seu
847 1737 943 1798 altare
964 1736 1084 1813 exposi-

332 1835 408 1904 tam,
432 1827 565 1890 candelis
587 1830 732 1905 accensis,
755 1845 827 1892 cum
849 1831 981 1892 odorum
999 1828 1082 1892 sulli-

333 1932 380 1998 tu,
403 1923 553 1986 immolati
573 1940 629 1986 seu
651 1925 834 1988 immolandi
855 1925 997 1988 animalis
1013 1941 1082 1987 san-

334 2017 402 2094 guis
423 2033 456 2078 ac
473 2017 528 2095 pili
543 2017 730 2091 olleruntur,
746 2035 779 2079 ac
794 2018 905 2080 deinde
921 2025 1021 2080 terrae
1037 2019 1084 2078 in-

333 2109 507 2182 fodiuntur,
523 2110 663 2188 itemque
684 2110 778 2187 panni
796 2111 897 2185 serici,
913 2103 966 2189 qui
981 2120 1083 2189 postea

335 2209 420 2263 extra
433 2203 587 2280 templum
602 2219 657 2264 seu
672 2201 779 2264 oedem
790 2203 822 2264 in
835 2205 977 2281 proximo
992 2206 1082 2280 atrio,

334 2311 460 2358 3333333
486 2296 576 2372 igne,
604 2296 842 2357 comburuntur.
871 2297 949 2358 ltem
972 2297 1082 2360 vinum

334 2387 458 2462 libatur,
481 2387 653 2448 occisorum
675 2388 869 2462 animalium,
892 2391 955 2452 suis
976 2390 1084 2451 rideli-

333 2485 394 2553 cet,
416 2495 534 2556 caprae,
557 2496 611 2540 seu
633 2480 730 2554 cervi,
746 2488 777 2540 et
798 2481 961 2556 similium,
977 2499 1084 2544 carnes

334 2571 550 2646 immolantur,
566 2587 645 2648 quae
663 2572 745 2634 inter
759 2573 937 2635 assistentes
952 2583 983 2636 et
997 2575 1083 2649 alios,

333 2664 454 2740 peracta
474 2664 629 2726 oblatione
647 2679 702 2726 seu
717 2665 876 2740 sacrificio,
893 2666 1085 2729 distribuun-

334 2761 398 2830 tur,
421 2762 451 2818 et
472 2757 510 2816 ab
530 2756 674 2818 omnibus
703 2759 807 2834 magni
831 2759 910 2820 liunt
932 2767 962 2820 et
984 2776 1086 2821 corne-

334 2849 463 2910 duntur.
488 2851 569 2910 Ante
587 2849 691 2911 omnia
706 2856 811 2910 autem
826 2851 887 2912 iam
901 2869 917 2911 a
932 2852 1084 2930 principio

336 2940 476 3002 Conlucii
498 2941 625 3019 spiritus
642 2942 804 3015 invitator,
822 2949 856 3003 ut
871 2943 959 3018 adsit,
976 2947 1084 3006 immo-

334 3031 464 3110 latisque
485 3033 619 3106 fruatur,
636 3034 829 3112 veniensque
844 3036 879 3097 ad
894 3035 1083 3098 oblationem

334 3125 425 3186 certis
457 3125 660 3186 caeremoniis
686 3126 847 3202 recipitur,
871 3129 972 3204 eique,
996 3129 1084 3205 quid-

334 3217 407 3294 quid
429 3217 460 3276 in
482 3217 631 3278 sacrificio
659 3218 790 3292 geritur,
821 3227 977 3298 tamquam
999 3237 1086 3298 prae-

333 3309 414 3370 senti
436 3309 469 3369 in
491 3309 601 3370 tabella
618 3310 823 3385 significatur.
843 3311 990 3374 llinistris
1006 3330 1084 3374 non-

334 3400 495 3463 nullorum
516 3409 588 3462 ante
618 3389 803 3464 sacrificium
826 3404 945 3465 dierum
968 3405 1084 3467 ieiunia

333 3501 364 3552 et
393 3510 408 3553 a
436 3494 526 3554 tboro
554 3494 710 3569 coniugali
742 3495 928 3557 abstinentia
960 3499 1084 3575 publico

333 3585 398 3648 ritu
420 3585 604 3664 praescripta
624 3595 708 3648 sunt.
734 3587 853 3650 Hostias
869 3590 1082 3665 immolandas,

334 3677 401 3739 tuso
422 3679 455 3738 in
477 3693 585 3740 earum
607 3679 754 3742 auriculis
776 3681 924 3758 probandi
946 3683 1083 3744 3333311-

333 3761 431 3847 quore
461 3769 606 3848 quodam,
628 3787 682 3832 seu
705 3771 779 3832 rino
800 3771 907 3847 calido,
931 3773 1080 3850 seligunt.

333 3861 451 3924 Oblatio
473 3863 581 3940 incipit
603 3871 669 3940 post
698 3864 836 3940 primum
859 3873 890 3926 et
910 3869 1083 3928 secundum

334 3955 406 4030 galli
428 3962 566 4028 cantum,
587 3963 616 4016 et
637 3971 760 4016 summo
775 3972 867 4018 mane
884 3959 1079 4022 terminatur.

335 4047 486 4122 Spiritum
510 4047 662 4120 Coniucii,
680 4048 766 4108 133133
787 4049 952 4123 oblatione,
969 4052 1083 4112 abeun-

334 4144 408 4211 tem,
433 4145 520 4214 grato
542 4140 656 4214 animo,
675 4157 708 4202 33
731 4141 823 4202 333113
839 4143 1008 4205 verborum
1024 4145 1085 4206 133-

334 4231 439 4304 mulis,
461 4241 705 4310 prosequuntur,
727 4241 757 4294 et
778 4236 968 4296 adstantibus
984 4238 1083 4298 omni·

333 4323 400 4396 bus,
423 4332 590 4400 antequam
612 4325 819 4400 dimittantur,
839 4329 877 4388 ob
898 4329 1082 4391 sacriticium

332 4414 412 4476 bene
433 4425 591 4491 peractum
613 4417 772 4478 felicitates
788 4419 938 4496 plurimae
955 4422 1083 4497 promit-

333 4513 456 4580 tuntur,
490 4515 581 4584 prout
615 4509 644 4568 in
677 4509 780 4570 rituali
816 4511 856 4572 Ta
887 4512 977 4590 Minp
999 4514 1082 4589 bloeg

338 4597 424 4672 Tiora,
448 4607 532 4660 tomo
558 4616 613 4660 seu
636 4607 765 4663 13331313
793 4619 872 4676 333,
896 4605 928 4664 13
950 4606 1082 4682 31333313-

333 4690 418 4750 tione
445 4691 608 4752 oblationis
636 4692 791 4754 faciendae
820 4695 979 4770 Conlucio,
1003 4699 1082 4775 apud

332 4790 451 4862 patrem
473 4800 489 4843 a
511 4784 655 4846 Leonissa
677 4787 732 4863 (3).

1136 719 1182 779 313
1193 721 1369 797 Apostolieo
1380 721 1509 797 blaigrot
1524 721 1644 782 mentio
1656 721 1732 784 lacta
1747 737 1810 783 non
1823 722 1888 784 lue·

1136 811 1187 886 rit,
1212 811 1429 887 nihilominus,
1459 815 1531 891 quia
1559 815 1591 874 iu
1619 815 1764 890 quaesitis
1793 815 1889 892 patris

1136 903 1271 966 llartinii
1294 904 1455 967 Societatis
1472 907 1541 966 lesu
1555 907 1654 982 aliqua
1671 905 1780 967 saltem
1796 921 1889 985 erpo·

1136 995 1190 1056 sita
1213 995 1353 1072 luerunt,
1382 997 1432 1059 bic
1454 997 1536 1060 aliud
1564 999 1740 1076 quaesitum
1761 1000 1797 1060 ad
1819 1013 1887 1060 rem

1137 1088 1248 1150 clarius
1270 1089 1483 1152 elucidandam
1507 1091 1701 1152 instituitur:

1177 1198 1211 1242 rr.
1236 1183 1336 1257 lgitur
1356 1183 1528 1260 quaeritur,
1546 1199 1585 1244 33
1608 1184 1830 1257 caeremoniae,
1846 1183 1889 1244 ri-

1139 1281 1187 1336 tus
1210 1281 1240 1335 et
1271 1275 1440 1337 oblationes
1473 1276 1577 1336 minus
1610 1275 1776 1348 solemnes,
1810 1292 1889 1352 quae

1138 1368 1218 1428 stunt
1233 1367 1266 1428 in
1283 1367 1433 1430 bonorem
1449 1369 1591 1430 eiusdem
1608 1367 1761 1442 Conlucii,
1778 1384 1793 1428 a
1808 1369 1889 1430 ctri-

1136 1459 1243 1520 stianis
1265 1458 1347 1520 licite
1375 1461 1512 1522 exerceri
1535 1468 1565 1521 et
1588 1461 1693 1540 peragi
1716 1461 1833 1538 possint
1855 1461 1888 1522 in

1137 1551 1203 1612 loco
1225 1552 1370 1628 praelato.
1494 1549 1501 1562 '

1178 1645 1264 1706 ilatio
1292 1645 1463 1720 dubitandi,
1494 1651 1616 1724 praeter
1647 1643 1727 1707 dicta
1747 1646 1780 1706 in
1803 1660 1889 1722 3333-
1965 1705 1967 1708 ,

1137 1737 1258 1798 cedenti
1290 1737 1410 1798 ratione
1430 1739 1467 1798 ad
1488 1737 1638 1815 primum,
1668 1744 1724 1812 est,
1748 1737 1819 1815 quia
1841 1737 1887 1797 bis

1136 1829 1268 1906 singulis
1297 1830 1458 1892 mensibus
1479 1831 1511 1890 in
1535 1830 1699 1891 novilunio
1720 1830 1836 1892 scilicet
1857 1838 1889 1892 et

1137 1921 1311 1999 plenilunio
1333 1922 1559 1998 cuiuscumque
1580 1922 1665 1984 urbis
1686 1921 1888 1984 mandarinus

1136 2029 1192 2075 seu
1215 2014 1379 2091 primarius
1410 2013 1619 2090 magistratus,
1642 2013 1756 2090 aliique
1777 2012 1889 2075 officia-

1137 2106 1181 2166 les
1201 2112 1233 2166 et
1255 2105 1398 2180 litterati,
1426 2121 1551 2167 summo
1582 2121 1673 2166 mane
1704 2103 1812 2167 aedem
1833 2119 1889 2166 seu

1139 2199 1292 2277 templum
1314 2198 1455 2261 Conlucii
1480 2199 1593 2275 magna
1614 2213 1686 2259 cum
1707 2197 1817 2275 pompa
1839 2196 1890 2258 ad·

1139 2299 1226 2366 eunt,
1249 2299 1279 2353 et
1301 2298 1372 2353 ante
1400 2292 1467 2352 eius
1488 2291 1624 2366 effigiem
1652 2306 1707 2351 seu
1730 2289 1886 2362 tabellam,

1138 2386 1271 2446 accensis
1292 2384 1399 2457 cereis,
1422 2399 1494 2446 cum
1525 2383 1623 2444 thuris
1645 2389 1737 2459 atque
1758 2380 1889 2443 odorum

1137 2476 1244 2539 suffitu
1266 2477 1405 2554 repetitis
1428 2475 1547 2538 vicibus
1569 2475 1800 2551 genuflectunt,
1825 2479 1889 2534 toto

1137 2585 1265 2646 corpore
1287 2567 1441 2647 prostrati,
1464 2585 1497 2630 33
1519 2574 1633 2628 terram
1656 2567 1760 2628 fronte
1781 2582 1890 2644 33333-

1138 2662 1260 2722 tientes.
1284 2661 1364 2723 ltem
1386 2659 1572 2738 quandoque
1587 2660 1770 2736 praesertim
1786 2659 1818 2718 in
1834 2674 1889 2719 no·

1138 2753 1259 2815 vilunio
1281 2754 1318 2814 ab
1339 2752 1491 2829 aliquibus
1514 2751 1625 2812 vinum
1647 2759 1677 2811 et
1698 2751 1780 2812 olera
1797 2765 1888 2828 quae-

1139 2847 1209 2907 dam
1224 2862 1256 2907 33
1272 2845 1390 2907 1333133
1405 2843 1510 2905 ollerri
1523 2842 1635 2916 solent,
1648 2843 1821 2904 mandarini
1833 2858 1889 2904 seu

1139 2938 1363 3014 gubernatores
1384 2937 1511 2998 urbium
1529 2953 1562 2998 33
1577 2937 1787 3012 magistratus,
1804 2943 1890 2996 ante-

1139 3046 1232 3108 quam
1254 3031 1438 3107 dignitatem
1464 3029 1590 3103 adeant,
1619 3044 1673 3090 seu
1695 3029 1799 3089 statim
1822 3035 1889 3106 post

1139 3124 1250 3186 aditam
1272 3112 1456 3198 dignitatem
1477 3139 1531 3184 seu
1552 3122 1710 3198 dignitatis
1725 3121 1889 3198 possessio-

1140 3229 1225 3288 nem,
1241 3216 1277 3276 ad
1300 3214 1452 3292 templum
1473 3230 1528 3275 seu
1544 3216 1650 3276 aedem
1666 3213 1806 3277 Coniucii
1821 3229 1889 3292 per·

1140 3315 1231 3383 gunt,
1244 3307 1349 3384 ibique
1363 3317 1435 3369 ante
1448 3307 1514 3368 eius
1529 3306 1665 3383 effigiem
1679 3321 1734 3367 333
1746 3305 1889 3367 tabellam

1138 3403 1247 3462 eadem
1261 3407 1415 3477 peragunt
1430 3415 1508 3477 quae
1524 3399 1590 3460 lieri
1606 3399 1642 3460 ab
1657 3399 1700 3460 eis
1714 3399 1747 3460 in
1767 3397 1891 3461 novilu-

1139 3493 1191 3554 nio
1213 3510 1246 3554 33
1260 3492 1434 3571 plenilunio
1450 3493 1540 3554 modo
1555 3493 1673 3554 dictum
1689 3501 1750 3568 est;
1767 3507 1830 3554 non
1845 3498 1889 3552 33-

1139 3601 1212 3647 men
1227 3584 1349 3658 vinum,
1364 3583 1457 3656 olera,
1471 3599 1527 3645 neo
1542 3583 1661 3646 tructus
1676 3581 1813 3644 oderunt
1828 3583 1887 3660 (rr).

1179 3678 1340 3738 Praeterea
1363 3676 1502 3752 litterati,
1525 3683 1687 3754 postquam
1709 3675 1742 3736 in
1765 3676 1891 3753 amplis-

1137 3771 1216 3831 simo
1238 3770 1399 3847 gymnasio
1421 3783 1476 3830 seu
1495 3768 1618 3846 palatio,
1634 3767 1688 3828 ubi
1702 3783 1758 3846 per
1772 3768 1890 3846 aliquos

1138 3863 1202 3923 dies
1234 3862 1414 3940 probantur,
1447 3860 1557 3937 gradus
1590 3860 1756 3922 litterarius
1787 3861 1889 3940 adepti

1137 3962 1223 4030 sunt,
1246 3955 1351 4016 statim
1373 3954 1410 4015 ad
1432 3955 1538 4016 aedem
1559 3971 1614 4015 seu
1638 3953 1791 4031 templum
1808 3957 1889 4017 Con-

1138 4048 1212 4110 13311
1234 4065 1267 4109 33
1288 4047 1466 4120 333133333,
1489 4047 1595 4124 ibique
1616 4062 1719 4108 corant
1736 4047 1889 4124 praedicta

1138 4141 1248 4204 tabelli
1279 4141 1375 4204 cereis
1406 4140 1540 4201 33333313
1572 4154 1644 4201 cum
1674 4139 1776 4200 thuris
1798 4146 1890 4217 atque

1139 4236 1270 4298 odorum
1283 4234 1389 4296 sullitu
1404 4233 1522 4294 iteratis
1536 4232 1654 4294 vicibus
1670 4233 1889 4308 genullectunt

1138 4335 1203 4389 toto
1225 4344 1353 4406 corpore
1373 4328 1408 4388 ad
1432 4333 1548 4387 terram
1569 4325 1724 4402 prostrati,
1749 4333 1841 4404 prout
1856 4327 1889 4387 in

1137 4421 1204 4481 aliis
1226 4421 1367 4498 proxime
1388 4419 1492 4480 relatis
1513 4417 1623 4478 ritibus
1649 4433 1704 4478 seu
1726 4417 1888 4478 oblationi·

1137 4513 1193 4576 bus
1215 4514 1319 4574 minus
1340 4511 1542 4574 solemnibus.
1567 4510 1629 4570 liae
1650 4525 1725 4570 vero
1743 4510 1775 4571 in
1789 4511 1889 4572 bono-

1138 4622 1204 4668 rem
1227 4605 1368 4670 Conlucii
1390 4604 1569 4677 oblationes,
1588 4612 1656 4664 tum
1671 4603 1885 4678 solemniores,

1138 4708 1207 4762 tum
1237 4700 1340 4762 minus
1372 4697 1537 4768 solemnes,
1560 4712 1615 4756 seu
1647 4695 1725 4757 ritus
1748 4695 1886 4774 33331311,

1138 4793 1178 4854 133
1201 4791 1381 4854 Sinensium
1403 4791 1627 4868 imperatorum
1649 4787 1769 4864 legibus
1790 4788 1890 4865 publi-

1809 587 1869 650 229
1921 587 1975 640 An.
1989 589 2019 640 O.
2042 589 2112 639 1704

114 4881 225 4980 ttrophos
240 4881 315 4944 opta·
372 4875 497 4938 Praeter
524 4878 689 4954 praedictas
718 4879 804 4941 binas
826 4881 980 4944 solemnes
1002 4882 1082 4944 obla-

114 4945 315 5048 sssffssnffiffi
335 4970 446 5042 tiones,
469 4968 544 5030 aliae
565 4971 669 5032 minus
690 4972 844 5036 solemnes
867 4977 975 5037 eodem
991 4978 1023 5037 in
1040 4975 1082 5036 lo-

113 5041 202 5086 111Μὶ
334 5076 380 5134 33,
403 5076 457 5121 333
488 5062 613 5140 quidam
635 5063 685 5124 alii
716 5065 794 5128 ritus
820 5076 850 5129 et
872 5070 1081 5132 caeremoniae

334 5151 366 5214 in
388 5152 527 5215 eiusdem
546 5155 686 5217 Conlucii
703 5157 853 5220 bonorem
868 5161 990 5222 statutis
1006 5169 1082 5222 tem-

335 5245 461 5323 poribus
488 5254 692 5323 peraguntur,
719 5257 786 5310 tum
812 5268 828 5310 3
854 5253 1082 5328 magistratibus

334 5354 388 5398 seu
410 5338 670 5414 gubernatoribus
686 5343 824 5418 urbium,
841 5353 908 5406 tum
924 5364 940 5406 a
955 5346 1082 5425 reliquis

333 5429 490 5506 litteratis,
513 5433 551 5494 de
572 5435 683 5511 quibus
704 5437 760 5497 etsi
781 5439 941 5514 speciatim
963 5456 978 5498 a
997 5439 1083 5502 Vica-

1137 4901 1235 4963 coque
1257 4884 1346 4958 regni
1367 4900 1423 4945 usu
1445 4881 1572 4942 stabiliti
1599 4890 1685 4955 sunt,
1709 4889 1743 4943 ut
1765 4897 1829 4942 non
1853 4881 1889 4942 li-

1138 4988 1202 5039 oeat
1234 4993 1285 5036 eos
1317 4976 1482 5049 omittere,
1515 4973 1624 5034 saltem
1656 4973 1770 5050 absque
1802 4973 1888 5048 gravi

1137 5069 1274 5149 periculo
1297 5067 1466 5145 respective
1493 5066 1667 5128 amissionis
1694 5065 1888 5126 3333333133-

1138 5173 1200 5236 133,
1220 5163 1372 5239 graduum
1394 5168 1447 5222 aut
1468 5160 1656 5234 dignitatum
1677 5159 1725 5236 ().

1178 5255 1330 5332 Respecto
1360 5269 1434 5313 vero
1463 5251 1711 5329 progenitorum,
1735 5250 1812 5310 ratio
1834 5249 1890 5312 du·
1925 5247 2121 5356 ffissffllffl

1138 5346 1256 5408 bitandi
1277 5348 1355 5408 circa
1377 5345 1531 5407 solemnes
1553 5343 1733 5418 oblationes,
1758 5343 1887 5420 quaein
1908 5309 2043 5398 53133333
2092 5365 2121 5398 ae

1138 5440 1238 5518 primo
1260 5438 1398 5516 quaesito
1419 5442 1651 5515 proponuntur,
1675 5443 1732 5510 est,
1750 5435 1821 5514 quia
1843 5435 1890 5498 Si·
1908 5407 2015 5506 ἓῗέὲῧὲῗ
2029 5419 2064 5452 en
2079 5407 2123 5452 ‘¹⁶'

376 5654 410 5708 (o)
426 5653 517 5699 videri
531 5659 641 5712 possunt
655 5658 798 5715 respective
812 5663 938 5717 Bnnronr,
955 5666 992 5708 La
1009 5666 1081 5712 olna.
1179 5663 1321 5720 (3111131331
1341 5662 1451 5718 possunt
1472 5670 1563 5706 omnes
1584 5658 1630 5716 qui
1651 5659 1762 5715 allegati
1779 5659 1842 5704 sunt
1860 5658 1890 5703 li·

333 5724 402 5778 part.
417 5733 465 5776 333,
484 5722 528 5768 lib.
544 5734 571 5776 1.,
586 5734 643 5781 pag.
659 5729 699 5777 71:
715 5727 845 5782 Krncnnn,
868 5728 895 5772 in
919 5732 1005 5774 0133313
1026 5734 1086 5775 tttu·
1139 5733 1197 5776 3333
1212 5743 1235 5776 o.

334 5793 429 5837 strata,
453 5792 520 5846 part.
543 5802 591 5846 333,
612 5803 666 5848 333.
689 5804 723 5846 33,,
746 5805 803 5850 pag.
829 5797 877 5844 132:
901 5798 935 5838 Ln
957 5799 1083 5850 Tircntnn,
1180 5798 1206 5850 (rt
1222 5793 1582 5852 3131331333333113333313
1598 5793 1741 5850 3331311331
1757 5795 1889 5839 tractatus

334 5857 398 5901 tom.
414 5866 450 5909 33,,
465 5867 522 5912 pag.
538 5859 614 5912 3333
633 5862 701 5902 Voces
716 5863 808 5914 dtrea;
830 5863 913 5906 torna
935 5873 989 5918 cap.
1006 5873 1029 5906 v.
1049 5865 1085 5906 De
1139 5869 1151 5911 s
1167 5865 1251 5906 Dubia
1266 5874 1371 5915 quoqne
1384 5861 1454 5906 31333
1469 5861 1560 5916 dnem;
1581 5863 1671 5906 Pnrttn
1686 5873 1701 5906 a
1717 5863 1846 5906 Leonrssa
1862 5860 1890 5906 13

337 5924 471 5972 consueto,
488 5933 560 5969 num.
577 5935 628 5980 33,,
643 5925 713 5970 31333
728 5926 792 5970 med.
809 5937 866 5982 pag.
881 5929 914 5972 61.
1138 5927 1194 5974 3313
1210 5931 1336 5980 Respons.
1353 5931 1388 5972 ad
1403 5931 1530 5980 33333333.
