4848 6990
48 9 408 150 Τ

115 553 174 608 An.
189 554 221 608 c.
242 552 312 606 1686
982 555 1191 605 ruuocuurrus
1213 553 1257 606 ιιι.
1835 537 1872 607 79
1923 541 1977 598 An.
1992 541 2022 596 e.
2044 541 2113 596 1686

1186 679 1225 740 Et
1260 679 1352 756 quia,
1389 679 1464 742 ilum
1498 675 1599 742 decori
1639 677 1732 759 primi
1771 680 1893 743 Ordinis
1952 695 2126 743 nesciuntu-

309 689 318 708 '
342 688 476 749 minatus
497 685 531 750 in
552 682 755 764 collegiorum
769 682 892 746 statutis
908 689 943 744 ut
958 678 1090 762 praeler-
1913 751 2014 798 correus
2048 749 2129 798 Tm„

344 790 395 845 tur
416 781 599 860 approbatis,
621 781 763 856 legitime
792 785 897 852 erunt,
927 789 1090 853 uunquam

343 883 446 939 tamen
481 876 608 938 titulum
641 873 818 952 generalem
847 877 1009 951 usurpent,
1038 874 1091 928 aut

343 969 543 1030 commissarii
566 967 720 1044 generatis
740 965 927 1028 missionum
946 959 1091 1042 appellari

345 1062 484 1138 valeant3
508 1077 564 1123 nec
585 1061 691 1122 miuus
706 1059 767 1120 ulla
783 1056 1007 1128 iurisdictione,
1023 1069 1092 1114 auc-

344 1154 468 1216 toritate
499 1162 552 1216 aut
582 1153 737 1228 facultate,
770 1151 851 1212 ultra
884 1149 912 1210 id
941 1147 1022 1226 quod
1049 1146 1092 1206 eis

344 1263 434 1326 supra
466 1261 646 1309 concessum
677 1251 794 1319 manet,
818 1244 863 1304 uti
885 1250 938 1304 aaut
959 1239 1093 1316 gaudere

344 1349 555 1418 praesumant,
578 1347 630 1401 aut
655 1337 845 1416 gubernium
867 1335 1011 1408 regulare
1032 1332 1092 1394 col-

346 1433 499 1509 legiorum
521 1433 701 1512 perturbare
722 1430 869 1492 audeant:
893 1429 928 1488 ad
950 1427 1093 1502 solosque

345 1527 529 1604 guardianos
550 1525 698 1605 spectabit
719 1523 852 1584 novitios
870 1521 1018 1598 recipere,
1036 1518 1095 1578 fra-

346 1629 408 1682 tres
429 1620 463 1680 ad
484 1619 720 1698 praedicandum
735 1627 767 1678 et
781 1616 947 1678 audiendas
961 1612 1093 1674 saecula-

347 1715 428 1776 rium
450 1713 657 1775 confossiones
671 1711 810 1773 locorum
825 1707 994 1770 Ordinariis
1009 1719 1095 1783 prae·

345 1814 478 1882 seniore,
500 1815 532 1866 et
554 1821 724 1867 numerum
741 1801 1007 1865 missionariorum
1022 1799 1093 1860 alio-

347 1917 479 1978 rumque
502 1899 644 1972 fratrum,
659 1897 788 1958 seruatis
805 1897 888 1958 iuxta
902 1899 1016 1955 statuta
1031 1907 1093 1952 ser-

347 1995 465 2070 vandis,
488 2008 602 2068 augere
623 1991 672 2052 vel
699 1991 859 2064 minuere;
888 2003 967 2066 quae
988 1989 1093 2046 omnia

347 2087 472 2148 adictis
500 2083 677 2162 guardianis
708 2083 800 2156 liant,
833 2081 909 2158 quin
941 2078 1040 2140 forma
1062 2078 1094 2138 iu

347 2181 435 2242 diruis
455 2179 578 2240 statutis
599 2195 614 2238 a
637 2177 745 2239 Sancte
763 2175 841 2238 Sede
855 2173 1028 2252 approbatis
1042 2171 1095 2232 ali-

347 2274 479 2352 qualiter
511 2271 657 2333 violetur.
692 2269 939 2330 Praedicatorum
966 2281 1040 2326 vero
1062 2281 1095 2326 ac

347 2365 605 2429 confessariorum
629 2371 690 2424 tam
712 2362 843 2423 fratrum
865 2375 958 2440 quam
977 2359 1093 2420 monia-

347 2460 424 2521 lium
447 2467 477 2520 et
498 2457 702 2519 saecularium
725 2455 824 2534 prima
842 2453 1008 2527 institutio,
1026 2467 1096 2514 uec-

347 2569 410 2614 non
431 2551 615 2614 clericorum
630 2566 685 2611 seu
699 2549 905 2610 choristarum
921 2547 956 2608 ad
972 2546 1096 2608 ordines

348 2645 539 2724 recipiendos
559 2642 735 2716 destinatio,
758 2639 794 2702 ad
815 2641 895 2702 solos
919 2639 1096 2718 superiores

348 2737 507 2816 generales
537 2735 663 2798 illarum
691 2735 838 2814 partium,
861 2734 894 2794 in
917 2733 1029 2812 quibus
1050 2749 1096 2794 se-

348 2833 478 2895 minaria
495 2830 623 2905 luerint,
638 2829 802 2908 spectabit:
819 2828 839 2888 ii
855 2835 958 2888 autem
974 2827 1097 2889 nullum

350 2925 527 2998 instituant,
549 2929 752 3003 promoveant
773 2939 827 2984 seu
849 2921 1019 2994 destinent,
1036 2921 1096 2982 nisi

350 3019 454 3081 habito
475 3019 561 3097 prius
581 3017 710 3079 consilio
728 3021 759 3076 et
774 3031 899 3076 assensu
916 3014 1096 3093 inscriptis,

351 3121 418 3191 post
440 3119 584 3174 exactum
605 3125 748 3182 examen,
771 3116 802 3170 et
824 3123 886 3170 non
909 3107 1008 3182 aliter,
1026 3123 1099 3169 con-

351 3205 495 3282 ferendo,
528 3205 654 3270 maioris
685 3205 781 3283 partis
811 3202 984 3266 discretorii
1014 3201 1098 3263 illius

350 3300 508 3364 seminarii
531 3300 563 3360 in
585 3315 647 3378 quo
669 3313 788 3360 moram
806 3298 905 3360 trabat
920 3296 1099 3357 examinan-

351 3397 423 3457 dus:
446 3400 487 3468 at,
510 3392 644 3473 praelato
675 3407 828 3452 consensu
853 3388 1097 3462 interveniente,

351 3487 492 3568 superior
513 3485 665 3564 generalis
686 3501 755 3547 suas
781 3483 898 3544 litteras
918 3483 1024 3543 statim
1046 3495 1098 3542 ex·

351 3581 457 3661 pedire
487 3579 656 3652 tenebitur,
691 3593 732 3638 ne
762 3575 938 3650 seminaria,
966 3575 1005 3636 ob
1031 3575 1099 3636 eius

350 3673 537 3753 culpabilem
570 3685 709 3746 moram,
742 3669 889 3748 operariis
921 3669 1099 3731 necessariis

352 3769 470 3850 privata
502 3773 695 3840 remaneant,
722 3766 776 3826 sed
802 3767 1037 3825 conserventur.
1068 3762 1099 3826 Si

352 3861 516 3940 aliquando
543 3859 713 3935 contingat,
736 3855 818 3935 quod
845 3855 954 3936 aliquis
975 3855 1099 3933 religio-

352 3973 416 4030 sus,
439 3953 491 4032 qui
513 3951 613 4014 officio
640 3949 810 4013 definitoris
832 3949 994 4026 generalis,
1018 3964 1100 4009 com-

319 4045 330 4064 '
352 4047 485 4112 missarii
506 4044 659 4122 generalis
679 4043 799 4117 Curiae,
822 4043 1027 4122 procuratoris
1049 4059 1099 4120 ge

354 4140 468 4205 neralis
498 4139 629 4213 Ordinis,
652 4136 854 4200 commissarii
886 4135 1038 4212 generalis
1060 4136 1102 4197 la-

353 4233 469 4308 miliae,
491 4233 628 4294 ministri
651 4229 816 4307 generalis,
838 4245 893 4290 seu
919 4228 1027 4290 vicarii
1049 4237 1116 4307 aut,

354 4323 623 4389 vicecommissarii
639 4322 791 4401 generalis
805 4321 931 4384 functus
945 4321 1052 4397 fuerit,
1065 4323 1101 4384 ad

353 4418 478 4500 aliquod
498 4436 536 4480 ex
558 4418 644 4481 dictis
676 4416 850 4478 seminariis
881 4431 936 4478 seu
964 4415 1102 4492 collegiis

354 4521 500 4588 trauseat,
523 4519 555 4574 et
576 4513 617 4574 ibi
632 4511 817 4572 missionum
832 4509 979 4572 exercitio
994 4525 1102 4571 vacare

354 4607 517 4681 desideret,
539 4605 642 4667 statim
663 4622 680 4666 a
701 4603 871 4681 guardiauo
902 4611 941 4692 et
963 4603 1101 4666 discretis

353 4701 530 4780 recipiatur.
557 4701 717 4773 Ceterum,
739 4715 780 4760 ne
794 4697 916 4776 propria
931 4697 1100 4776 provincia,

354 4801 407 4856 aut
428 4793 660 4856 ultramontana
687 4791 813 4866 familia,
834 4807 890 4852 seu
919 4798 1000 4852 totus
1022 4789 1102 4852 Ordo

354 4887 430 4948 uiris
455 4887 488 4947 in
518 4885 670 4964 gubernio
701 4885 775 4946 adeo
806 4883 942 4962 expertis
973 4883 1102 4945 omniuo

354 4979 507 5060 privetur,
530 4979 631 5042 dictus
656 4984 752 5058 pater,
775 4977 896 5038 etiamsi
918 4977 950 5038 in
972 4975 1102 5052 collegio

353 5089 409 5136 seu
429 5072 596 5134 seminario
623 5070 660 5132 de
682 5069 796 5132 familia
823 5067 918 5144 vivut,
945 5069 1100 5144 suffragia,

353 5166 598 5244 subrogationes,
621 5163 881 5242 praeeminentias
897 5171 927 5223 et
942 5161 1103 5242 priuilegia

354 5261 410 5323 sibi
429 5269 491 5322 tam
507 5260 539 5320 in
554 5258 677 5338 proprisi
691 5257 849 5336 provincia
864 5273 956 5336 quam
972 5257 1004 5317 in
1017 5254 1103 5316 fami-

355 5353 394 5416 tia
408 5352 637 5416 ultramontani
648 5359 680 5412 et
691 5349 807 5413 Ordine
819 5357 882 5412 toto
894 5351 979 5412 iuxta
991 5357 1104 5412 statuta

356 5447 455 5510 debita
479 5461 542 5508 uon
564 5444 701 5518 amittat,
729 5443 852 5522 illisque
873 5459 909 5506 eo
930 5445 1020 5506 modo
1042 5443 1104 5506 frui

355 5538 482 5618 poterit,
494 5555 528 5600 ac
541 5534 567 5598 si
582 5537 730 5616 apropriai
741 5537 900 5616 provincia
915 5553 978 5598 non
992 5537 1103 5597 exivis-

355 5640 418 5708 set3
441 5631 484 5692 sic
507 5630 592 5692 enim
616 5629 801 5691 missionum
822 5629 1008 5692 exercitium
1030 5629 1105 5690 viris

358 5739 488 5801 magnae
503 5723 692 5786 auctoritatis
706 5731 738 5785 et
752 5723 962 5802 experientiae
975 5723 1107 5783 honora-

358 5818 454 5894 bitur,
470 5817 547 5896 quin
569 5817 691 5896 aliquod
708 5817 933 5880 detrimentum
948 5816 980 5878 in
996 5831 1105 5878 eorum

358 5910 480 5976 delectu
500 5926 555 5974 seu
577 5911 769 5994 reparatione
789 5909 900 5990 religio
916 5910 1063 5994 patiatur.

1146 771 1177 835 S.
1203 773 1235 834 P.
1259 772 1296 834 N.
1319 773 1483 848 Francisci,
1506 791 1539 836 ao
1559 773 1667 836 solatio
1699 781 1730 835 et
1750 774 1895 854 spiritua·
1912 804 2021 850 ommi,

1146 866 1226 926 libus
1247 866 1429 942 indigentiis
1443 867 1569 929 secundi
1585 883 1641 945 per
1655 876 1831 946 praesentes
1845 867 1896 930 lib

1148 965 1226 1020 teras
1248 959 1450 1034 contulimus,
1475 959 1558 1020 tertii
1587 959 1710 1022 Ordinis
1730 961 1767 1021 de
1789 959 1896 1038 poeni-

1147 1052 1243 1113 tentia
1265 1052 1366 1113 eidem
1387 1060 1492 1115 sancto
1519 1051 1675 1115 fundatori
1705 1051 1794 1114 valde
1814 1069 1895 1114 ama-

1149 1144 1217 1205 bilis
1238 1145 1378 1207 oblivisci
1410 1161 1473 1206 non
1505 1145 1664 1220 debemus,
1688 1153 1723 1207 ut
1744 1146 1896 1224 praefatus

1148 1235 1185 1298 de
1207 1239 1398 1316 poenitentid
1419 1239 1604 1302 venerabilis
1625 1238 1705 1301 Ordo
1726 1239 1789 1302 aS.
1806 1240 1839 1300 l‘.
1856 1237 1893 1300 N.

1129 1331 1309 1392 francisco
1331 1349 1386 1410 pro
1407 1332 1547 1410 personis
1569 1333 1732 1410 utriusque
1752 1349 1844 1393 sexus
1865 1331 1896 1392 in

1147 1424 1269 1486 saeculo
1300 1426 1479 1486 virentibus
1511 1425 1684 1500 institutus,
1712 1432 1743 1486 et
1764 1443 1779 1486 a
1802 1425 1898 1486 felicis

1149 1519 1369 1580 recordationis
1398 1518 1560 1582 Clemente
1586 1518 1650 1580 Vll.
1674 1535 1707 1580 ac
1733 1517 1825 1578 Paulo
1848 1519 1895 1579 ltl.

1150 1614 1181 1674 in
1204 1620 1265 1674 tres
1286 1620 1395 1687 status,
1411 1613 1469 1674 sub
1483 1613 1544 1672 und
1558 1613 1730 1690 eidemque
1746 1611 1827 1673 tertii
1844 1611 1897 1673 Or-

1150 1708 1231 1768 dinis
1251 1707 1467 1786 appellatione,
1490 1713 1583 1784 atque
1603 1705 1783 1770 eorrrmdem
1804 1707 1899 1784 priri-

1150 1800 1314 1876 legiorum,
1337 1801 1517 1875 gratiarum,
1535 1799 1781 1872 concessionum,
1799 1799 1900 1860 indul-

1151 1893 1327 1968 gentiarum
1350 1902 1381 1953 et
1399 1893 1540 1953 favorum
1555 1893 1850 1967 communicatione,
1867 1910 1900 1955 ac

1150 1986 1252 2048 solum
1273 1987 1331 2046 sub
1351 1986 1481 2048 diversis
1508 1985 1630 2046 statutis
1655 1985 1827 2047 secundum
1848 2003 1901 2047 cu-

1151 2079 1275 2140 iuslibet
1306 2085 1404 2140 status
1434 2078 1624 2155 exigentiam
1652 2077 1780 2153 divisus,
1802 2079 1900 2154 magis

1152 2173 1183 2234 in
1206 2173 1270 2234 dios
1292 2181 1452 2250 augeatur,
1475 2180 1506 2233 et
1528 2171 1572 2232 illi
1594 2171 1702 2246 sancti,
1726 2171 1791 2250 qui,
1808 2179 1842 2232 ut
1864 2171 1901 2233 ab

1151 2268 1259 2328 eodem
1281 2265 1374 2328 Paulo
1393 2266 1424 2326 in
1440 2281 1495 2327 suo
1512 2264 1604 2325 Brevi
1624 2264 1735 2325 Trium
1750 2271 1900 2326 statuum

1152 2359 1321 2438 incipiente
1343 2359 1488 2433 refertur,
1511 2373 1566 2436 pro
1587 2359 1698 2420 sanctis
1720 2358 1792 2419 dicti
1814 2357 1901 2420 Ordi-

1153 2453 1200 2514 nis
1222 2461 1436 2528 recensentur,
1453 2452 1634 2530 sequacibus
1650 2452 1682 2513 in
1697 2452 1855 2513 indiarum
1869 2459 1901 2513 et

1153 2545 1247 2608 totius
1261 2546 1342 2607 orbis
1357 2545 1516 2606 christiani
1532 2544 1670 2623 partibus
1685 2561 1748 2606 non
1762 2552 1900 2619 careant,

1151 2663 1185 2707 ae
1201 2655 1234 2708 ut
1249 2639 1393 2721 exemplo
1407 2655 1610 2722 personarum
1626 2639 1684 2701 sub
1699 2645 1804 2723 regula
1816 2655 1903 2716 prae-

1152 2741 1205 2802 fati
1227 2737 1348 2802 Ordinis
1370 2738 1547 2800 virentium
1570 2737 1708 2801 fidelium
1730 2755 1833 2803 mores
1855 2756 1902 2802 re-

1153 2834 1340 2908 formentur,
1364 2833 1483 2895 uirtute
1503 2834 1763 2896 constitutionum
1784 2842 1902 2912 aposto·

1155 2929 1300 3003 lirarum,
1331 2943 1346 2986 a
1378 2927 1545 2990 Sanctitate
1577 2927 1744 2989 Alexandri
1773 2928 1837 2992 Vll.
1869 2930 1902 2991 in

1153 3022 1338 3101 quibusdam
1360 3021 1473 3083 litteris
1495 3023 1623 3099 Experti
1646 3020 1735 3086 orodis
1753 3023 1902 3102 incipien-

1154 3117 1246 3190 tibus,
1270 3115 1319 3178 die
1341 3131 1454 3176 xxrnr.
1478 3115 1545 3178 iulii
1575 3131 1717 3177 uocatu.
1741 3117 1829 3190 datis,
1853 3133 1902 3195 ap-

1154 3211 1363 3290 probatarum,
1386 3225 1461 3288 quas
1482 3208 1655 3288 praedictus
1677 3209 1819 3270 Pontifex
1841 3210 1903 3272 una

1152 3320 1224 3366 cum
1246 3301 1368 3366 Ordinis
1395 3301 1518 3364 statutis
1551 3301 1707 3362 observari
1736 3303 1902 3380 praecepit,

1154 3395 1323 3478 praedictos
1353 3394 1540 3455 missionum
1560 3395 1785 3456 commissarios
1806 3401 1838 3456 et
1858 3413 1903 3456 se-

1154 3490 1359 3552 minariorum
1381 3489 1576 3566 guardianos,
1595 3505 1628 3549 ac
1650 3487 1724 3549 alios
1746 3487 1905 3550 missionu-

1154 3583 1216 3645 rios
1237 3581 1274 3643 ab
1304 3581 1376 3660 ipsis
1407 3579 1606 3642 destinandos
1637 3581 1799 3658 augmenti
1831 3580 1904 3642 dicti

1154 3675 1275 3740 Ordinis
1306 3673 1521 3736 sollicitatores
1554 3674 1765 3749 instituimus,
1799 3675 1905 3752 eisque

1155 3767 1325 3848 recipiendi
1341 3767 1445 3828 fideles
1456 3767 1492 3828 ad
1508 3767 1592 3830 hunc
1603 3767 1751 3830 Ordinem
1763 3767 1903 3842 tertium,

1154 3861 1301 3940 illiusque
1322 3859 1545 3940 professionem
1567 3869 1598 3922 et
1617 3861 1843 3922 exactissimam
1857 3875 1906 3921 re-

1154 3954 1257 4032 gulae,
1281 3955 1366 4016 iuxta
1398 3953 1562 4032 praemissa
1595 3961 1708 4016 statuta
1731 3971 1763 4016 ac
1784 3953 1905 4017 Ordinis

1154 4047 1391 4110 constitutiones
1413 4047 1444 4108 in
1464 4045 1590 4124 speculo
1604 4048 1763 4126 seraphico
1777 4055 1906 4110 conten·

1156 4149 1198 4204 tas
1213 4147 1244 4203 et
1260 4140 1434 4220 explicatas,
1447 4139 1605 4218 sequelam
1622 4147 1651 4202 et
1663 4141 1903 4214 observantiam,

1154 4231 1365 4294 omnimodam
1388 4230 1564 4293 facultatem
1581 4231 1795 4310 impartimur3
1812 4232 1905 4310 ipsae-

1155 4341 1214 4406 que
1237 4326 1402 4402 utriusque
1429 4339 1521 4388 sexus
1552 4341 1712 4404 personae,
1734 4325 1768 4386 ad
1790 4332 1906 4386 statum

1155 4419 1211 4481 sibi
1234 4419 1265 4480 in
1281 4417 1361 4480 dicto
1376 4415 1489 4481 Ordine
1505 4419 1597 4480 tertio
1613 4419 1907 4498 correspondentem

1155 4513 1212 4576 sub
1233 4512 1332 4574 forma
1346 4512 1511 4590 praemissa
1527 4512 1686 4586 admissae,
1700 4511 1822 4574 cunctis
1837 4525 1906 4587 gra-

1157 4607 1217 4682 tiis,
1251 4605 1456 4682 indulgentiis
1484 4612 1515 4666 et
1546 4603 1795 4668 concessionibus
1827 4603 1908 4666 dicto

1155 4700 1261 4764 Ordini
1284 4698 1376 4760 tertio
1397 4715 1412 4758 a
1435 4698 1544 4762 Sancta
1572 4699 1652 4762 Sede
1677 4705 1712 4760 ut
1734 4697 1908 4777 praefertur

1156 4793 1242 4855 lactis
1263 4799 1294 4854 et
1320 4791 1458 4868 elargitis
1484 4807 1581 4870 aeque
1602 4791 1664 4854 frui
1691 4797 1852 4869 poterunt,
1875 4805 1909 4852 ac

1156 4886 1216 4946 illis
1239 4901 1386 4964 personae
1407 4885 1484 4946 aliae
1506 4885 1578 4946 dicti
1600 4883 1722 4947 Ordinis
1744 4884 1789 4946 uti
1808 4899 1841 4943 ac
1856 4897 1909 4961 po·

1157 4979 1208 5042 tiri
1230 4978 1335 5040 vatent
1355 4985 1385 5040 et
1408 4983 1650 5040 consueverunt.
1686 4975 1823 5040 Ulterius
1845 4983 1909 5038 tam

1157 5073 1251 5150 ipsius
1274 5071 1357 5133 tertii
1381 5071 1514 5146 Ordinis,
1538 5087 1631 5149 quam
1657 5070 1724 5132 aliis
1745 5071 1909 5149 utriusque

1156 5181 1247 5227 sexus
1281 5171 1403 5226 nostrae
1434 5165 1627 5226 obedientiae
1657 5181 1712 5226 seu
1744 5163 1908 5226 directioni

1157 5257 1301 5320 subiectis
1323 5257 1472 5336 personis,
1497 5258 1579 5319 intra
1599 5265 1630 5319 et
1644 5265 1730 5319 extra
1744 5256 1908 5318 seminaria

1158 5350 1290 5430 praelata
1312 5349 1508 5427 degentibus,
1526 5351 1558 5411 in
1581 5351 1708 5413 domino
1730 5349 1906 5422 suademus,

1159 5451 1194 5508 ut
1215 5445 1282 5504 uiae
1303 5445 1403 5508 crucis
1425 5459 1546 5522 gressus
1568 5449 1599 5505 et
1621 5445 1764 5506 devotam
1782 5441 1909 5503 illorum

1159 5553 1324 5616 gressuum
1356 5537 1590 5600 meditationem
1622 5553 1709 5599 more
1736 5535 1827 5597 solito
1848 5535 1910 5596 fre-

1159 5638 1324 5712 quentent,
1357 5639 1450 5710 atque
1480 5639 1552 5694 aute
1573 5630 1623 5691 vel
1645 5637 1713 5710 post
1744 5628 1909 5691 cuiuslibet

1160 5725 1369 5786 meditationis
1400 5723 1554 5787 morulam
1586 5731 1750 5785 consuetae
1778 5721 1832 5786 SS.
1857 5721 1909 5784 Sa-

1160 5819 1311 5880 crameuti
1325 5817 1466 5881 stationis
1480 5818 1635 5880 orationes
1650 5816 1794 5891 recitent,
1812 5822 1847 5877 ut
1861 5814 1909 5875 in-

1161 5910 1347 5992 dulgentias,
1371 5927 1449 5994 quae
1470 5927 1486 5974 a
1508 5911 1618 5976 Sancta
1646 5909 1725 5976 Sede
1751 5915 1911 5984 reuocatae
