1290 1819
327 181 356 199 174

321 219 377 233 evocat
384 217 465 237 privilegia
473 219 488 233 et
496 217 555 233 indulta
566 217 618 233 omnia
625 217 689 237 quibus-

321 241 339 256 115
349 241 425 260 personis,
431 241 499 257 ecclesiis
506 245 523 256 ac
530 241 567 256 locis
574 240 603 260 piis
614 243 645 256 tam
656 244 689 256 sae-

321 264 393 280 :nlaribus
405 268 450 284 quam
464 264 562 283 regularibus
575 264 688 283 cuiuscumque

321 287 381 306 thlinis.
392 288 517 307 congregationis
527 289 543 303 et
554 287 628 306 instituti,
634 291 688 307 quam-

323 314 382 330 umque
392 310 412 326 ob
422 315 483 326 causam
491 314 567 330 concessa,
573 311 629 331 quibus
637 310 688 326 indul-

321 336 361 352 §etur
372 336 390 350 ut
400 336 476 350 certarum
488 334 571 350 missarum
579 334 604 350 vel
614 334 688 350 anniver-

321 357 390 373 ariorum
398 357 507 376 celebratione,
515 359 542 373 aut
549 357 627 377 aliquibus
633 357 688 373 collec-

322 380 333 395 is
340 384 368 396 seu
375 381 477 399 orationibus,
485 381 554 400 plurium
561 381 643 396 missarum
652 384 688 396 one-

323 403 357 419 ibus
367 404 384 419 in
395 404 467 420 futurum
477 404 578 424 suscipiendis
588 404 657 419 satisfiat.

334 431 355 442 tv.
367 427 388 443 Ac
395 427 473 445 similiter,
480 431 527 443 omne
532 427 619 443 damnabile
626 427 688 442 lucrum

323 450 332 466 11
343 450 409 466 Ecclesia
420 455 501 466 removere
512 451 571 469 volens,
583 451 654 470 prohibet
665 455 688 466 51-

322 474 373 490 erdoti
386 474 413 494 qui
424 474 487 490 missam
500 474 567 494 suscepit
581 474 687 489 celebrandam

322 501 349 513 um
360 498 400 513 certa
408 498 512 517 eleemosyna,
520 501 539 513 ne
547 497 617 513 eamdem
624 497 687 513 missam

323 521 364 540 lteri,
372 523 415 540 parte
426 521 495 537 eiusdem
506 521 614 540 eleemosynae
623 521 653 536 sibi
663 524 687 536 re-

321 545 363 563 enta,
373 544 481 560 celebrandam
492 544 583 560 committat.

333 572 348 583 v.
361 568 446 586 Praeterea,
458 572 478 583 ne
488 568 504 583 in
515 567 592 586 ecclesiis,
604 567 620 582 in
630 567 687 586 quibus

321 595 360 607 *nera
375 591 457 606 missarum
472 591 487 606 in
503 593 596 610 perpetuum
616 590 687 610 imposita

321 616 355 633 unt,
367 614 452 630 sacerdotes
463 614 479 630 in
490 614 521 633 eis,
532 616 550 630 ut
561 618 587 634 par
598 615 626 632 est,
638 613 686 629 adim>

321 637 373 653 >lendis
384 637 465 657 tepidiores
474 641 491 653 ac
501 637 581 656 segniores
595 637 685 655 reddantur.

323 661 353 677 uod
364 665 411 676 onera
422 660 511 676 huiusmodi
521 664 557 676 eum
568 660 610 675 nulla
617 661 644 675 aut
653 664 687 679 par—

323 685 331 699 a
341 684 373 699 sint
389 684 456 700 utilitate
467 684 557 702 coniuncta,
571 683 626 699 statuit
639 685 686 702 atque

322 707 387 726 everoit,
398 709 416 723 ut
427 707 501 727 pecuniae
511 711 528 722 ac
539 707 578 722 bona
589 706 652 722 mobilia
662 710 686 721 ec-

321 731 366 749 lesiis,
378 731 455 750 capitulis,
466 731 541 750 collegiis,
548 730 655 750 hospitalibus,
662 734 686 745 so·

321 754 398 773 ietatibus,
412 754 566 773 congregationibus,
580 753 684 772 monasteriis,

321 778 414 793 onventibus
421 782 438 793 ao
446 777 483 793 locis
493 777 565 792 omnihus
576 779 608 793 tam
618 777 685 792 saecula-

321 801 354 816 ibus
364 805 411 820 quam
418 800 516 820 regularibus
523 802 568 820 atque
579 800 643 816 illorum
651 804 686 820 per-

321 824 353 840 enis
367 824 383 839 in
399 824 471 840 futurum
484 824 576 843 simpliciter
592 823 685 843 acquirenda

321 851 347 863 um
358 851 405 863 unere
416 849 491 867 perpetuo
498 848 580 863 missarum
588 847 685 862 celebranda-

321 875 352 889 um,
364 871 383 886 ab
393 871 411 886 iis
421 871 439 886 ad
452 875 491 890 quos
506 871 580 890 pertinet,
593 870 622 886 51111
635 870 684 890 poena

321 894 389 910 iterdicti
400 894 419 910 ab
433 894 504 914 ingressu
518 894 589 910 ecclesiae
601 894 633 914 ipso
645 894 684 910 lacto

321 918 413 936 icurrenda,
424 922 431 933 a
443 918 467 933 die
478 917 523 933 realis
538 917 644 937 acquisitionis
654 919 684 933 sla-

324 945 339 956 m
350 941 406 961 deponi
417 941 483 956 debeant
494 945 542 961 penes
554 941 608 956 aedem
618 945 684 959 sacram,

321 964 335 979 el
346 968 427 984 personam
438 964 468 979 fide
479 965 494 979 et
501 964 599 979 facultatibus
606 964 683 983 idoneam,

321 987 327 1003 1
335 987 408 1003 ellectum
415 987 440 1003 illa
447 991 475 1003 seu
483 987 546 1003 illorum
554 987 622 1006 pretium
630 991 683 1006 quam-

321 1011 378 1026 rimum
391 1010 485 1026 investiendi
496 1010 512 1026 in
523 1010 567 1026 bonis
579 1009 684 1026 immobilibus

321 1033 393 1049 uetueris
403 1037 440 1049 cum
450 1034 522 1053 expressa
529 1035 544 1049 et
552 1033 631 1049 individua
639 1037 683 1049 men>

321 1061 351 1072 one
361 1057 413 1072 oneris
420 1057 460 1076 quod
469 1057 499 1072 illis
509 1061 587 1072 annexum
598 1057 681 1077 reperitur.

322 1084 330 1095 c
341 1080 354 1095 si
368 1080 421 1095 eadem
434 1080 474 1095 bona
489 1077 575 1095 immobilia
591 1080 683 1096 auctoritate

321 1103 390 1119 aostolica
400 1103 472 1123 deinceps
482 1103 546 1119 alienari
557 1103 646 1123 contigerit,
657 1107 682 1119 eo-

321 1126 381 1142 nudem
396 1127 473 1146 prelium,
484 1127 514 1142 sub
528 1127 581 1142 eadem
595 1127 653 1146 poenal,
665 1129 682 1142 ut

321 1153 359 1169 ipra,
370 1150 433 1170 deponi,
445 1152 490 1169 atque
502 1150 517 1165 in
529 1149 562 1165 aliis
570 1150 614 1165 bonis
624 1150 682 1165 stabili-

321 1177 336 1189 as
347 1173 400 1189 itidem
411 1173 495 1189 fructiferis
506 1177 542 1188 eum
553 1173 623 1189 eiusdem
630 1173 682 1189 oneris

321 1196 401 1216 ¹petitione
415 1198 462 1216 atque
475 1197 563 1212 annexione
575 1197 646 1212 converti
656 1197 682 1212 de-

321 1222 347 1235 111.
358 1220 381 1236 Ad
389 1220 425 1236 haec
435 1224 477 1235 sacra
487 1220 591 1239 Congregatio
601 1220 682 1240 quibusvis

321 1243 383 1263 ipitulis,
394 1243 470 1262 collegiis,
481 1243 579 1259 societatibus
591 1245 606 1258 et
617 1247 681 1262 congre-

321 1266 401 1285 itionibus,
409 1270 471 1282 necnon
482 1266 555 1282 omnibus
562 1268 577 1281 et
584 1266 650 1285 singulis
658 1271 681 1282 ec-

321 1290 388 1305 esiaruni
400 1294 416 1305 ac
426 1290 489 1309 piorum
503 1290 572 1305 locorum
584 1292 614 1305 tarn
629 1293 680 1306 saecu-

322 1313 363 1329 rium
374 1317 421 1332 quam
433 1313 528 1332 regularium
535 1313 647 1332 superioribus,
656 1314 682 1329 vel

322 1337 340 1352 iis
351 1337 368 1352 ad
381 1340 420 1356 quos
431 1336 508 1356 pertinet,
523 1336 591 1352 districte
603 1337 680 1356 prohibet,

321 1363 327 1375 3
338 1360 353 1375 in
365 1362 444 1379 posterum
455 1363 501 1375 onera
513 1361 586 1379 perpetua
596 1360 681 1380 suscipiant

325 1384 388 1399 issar-um
400 1383 535 1401 celebrandarum,
548 1383 632 1398 saeculares
647 1384 681 1403 qui-

321 1411 341 1422 1111
352 1410 385 1422 sine
397 1406 466 1426 Episcopi
475 1406 499 1421 vel
510 1406 543 1422 eius
553 1406 630 1426 generalis
641 1407 680 1422 vica-

321 1430 331 1449 i,
343 1430 422 1449 regulares
433 1434 471 1445 vero
481 1430 515 1445 sine
522 1430 598 1449 generalis
610 1430 634 1445 vel
645 1434 680 1450 pro-

323 1453 375 1468 ncialis
386 1457 462 1468 consensu
473 1455 488 1468 et
499 1453 561 1468 licentia
572 1453 587 1468 in
597 1454 657 1473 scriptis
665 1456 680 1469 et

321 1476 354 1492 *atis
364 1476 469 1495 concedenda3
478 1476 547 1496 alioquin
555 1476 642 1495 saecularis,
653 1477 680 1497 qui

321 1500 353 1515 11115
366 1500 474 1519 prohibitionis
488 1502 591 1519 transgressor
604 1500 679 1518 extiterit,

321 1527 325 1538 1
332 1523 403 1543 ingressu
410 1523 483 1539 ecclesiae
490 1523 581 1539 interdictus
588 1523 608 1539 sit
614 1527 633 1539 eo
641 1524 678 1543 ipso:

576 186 608 199 tun.
620 187 666 199 Pon-r.
678 186 699 199 ms
709 187 724 199 t>-
736 186 751 199 ν.
762 186 804 199 enus
815 183 825 198 1.

716 216 791 236 regularis
801 219 839 232 vero
846 220 911 236 poenam
919 215 1011 236 privationis
1017 216 1090 232 omnium

716 240 808 259 officiorum,
820 244 859 260 quae
870 242 908 256 tunc
918 240 1001 259 obtinebit,
1009 244 1025 255 ac
1035 243 1090 259 perpe-

716 266 751 280 tuae
762 264 862 279 inhabilitatis
869 263 887 279 ad
894 264 923 279 alia
931 264 950 279 de
956 266 1009 279 cetero
1019 263 1090 279 obtinen-

716 287 740 306 da,
754 287 828 307 vocisque
839 287 898 303 activae
912 291 928 303 ac
942 287 1019 307 passivae.
1032 287 1090 307 absque

715 310 744 326 alia
760 310 872 330 declaratione,
889 311 963 326 incurrat.
980 310 1090 330 Eleemosynns

716 338 753 349 vero
761 334 840 350 manuales
847 336 863 350 et
870 334 966 354 quotidianas
973 338 1001 354 pro
1008 334 1059 349 missis
1065 338 1090 349 ce-

716 357 792 373 lebrandis
800 357 820 373 ita
828 358 862 373 dem
865 362 890 373 um
897 357 945 373 iidem
950 357 1018 377 accipere
1023 357 1088 377 possint,

715 381 727 396 si
738 381 812 396 oneribus
819 383 864 396 antea
871 381 946 400 impositis
954 381 974 396 ita
981 380 1089 399 satisfecerint,

716 406 733 420 ut
743 408 783 419 nova
797 408 859 424 quoque
869 408 916 419 onera
929 404 1007 423 suscipere
1017 404 1088 422 valeant,

715 427 784 447 alioquin
795 428 860 443 omnino
874 427 962 443 abstineant
971 427 990 443 ab
1000 427 1088 443 huiusmodi

715 451 822 471 eleemosynis,
831 451 878 466 etiam
888 452 943 471 sponte
951 450 1011 469 oblatis,
1019 451 1036 466 in
1046 450 1090 466 tutu-

715 478 751 490 rum
766 474 867 494 recipiendis,
881 476 896 489 et
907 474 975 494 capsulas
988 474 1060 490 auferant
1070 474 1089 489 ab

714 497 782 513 ecclesiis
792 502 828 513 curn
840 497 941 517 inscriptione
951 497 977 512 illa
986 497 1089 516 Eleemosyna

714 525 743 540 pro
754 521 814 539 missis,
822 521 847 536 vel
855 521 884 536 alizl
894 520 947 539 simili,
955 520 984 536 sub
991 520 1045 536 iisdem
1053 524 1089 540 poe-

715 544 739 559 nis
750 544 782 564 ipso
792 544 832 559 facto
846 543 953 562 incurrendis,
967 547 986 559 ne
997 543 1050 559 fideles
1060 544 1088 559 hac

714 567 774 583 ratione
784 567 886 583 frustrentur.

734 595 755 606 vi.
764 591 847 610 Episcopus
854 594 898 609 vero,
905 594 933 606 seu
940 590 973 606 eius
981 590 1052 609 vicarius,
1061 592 1087 606 aut

714 614 790 633 generalis
801 613 826 629 vel
840 613 944 633 provincialis,
956 613 983 630 ubi
993 614 1012 630 de
1024 614 1087 630 licentia

713 641 741 657 pro
752 637 830 657 perpetuis
837 637 910 653 oneribus
919 637 978 653 luerint
984 637 1061 657 requisiti,
1070 638 1086 653 111

712 661 778 680 singulis
784 661 843 676 casibus
850 661 933 680 diligenter
941 661 1022 680 inquirant
1029 661 1048 677 de
1055 661 1087 676 sin-

713 684 753 703 gulis
764 684 846 700 missarum
853 684 980 700 celebrandarum
989 684 1087 704 obligationi*

712 707 741 722 bus
751 707 806 727 cuique
817 707 898 726 ecclesiae,
911 708 1005 723 monasterio
1016 710 1043 723 aut
1053 707 1086 723 low

712 730 737 749 pio
753 730 888 750 incumbentibus;
903 734 932 746 nec
945 732 991 746 antea
1006 735 1086 747 assensum

711 753 800 769 huiusmodi
810 756 837 769 aut
847 754 926 769 licentiam
940 754 1027 773 praebeant,
1039 758 1086 774 quam

712 777 733 793 eis
741 777 810 796 legitime
817 777 905 793 constiterit
912 777 954 793 illius
961 778 1047 793 sacerdotes
1054 780 1085 793 tam

712 804 753 816 novo
763 801 807 816 oneri
817 800 915 820 suscipiendo
922 804 969 820 quam
979 801 1048 820 antiquis
1055 801 1085 816 iam

711 824 786 843 susceptis
796 823 883 839 satislacere
896 828 945 843 posse,
957 824 1086 844 praecipuamque

711 847 788 863 rationem
798 847 865 862 habeant
872 849 890 863 ut
897 847 972 866 redditus,
980 847 1007 867 qui
1017 847 1085 863 ecclesiis

711 872 727 886 ot
737 870 774 886 locis
784 870 813 890 piis
820 870 938 890 relinquuntur,
947 871 1012 886 omnino
1022 875 1086 891 respon-

711 894 757 910 deant
764 894 837 910 oneribus
844 894 920 910 adiunctis
930 894 1016 910 secundum
1024 898 1085 910 morem

710 918 823 937 cuiuscumque
829 917 896 933 civitatis
903 917 929 933 vel
936 917 1030 937 provinciae,
1039 918 1085 933 intel-

711 941 796 961 ligantque,
807 941 820 956 si
831 941 847 956 111
858 945 876 956 re
886 941 925 956 tanti
939 941 1015 957 momenti
1025 941 1084 957 dmidoe

710 966 737 979 aut
748 964 846 983 negligentes
861 964 925 983 luerint,
936 964 953 979 in
964 964 1049 979 novissimo
1060 964 1084 980 die

710 991 726 1003 se
740 988 786 1003 huius
802 987 907 1007 praetermissi
923 987 993 1003 muneris
1007 987 1084 1003 rationem

709 1014 743 1026 esse
753 1010 845 1026 reddituros.

730 1038 758 1049 vn.
770 1034 849 1049 Postremo
857 1033 957 1049 illustrissimi
965 1035 1016 1053 patres
1024 1038 1056 1049 non
1063 1033 1083 1049 si-

710 1061 730 1072 ne
741 1057 785 1076 gravi
795 1057 844 1072 animi
854 1057 907 1072 dolore
921 1057 1032 1076 intelligentes,
1043 1057 1083 1072 mala

709 1080 742 1095 lere
757 1080 817 1099 omnia,
830 1084 871 1100 quae
884 1080 972 1100 regularem
986 1080 1083 1100 disciplinam

709 1105 789 1122 evertunt,
800 1108 817 1119 ac
828 1104 910 1123 praecipue
920 1103 985 1119 nimiam
998 1104 1038 1119 hauc
1048 1103 1083 1119 ‘aci-

709 1126 768 1142 litatem
779 1126 833 1142 l'ovent
841 1127 857 1142 in
865 1127 938 1142 oneribus
947 1127 1030 1143 mimarum
1037 1131 1083 1146 supra

709 1150 750 1165 vires
760 1150 867 1169 suscipiendis,
879 1150 927 1166 veluti
937 1154 956 1166 ex
967 1150 1023 1166 inlecta
1033 1150 1083 1166 radice

709 1173 786 1193 pullulare
801 1177 820 1188 ex
835 1173 890 1189 maiori
905 1173 1001 1193 regularium
1017 1177 1083 1189 numero

708 1200 755 1216 quarn
763 1196 813 1212 serant
821 1196 890 1212 redditus
895 1199 911 1212 et
918 1197 1025 1216 eleemosynae
1032 1197 1084 1213 cuius-

708 1224 739 1239 que
755 1220 854 1239 monasterii,
870 1220 969 1236 inhaerentes
984 1224 1083 1236 summorum

708 1243 801 1259 Pontificum
808 1247 825 1259 ac
832 1243 871 1259 sacri
882 1243 947 1259 Concilii
959 1243 1046 1259 Tridentini
1057 1243 1084 1259 ‹le-

707 1267 754 1282 cretis
764 1266 792 1282 hac
802 1267 821 1282 de
832 1271 849 1282 re
859 1266 910 1285 editis,
921 1267 1012 1282 sanctissimi
1023 1267 1083 1282 domini

709 1289 758 1305 nostri
768 1290 859 1305 auctoritate
873 1290 970 1309 praecipiunt
982 1294 999 1305 ac
1009 1290 1083 1305 mandant

708 1313 781 1328 omnibus
792 1315 808 1328 et
818 1313 885 1332 singulis
899 1313 1007 1332 generalibus,
1020 1313 1083 1333 provin-

707 1336 780 1355 cialibus,
793 1336 911 1355 commissariis,
926 1337 1011 1355 ministris,
1026 1336 1082 1356 praesi-

707 1359 785 1378 dentibus,
798 1360 884 1378 abbatibus.
893 1360 974 1379 prioribin,
986 1360 1082 1379 praepositis,

707 1383 800 1401 guardianis,
815 1383 876 1399 vicariis
887 1385 902 1398 et
913 1383 1037 1403 quibuscumque
1049 1383 1082 1398 aliis

706 1406 812 1425 superioribus
822 1406 963 1425 monasteriorum,
974 1408 1082 1422 conventuum

706 1433 723 1444 ac
733 1429 815 1444 domorum
830 1429 933 1448 regularium,
947 1429 985 1445 bona
996 1429 1082 1445 immobilia

707 1453 819 1472 possidentium
825 1453 850 1468 vc!
861 1457 893 1468 uon
904 1453 1022 1472 possidentium,
1030 1453 1082 1468 cuius-

706 1480 773 1495 cumque
783 1476 850 1495 Ordinis,
858 1476 983 1495 congregationis
990 1478 1006 1492 et
1014 1476 1082 1492 instituti

707 1500 807 1515 existentium
817 1500 858 1515 intra
867 1500 905 1515 [ines
912 1500 964 1515 ltaliae
971 1502 986 1515 et
994 1500 1081 1515 insularum

707 1522 816 1542 adiacentium,
828 1525 846 1539 ut
856 1523 920 1543 singuli.
929 1524 946 1539 ad
957 1527 996 1543 quos
1006 1523 1081 1543 pertinet,

1105 179 1133 196 An.
1139 182 1156 196 G.

1166 181 1200 196 16⁹7

1096 591 1205 616 missum&

1096 617 1128 629 dun
1148 618 1204 630 'uulla-

1096 632 1122 643 iem
1139 634 1154 643 m

1165 632 1204 643 rusci·

1096 644 1203 673 attatum*

1099 1035 1118 1046 Ne
1126 1034 1177 1046 lnmllin
1184 1037 1201 1046 ro-

1092 1047 1201 1073 ὲῊὲἷἻὲἔῖηῗιῖἑ

1092 1074 1186 1086 mennatum-n
1197 1083 1200 1089 ,

1092 1090 1116 1099 nee
1129 1088 1143 1100 111

1158 1089 1200 1102 Μω-

1092 1104 1126 1126 :2¹:3¹0
1135 1102 1200 1127 1ῗέἔῖῗὲ

1092 1129 1141 1153 31ἕῖιῖ
1146 1150 1149 1153 ⁴

1159 1129 1199 1140 :touls
