4866 6980
126 1557 273 1608 Clausulas.

97 2675 236 2736 derogatio
244 2684 304 2720 con·

85 2733 235 2776 tremorum.

138 3137 214 3184 rides
229 3141 303 3184 tran-

87 3195 258 3248 sumptorum.

963 605 1173 654 innocunrlus
1195 606 1238 651 xl.

322 722 427 801 rnqnc
450 723 590 802 personis
613 721 711 786 diotae
733 713 1016 802 congregationis,
1032 730 1067 786 ut

322 815 469 878 omnihus
495 823 526 878 et
546 815 679 893 singulis
708 817 879 896 privilegiis
900 823 931 880 et
959 817 1067 894 gratiis

320 905 532 984 spiritualibus
554 915 696 984 tantum,
718 908 830 987 qcribus
851 909 1016 988 potiuntur
1037 915 1067 970 et

321 1001 456 1076 gaudent
468 1001 732 1078 congregationes
744 1001 937 1064 cassinenses
950 1009 981 1064 et
992 1000 1068 1062 aliae

321 1093 393 1156 dieti
407 1092 530 1157 Ordinis
545 1094 649 1157 Sancti
664 1093 832 1170 Benedicti,
845 1095 937 1174 potiri
949 1102 981 1156 et
995 1109 1068 1172 gau·

320 1184 394 1247 dere
414 1187 546 1265 possint,
565 1187 747 1250 auctoritate
767 1187 942 1268 apostolica,
960 1195 1069 1250 tenore

320 1278 550 1356 praesentium,
577 1278 774 1342 corrredimus
795 1284 827 1342 et
848 1279 1066 1356 indulgemus3

318 1369 401 1432 salva
414 1375 517 1434 tamen
527 1387 648 1452 semper
659 1373 692 1434 in
704 1373 875 1452 praemissis
887 1372 1068 1436 auctoritate

321 1463 577 1540 Congregationis
588 1474 833 1529 memoratorum
846 1464 1065 1528 cardinalium.

360 1557 379 1632 ἓ
399 1556 429 1618 3.
453 1557 661 1620 decernentes
675 1558 798 1621 easdem
820 1563 997 1636 praesentes
1019 1556 1068 1618 lit-

322 1656 401 1711 teras
423 1649 538 1726 firmas,
559 1649 672 1712 validas
685 1659 717 1714 et
732 1651 866 1714 efficaces
888 1650 1023 1712 existere
1038 1655 1068 1710 et

320 1739 397 1816 lore,
412 1758 546 1822 suosque
567 1743 722 1822 plenarios
735 1750 766 1805 et
782 1744 920 1820 integros
941 1742 1069 1804 ellectus

319 1835 423 1896 sortiri
446 1845 477 1898 et
498 1836 652 1912 obtinere,
677 1853 711 1900 ac
732 1837 806 1912 illis,
829 1837 864 1896 ad
887 1852 963 1915 quos
984 1834 1068 1913 spec-

320 1935 364 1990 tat
385 1937 415 1990 et
436 1945 492 2008 pro
513 1937 654 2009 tempore
675 1932 933 2009 quandocumque
953 1937 1068 2006 specta-

321 2021 376 2096 bit,
400 2021 431 2082 in
459 2023 605 2084 omnibus
626 2031 657 2088 et
678 2039 733 2102 per
754 2023 858 2084 omnia
887 2021 1069 2118 plenissime

320 2113 498 2190 suliragari,
520 2115 625 2194 sicque
647 2116 679 2177 in
700 2115 878 2193 praemissis
903 2130 958 2193 per
978 2129 1070 2192 quos-

320 2219 456 2283 cumque
487 2207 603 2272 iudices
634 2207 807 2270 ordinarios
838 2215 869 2269 et
895 2205 1067 2282 delegatos,

321 2297 415 2360 etiam
428 2315 591 2369 causarum
608 2299 709 2380 palatii
728 2299 885 2380 apostolici
901 2297 1067 2374 auditores,

321 2391 450 2454 iudicari
472 2399 503 2453 et
530 2393 654 2456 deliniri
687 2394 811 2468 debore,
836 2409 870 2456 ac
891 2393 1016 2456 irritum
1038 2402 1069 2454 et

322 2483 416 2546 inane
436 2485 462 2546 si
484 2501 572 2548 secus
592 2503 685 2566 super
706 2487 781 2548 hisa
803 2501 971 2566 quoquam,
995 2499 1071 2564 qna·

321 2575 369 2638 ris
399 2579 599 2654 auctoritate,
629 2581 763 2642 scienter
795 2579 845 2642 vel
871 2581 1067 2657 ignoranter,

322 2668 487 2746 contigerit
503 2672 659 2734 attentari.
678 2671 748 2734 Non
760 2673 951 2736 obstantibus
966 2672 1069 2733 nostri

322 2767 353 2822 et
374 2761 582 2826 cancellariae
595 2765 776 2845 apostolicae
797 2765 905 2843 regula
919 2767 955 2828 de
968 2763 1069 2826 indul-

322 2855 436 2930 gentiis
456 2856 605 2920 adinstar
622 2874 686 2922 non
708 2859 925 2932 concedendis,
940 2857 1069 2936 aliisque

320 2948 595 3012 constitutionibus
615 2959 647 3013 et
661 2951 906 3014 ordinationibus
927 2950 1071 3030 apostoli-

321 3039 375 3115 cis,
397 3043 570 3122 ceterisque
591 3046 753 3118 contrariis
767 3046 1026 3124 quibuscumque.

360 3135 380 3210 ἓ
400 3134 430 3195 l.
451 3133 602 3200 Volumus
617 3146 723 3202 autern
737 3147 773 3201 ut
786 3140 968 3202 earumdem
983 3155 1068 3218 prae·

321 3227 460 3290 sentium
474 3229 651 3294 litterarum
666 3233 879 3312 transumptis,
894 3249 950 3295 seu
964 3247 1068 3294 enem-

320 3319 391 3398 plis,
413 3325 508 3385 etiam
528 3323 696 3403 impressis,
719 3341 814 3388 manu
835 3326 967 3390 alicuius
983 3333 1068 3389 nota-

321 3413 359 3476 rii
374 3415 490 3493 publici
503 3419 694 3499 subscriptis,
710 3427 740 3482 et
754 3420 857 3498 sigillo
872 3437 1021 3500 personae
1036 3421 1068 3484 in

320 3508 522 3574 ecclesiastica
543 3511 694 3590 dignitate
715 3513 900 3577 constitutae
925 3515 1067 3590 munitis,

320 3603 428 3666 eadem
453 3620 578 3682 prorsus
606 3607 681 3668 lidos
703 3608 818 3670 tamin
841 3607 954 3672 iudicio
975 3625 1067 3689 quam

320 3703 405 3759 entra
417 3697 493 3762 illud
509 3699 668 3775 habeatur,
682 3715 761 3779 quae
772 3701 843 3780 ipsis
854 3704 1068 3779 praesentibus

320 3793 487 3854 haberetur
507 3793 532 3853 si
553 3791 656 3856 lorent
677 3793 829 3856 exhibitae
851 3794 900 3856 vel
915 3804 1065 3860 ostensae.

363 3893 473 3948 ilatum
487 3885 614 3961 Romae,
630 3887 709 3965 apud
725 3886 755 3950 S.
771 3887 896 3950 Mariam
908 3891 1066 3967 Maiorem,

320 3981 379 4042 sub
399 3980 515 4042 annulo
536 3979 709 4055 Piscatoris,
724 3980 774 4042 die
791 3997 861 4042 xrrr.
883 3983 1067 4060 septembris

321 4091 536 4148 uncnxnxrn,
559 4073 753 4152 pontificatus
780 4075 877 4136 nostri
898 4093 981 4138 anno
1003 4094 1058 4138 vn.

654 4359 737 4422 xix.

323 4545 499 4625 Confirmat
521 4547 651 4609 litteras
679 4551 824 4623 potentes
852 4545 995 4606 ministri
1017 4561 1066 4624 pe·

359 4641 481 4704 nonalis
507 4641 638 4703 Ordinis
661 4639 824 4702 Minorem
839 4639 946 4700 sorceti
963 4637 1066 4699 Fron·

359 4734 437 4794 cisti
459 4734 495 4796 de
519 4731 742 4803 disan-ontio,
755 4739 784 4792 et
808 4731 970 4793 decretum
988 4731 1065 4794 Cor·

359 4827 480 4889 dinolis
495 4826 697 4903 protectorio,
715 4824 806 4886 circo
820 4825 1065 4901 exequutionem

358 4921 576 4982 ulternotionc
604 4920 640 4980 in
667 4919 843 4994 prouinciis
872 4918 1008 4980 Limone
1035 4927 1064 4980 et

359 5013 395 5074 dc
417 5014 465 5076 los
491 5011 632 5080 Chorene
654 5012 730 5092 (l).r

489 5180 743 5250 tttttoefitttttts
766 5182 826 5250 ΡΡ.
852 5181 898 5248 ill.

459 5305 648 5374 adiuturam
670 5306 713 5372 rei
742 5305 922 5371 memorien.

329 5543 333 5548 ,
358 5488 378 5560 5
403 5486 427 5546 l.
452 5485 573 5564 liuponi
602 5483 690 5546 nohis
711 5498 812 5560 nuper
836 5481 907 5542 iecit
935 5481 1065 5542 dilectus

321 5579 402 5641 lilius
430 5578 538 5641 Petrus
567 5577 702 5640 hiarinus
727 5575 897 5641 Sormnnus
922 5574 1065 5635 minister

1813 583 1850 648 pp
1903 575 2091 634 nn.c.1oea

1124 721 1279 800 generalis
1300 722 1421 788 Ordinis
1442 723 1572 786 iratrum
1594 722 1751 786 hlinorum
1773 720 1871 783 sancti

1124 815 1277 878 Francisci
1309 817 1347 879 de
1378 816 1577 882 Obseruantia
1605 822 1869 892 nuncupatorum,

1124 910 1218 988 quod,
1240 925 1311 970 cunr
1334 925 1390 972 nos
1404 925 1459 988 per
1480 910 1626 988 qtrasdam
1648 917 1767 971 nostras
1786 907 1818 968 in
1832 906 1872 968 si·

1124 999 1191 1062 mili
1208 1001 1303 1064 lormt
1325 1003 1432 1065 ureris
1447 1002 1565 1064 litteras
1580 1003 1740 1064 decretum
1755 1001 1787 1062 in
1803 1015 1873 1062 cau-

1123 1093 1155 1156 si
1176 1093 1380 1157 alternativac
1400 1096 1483 1158 inter
1494 1093 1604 1156 iratres
1625 1095 1747 1156 nativos
1768 1093 1871 1172 llispa·

1125 1201 1180 1248 nos
1202 1194 1233 1248 et
1253 1186 1364 1250 iratres
1386 1187 1517 1251 Criollos
1538 1194 1732 1264 nuncupatos
1746 1185 1871 1264 provin·

1124 1279 1241 1342 ciarum
1263 1281 1410 1342 himanae
1431 1282 1510 1344 etde
1526 1280 1567 1342 las
1590 1280 1719 1344 Charcas
1734 1279 1766 1342 in
1778 1278 1872 1340 indiis

1124 1372 1370 1436 Occidentalibus
1385 1373 1458 1436 dicti
1470 1373 1592 1437 Ordinis
1607 1381 1752 1436 vertente
1765 1387 1780 1432 a
1793 1372 1872 1434 Con·

1125 1465 1872 1542 gregationevenerabiliumiratrumnostrorum

1125 1559 1155 1622 S.
1173 1557 1208 1620 b.
1228 1559 1262 1620 E.
1276 1559 1489 1622 Cardinalium
1511 1559 1644 1637 negotiis
1666 1566 1697 1622 et
1719 1557 1872 1620 consulta·

1124 1651 1261 1714 tionibus
1283 1652 1504 1731 Episcopornm
1523 1660 1554 1716 et
1568 1651 1771 1729 Regularium
1787 1665 1872 1728 prae·

1125 1745 1221 1823 posita
1242 1752 1423 1822 emanatum
1443 1747 1726 1819 confirmassemus,
1740 1744 1805 1822 ipse
1819 1743 1873 1805 Pe·

1126 1846 1191 1900 trus
1213 1837 1349 1900 blarinus
1375 1837 1517 1902 minister
1539 1839 1692 1916 generalis
1717 1837 1874 1900 executio·

1125 1945 1198 1990 nem
1220 1930 1423 1993 alternatirae
1443 1947 1477 1994 ac
1502 1931 1619 1994 decreti
1640 1939 1672 1994 et
1697 1931 1872 1994 litterarum

1125 2031 1302 2086 nostrarum
1331 2023 1511 2086 huiusmodi
1532 2025 1651 2088 dilectis
1679 2025 1773 2086 etiam
1802 2023 1873 2085 filiis

1124 2117 1343 2178 commissariis
1357 2119 1420 2180 suis
1432 2118 1629 2195 generalibus
1642 2125 1704 2180 tam
1716 2116 1873 2180 indiarum

1125 2208 1158 2270 iu
1179 2209 1264 2272 curiai
1285 2211 1433 2273 carissimi
1448 2212 1481 2272 in
1497 2211 1618 2274 Christo
1633 2211 1689 2272 lilii
1705 2211 1802 2273 nostri
1819 2211 1873 2272 Ca-

1125 2301 1183 2363 roli
1211 2303 1428 2382 Hispaniarum
1457 2305 1538 2380 regis
1566 2303 1707 2366 catholici
1735 2304 1871 2366 residen-

1125 2395 1218 2471 tibus,
1246 2411 1340 2474 quanr
1368 2397 1601 2476 provinciarum
1630 2396 1872 2460 Peruntinarum

1124 2486 1247 2558 Ordinis
1262 2489 1420 2567 praedicti,
1436 2505 1508 2552 curu
1523 2488 1685 2554 nonnullis
1701 2488 1871 2567 praeceptis

1124 2585 1155 2641 et
1177 2580 1425 2644 ordinationibus
1446 2582 1642 2646 demandavit
1657 2596 1712 2661 per
1726 2579 1873 2658 quasdam

1124 2689 1193 2736 suas
1218 2680 1360 2752 patentes
1389 2675 1506 2738 litteras
1535 2671 1667 2754 desuper
1699 2675 1871 2752 expeditas,

1125 2767 1242 2828 tenoris
1263 2768 1317 2846 qui
1339 2769 1492 2846 sequitur,
1515 2768 1676 2831 videlicet:

1164 2875 1183 2918 ι
1198 2860 1305 2922 Frater
1320 2861 1428 2924 Petrus
1444 2861 1579 2924 Marinus
1594 2861 1764 2924 Sormanus
1779 2877 1794 2920 a
1810 2859 1871 2920 lle-
1927 2862 2046 2908 pannias
2061 2861 2105 2906 mr-

1892 2915 1965 2960 histri
1977 2915 2105 3014 generalis

1124 2951 1258 3027 diolano,
1286 2954 1534 3031 en-guardianus
1561 2953 1870 3032 hierosolymitanus
1890 2970 1917 3014 tn
1933 2968 1977 3067 qur
1998 2979 2028 3014 us
2043 2969 2105 3014 rera-

1124 3061 1157 3115 ac
1170 3045 1263 3106 totius
1270 3045 1393 3110 Ordinis
1403 3049 1553 3127 seraphici
1562 3048 1658 3126 patris
1670 3046 1767 3108 nostri
1776 3046 1871 3106 Fran·
1891 3024 2105 3131 'ssggflgsffiffifif

1123 3137 1194 3200 oisci
1216 3139 1359 3202 minister
1380 3141 1533 3218 generalis
1554 3148 1585 3204 et
1605 3157 1727 3216 servus,
1750 3148 1808 3201 etc.
1889 3087 2103 3228 ἓξνθῇζξξῃξξξζ

1133 3291 1137 3296 ,
1164 3231 1269 3308 Exigit
1290 3249 1306 3294 a
1329 3233 1417 3295 nobis
1439 3235 1580 3297 muneris
1598 3234 1697 3296 nostri
1719 3233 1869 3304 debitum,
1889 3247 1941 3284 vae.

1124 3331 1171 3400 nt,
1194 3340 1272 3403 quae
1294 3341 1350 3405 pro
1371 3325 1452 3390 lelici
1473 3329 1667 3398 concreditae
1689 3327 1777 3391 nobis
1800 3323 1871 3386 reli-

1124 3417 1225 3494 gionis
1250 3418 1426 3498 seraphicae
1455 3420 1608 3497 gubernio
1634 3421 1685 3484 rel
1710 3438 1726 3482 a
1747 3419 1872 3500 praede·

1123 3510 1295 3574 sessoribus
1316 3513 1430 3576 nostris
1451 3513 1502 3576 rel
1524 3530 1540 3574 a
1561 3515 1702 3593 capitulis
1718 3515 1871 3592 generali·

1124 3602 1181 3666 bus
1199 3604 1266 3666 sive
1286 3606 1381 3668 etiam
1401 3606 1439 3668 ab
1460 3607 1632 3686 apostolica
1657 3607 1736 3671 Sede
1757 3608 1873 3670 sancita

1123 3703 1209 3771 sunt,
1231 3697 1445 3760 omnimodam
1458 3701 1630 3764 sortiantur
1651 3703 1871 3764 executionem

1124 3793 1155 3850 et
1176 3789 1415 3866 observantiam,
1438 3806 1536 3870 eaque
1556 3808 1628 3870 prae
1651 3793 1773 3868 ceteris,
1795 3809 1874 3871 quae

1123 3895 1179 3959 pro
1201 3881 1397 3946 eliminandis
1418 3884 1587 3961 discordiis,
1611 3893 1642 3947 et
1663 3887 1823 3949 concordii
1839 3903 1873 3948 ao

1124 3989 1195 4054 pace
1223 3975 1306 4037 inter
1337 3975 1499 4053 religiosos
1532 3981 1647 4042 tuenda
1674 3997 1708 4042 ao
1729 3987 1872 4041 manute-

1124 4067 1238 4144 nendi,
1255 4069 1393 4132 ordinata
1408 4079 1493 4134 sunt.
1511 4072 1610 4135 liuius
1624 4073 1787 4152 praecipue
1801 4073 1872 4134 linis

1124 4158 1243 4222 intuitu
1263 4161 1295 4223 in
1318 4163 1450 4241 capitulo
1463 4165 1600 4242 generali
1623 4164 1671 4228 hic
1693 4165 1808 4228 Romae
1823 4181 1870 4226 ce-

1124 4251 1239 4314 lebrato
1261 4269 1368 4318 mense
1390 4257 1469 4320 iunii
1491 4275 1658 4335 unciaru,
1684 4258 1871 4320 instantibus

1122 4343 1299 4408 custodibus
1320 4357 1351 4409 et
1373 4351 1584 4427 proministris
1605 4360 1724 4430 septem
1751 4359 1869 4414 nostra-

1123 4452 1194 4498 rum
1215 4437 1434 4504 Obseruantiae
1449 4444 1681 4520 provinciarum
1702 4445 1792 4522 regni
1815 4445 1870 4506 Pe-

1122 4531 1212 4592 ruani
1235 4531 1266 4593 in
1288 4533 1382 4595 indiis
1396 4535 1651 4612 Occidentalihus,
1670 4546 1801 4616 utroque
1816 4555 1872 4600 an·

1122 4631 1242 4686 nuente
1255 4625 1442 4703 delinitorio,
1455 4631 1657 4708 partibusque
1671 4630 1794 4706 auditis,
1811 4631 1870 4692 luit

1121 4719 1282 4780 decretum
1303 4721 1360 4782 suh
1388 4721 1438 4784 die
1460 4738 1488 4781 v.
1513 4722 1650 4784 eiusdem
1680 4723 1809 4798 mensis,
1836 4731 1870 4785 ut

1122 4810 1154 4872 in
1177 4811 1250 4889 ipsis
1273 4813 1362 4874 lieret
1388 4815 1572 4878 alternative
1600 4817 1683 4879 inter
1709 4817 1870 4893 religiosos

1122 4903 1270 4983 llispanos
1296 4907 1450 4968 dictarum
1476 4910 1708 4987 provinciarum
1736 4911 1816 4972 lilios
1839 4917 1870 4972 et

1121 4995 1282 5084 religiosos
1313 5000 1484 5060 nationales
1512 5001 1607 5077 vulgo
1636 5002 1766 5064 Criollos
1786 5018 1871 5079 nun-

1121 5098 1257 5168 cupatos,
1280 5107 1316 5151 eo
1337 5091 1429 5152 morlo
1450 5110 1511 5170 quo
1530 5095 1705 5158 introducta
1728 5096 1820 5158 luerit
1836 5096 1873 5156 in·

1122 5183 1289 5260 provinciis
1310 5185 1475 5248 llenicanis
1495 5204 1551 5250 scu
1572 5187 1677 5250 Novae
1694 5189 1865 5266 Hispaniae.

1122 5277 1198 5338 lluic
1212 5277 1336 5340 decreto
1355 5281 1566 5368 annuentibus
1580 5281 1703 5359 ceteris
1719 5285 1822 5346 solum
1836 5302 1869 5346 se

1121 5376 1263 5451 opposuit
1283 5376 1432 5438 Limanae
1453 5379 1629 5456 provinciae
1654 5382 1867 5458 prominister,

1121 5471 1174 5548 qui
1195 5487 1280 5546 curn,
1302 5471 1424 5532 auditus
1444 5471 1482 5533 ab
1503 5473 1611 5534 codem
1626 5471 1759 5551 capitulo
1774 5494 1869 5553 gene·
1956 5485 1958 5490 ’

1122 5572 1189 5647 ruli,
1212 5573 1293 5636 nihil
1316 5570 1457 5634 relevans
1479 5573 1668 5650 deduxisset,
1688 5575 1801 5651 prodiit
1823 5593 1869 5638 sc·

360 5851 389 5904 il)
405 5852 441 5892 htx
456 5848 558 5904 negent.
575 5847 601 5892 in
613 5847 687 5890 hrch.
704 5851 774 5890 ltrev.
792 5849 826 5890 bc
841 5845 889 5889 hac
902 5842 1062 5888 alternatird
1117 5843 1219 5898 apirilis,
1231 5847 1301 5900 pont.
1313 5857 1379 5900 vnn,
1395 5845 1508 5890 habetur
1523 5829 1677 5890 reformatio
1691 5845 1868 5892 alteritatirae

319 5917 377 5962 ride
391 5915 596 5960 constitutiones
606 5916 633 5958 et
642 5914 747 5958 decreta
756 5913 864 5958 laudata
875 5912 901 5956 in
912 5910 1011 5956 litteris
1022 5921 1063 5966 pn·
1118 5921 1165 5966 pro
1180 5912 1314 5967 provincia
1330 5917 1353 5956 S.
1370 5913 1455 5958 iacobi
1470 5912 1497 5958 in
1514 5913 1644 5970 llispaniu.

319 5983 443 6029 tentibus.
465 5981 658 6028 Constitutione
679 5992 740 6026 vero
753 5981 791 6025 ed.
807 5991 963 6026 mdcxxxrv..
980 5978 1022 6023 die
1036 5981 1062 6022 m
