4878 6982
1021 587 1163 634 etunuas
1185 587 1228 632 x1.
1821 563 1879 628 243
1930 561 2028 620 Aac.
2050 563 2119 616 1706

1195 703 1329 768 citatori
1341 701 1532 780 apostolico,
1541 701 1638 780 eiasq.
1650 716 1804 763 censuras
1815 713 1901 778 sprc-

1196 801 1319 860 oeraat.
1338 795 1490 858 &clarat
1504 791 1543 856 ab
1555 793 1606 856 bis
1619 792 1900 870 Arcttcplsccpam

1198 889 1344 952 Goaaam
1358 885 1517 950 absolvere
1529 901 1593 947 aaa
1607 887 1768 964 potatam
1790 885 1818 946 ei
1830 901 1901 962 pro·

1196 983 1287 1053 iate,
1324 978 1453 1044 absente
1489 978 1673 1050 Visitatorc,
1706 979 1900 1059 facultatem

1195 1075 1320 1154 coateri
1343 1073 1426 1144 illos,
1443 1073 1471 1134 si
1492 1072 1702 1148 resipuerint.
1719 1069 1900 1134 absolvendi

1195 1175 1225 1230 ct
1247 1165 1286 1230 ab
1307 1164 1552 1246 irregularitate
1573 1163 1779 1242 dispensandi
1801 1160 1857 1243 (l).

353 704 411 767 liae
424 703 631 783 supradictam
646 705 762 766 reversi
775 703 903 780 luerint,
919 705 1099 769 auctoritate

353 802 384 860 et
405 803 516 860 tenore
530 797 692 874 praedictis
707 799 919 860 concedimus:
945 797 979 860 ea
994 805 1099 860 tamen

354 889 433 966 lege,
455 896 489 952 ul
519 889 541 950 ii
562 890 721 952 dumtaxat
749 891 899 952 enarratis
929 889 1100 970 privilegiis

354 981 386 1042 in
409 981 567 1060 provincia
589 981 653 1062 ipsa
674 983 808 1060 gaudere
829 981 963 1057 valeant,
987 982 1040 1060 qui
1061 997 1100 1043 ex

353 1073 476 1152 Europa
496 1074 528 1136 in
551 1074 649 1138 indias
670 1080 844 1149 transeunt,
867 1080 898 1136 et
918 1073 1033 1136 ibidem
1054 1073 1099 1134 ri-

353 1165 425 1228 carii
450 1165 647 1244 provincialis
674 1181 790 1228 munos
819 1167 941 1244 integro
971 1166 1099 1228 biennio

352 1274 427 1320 cum
441 1257 531 1322 laude
544 1265 576 1320 et
591 1259 731 1338 proiectu
746 1275 903 1322 sacrarum
915 1258 1099 1322 missionum

353 1349 506 1426 obierint,
534 1350 629 1430 quire
650 1359 703 1414 aut
727 1351 857 1414 lectores
884 1351 1003 1415 iubilati
1023 1351 1098 1424 sint,

352 1452 407 1506 aut
427 1444 622 1520 evangelicae
644 1445 876 1522 praedicationis
905 1441 1100 1523 principalio-

353 1535 439 1597 ribus
459 1535 493 1596 in
514 1535 690 1598 Lusitaniae
711 1537 841 1600 urbibus
856 1537 971 1614 viginti
992 1537 1029 1599 ad
1042 1533 1101 1596 mi·

354 1642 414 1690 nus
436 1643 533 1690 annos
554 1644 625 1690 curu
647 1627 756 1707 plausu
787 1629 927 1708 iusteque
948 1629 1026 1691 lama
1048 1644 1099 1690 ex-

354 1718 528 1797 pleverint:
550 1718 633 1780 salva
650 1728 753 1782 tamen
767 1735 891 1798 semper
905 1721 938 1782 in
954 1721 1100 1798 praemis·

354 1811 395 1872 sis
422 1812 604 1874 auctoritate
634 1813 889 1890 congregationis
916 1815 1099 1877 eorumdem

355 1903 578 1968 Cardinalium.

395 1999 415 2074 ὅ
435 1997 464 2060 3.
495 1998 713 2074 Decernentes,
736 1999 815 2078 ipsas
845 2008 1022 2080 praesentes
1050 2000 1100 2062 lit·
1196 2007 1316 2070 seriem
1338 2022 1445 2070 aarum
1466 2022 1584 2082 rerum,
1597 2021 1676 2086 quae
1698 2005 1731 2068 in
1753 2005 1819 2067 istis
1834 2020 1902 2084 par-

355 2098 435 2154 teras
465 2106 589 2172 semper
613 2092 734 2167 firmas,
763 2092 878 2158 validas
906 2100 937 2156 et
966 2092 1100 2156 efficaces
1157 2099 1237 2162 tibus
1266 2115 1302 2160 eo
1333 2107 1475 2176 tempore
1505 2099 1706 2178 contigerunt
1733 2115 1796 2177 quo
1826 2113 1900 2159 ren.

355 2185 489 2246 existere
510 2190 541 2246 et
561 2183 642 2260 lore,
667 2201 802 2264 suosque
824 2187 977 2264 plenarios
1002 2193 1032 2248 et
1053 2186 1100 2250 in·
1156 2190 1387 2255 lratcharolus
1403 2191 1535 2253 Thomas
1549 2191 1722 2254 Patriarcira
1738 2189 1903 2256 Antioche-

354 2284 459 2354 tegros
479 2277 607 2340 effectus
625 2277 731 2340 sortiri
744 2285 777 2340 et
798 2279 949 2355 obtinere,
972 2296 1006 2342 ac
1028 2279 1099 2354 illis,
1156 2301 1216 2348 nus
1240 2284 1416 2348 Pudicherii
1444 2285 1622 2348 morabatur
1649 2283 1844 2364 prolecturus
1865 2284 1902 2346 ad

355 2371 391 2433 ad
406 2386 483 2450 qnos
498 2377 613 2448 spectat
628 2378 726 2450 etpro
740 2379 878 2451 tempore
892 2373 1101 2450 qumoocum·
1157 2377 1305 2440 sicarum
1336 2377 1518 2456 imperium,
1547 2394 1609 2456 quo
1630 2392 1686 2439 nos
1708 2379 1809 2456 ipsum
1830 2392 1902 2439 cum

355 2478 417 2542 qne
445 2463 608 2542 spectabit,
631 2463 664 2525 in
686 2465 832 2528 omnibus
856 2473 888 2526 et
914 2479 970 2544 per
996 2465 1100 2526 omnia
1156 2470 1352 2546 amplissimis
1375 2469 1549 2532 visitatoris
1567 2469 1733 2550 apostolici
1754 2470 1788 2532 in
1810 2467 1902 2547 parti-

356 2555 537 2633 plenissime
555 2555 727 2633 suflragari,
748 2564 778 2620 et
800 2557 836 2618 ab
857 2557 918 2618 illis
938 2555 1101 2619 inviolabi·
1156 2563 1214 2625 bus
1234 2563 1393 2626 indiarum
1407 2561 1612 2626 Orientalium
1627 2562 1788 2641 nostrique
1810 2561 1903 2624 etiam

355 2648 429 2710 liter
450 2648 626 2726 observari,
655 2651 760 2729 sicque
787 2651 819 2712 in
847 2649 1020 2728 praemissis
1047 2663 1101 2726 per
1158 2662 1189 2716 et
1210 2655 1302 2718 buius
1319 2656 1349 2720 S.
1367 2653 1454 2719 Sedis
1475 2656 1514 2719 de
1535 2655 1629 2718 latere
1650 2655 1757 2735 Legati
1779 2655 1904 2718 laenita-

355 2756 568 2820 qucscumque
579 2741 694 2805 iudices
709 2742 879 2805 ordinarios
890 2748 920 2804 et
935 2740 1100 2818 delegatos,
1158 2747 1239 2809 tibus
1259 2749 1474 2826 allegavimus,
1487 2757 1555 2810 tum
1570 2766 1610 2811 ex
1630 2748 1729 2812 literis
1752 2765 1827 2828 quas
1842 2748 1901 2810 lra-

356 2834 450 2898 etiam
468 2850 630 2898 causarum
645 2835 748 2914 palatii
763 2835 921 2914 apostolici
935 2836 1100 2910 auditores,
1159 2841 1288 2904 ternitas
1310 2849 1368 2910 tna,
1383 2859 1421 2904 ex
1443 2843 1473 2906 S.
1493 2837 1609 2905 Thema
1631 2842 1670 2906 de
1690 2842 1837 2922 ileliapor
1852 2841 1902 2904 die

357 2927 486 2991 iudicari
514 2935 545 2990 et
565 2927 689 2990 deliniri
716 2928 845 3004 debere,
870 2946 903 2990 ac
924 2929 1051 2990 irritum
1072 2935 1103 2991 et
1158 2950 1203 2995 xx.
1228 2935 1358 2996 ianuarii
1380 2935 1521 3014 proxime
1541 2935 1635 3014 elapsi
1657 2934 1816 2998 millesimi
1836 2951 1903 3014 sep

357 3022 449 3088 inane
470 3022 495 3082 si
516 3037 603 3083 secus
622 3037 717 3100 super
733 3021 782 3082 iris
802 3038 818 3082 a
840 3037 1007 3100 quoquam,
1029 3037 1101 3100 qua·
1158 3028 1321 3104 tuagesimi
1336 3027 1487 3110 quintiani
1504 3044 1559 3092 uos
1574 3028 1669 3104 dedit,
1687 3036 1754 3091 tum
1770 3043 1809 3090 ex
1824 3027 1904 3090 mul-

357 3115 405 3180 ris
435 3113 634 3190 auctoritate,
665 3114 800 3177 scienter
827 3113 877 3176 rel
904 3114 1101 3192 ignoranter,
1158 3126 1265 3180 torum
1285 3119 1406 3198 scriptis
1432 3120 1616 3200 publicoque
1636 3134 1764 3182 rumore
1791 3133 1904 3196 cogno·

1393 1347 1563 1416 venerabili
1584 1348 1674 1416 tratri

1330 1441 1482 1526 Episcopo
1504 1440 1717 1526 aeliapcremi

1241 1575 1246 1584 ⁸
1360 1585 1546 1654 CLEMENS
1570 1586 1629 1654 ΡΡ.
1655 1585 1701 1654 tlt.

1327 1797 1330 1800 ,
1377 1722 1565 1791 venerabilis
1587 1723 1686 1790 trater

1190 1817 1316 1886 saluam
1339 1821 1371 1884 el
1391 1816 1588 1902 apostolicam
1615 1816 1865 1884 benedictionem.

145 2005 293 2060 clausulae.

357 3207 524 3284 eontigerit
545 3207 700 3269 attentari.

1159 3211 1274 3274 rimus.
1290 3212 1406 3288 Quibus
1424 3213 1536 3277 auditis
1551 3213 1619 3276 lieri
1633 3229 1697 3275 non
1713 3212 1813 3291 potuit
1827 3212 1904 3290 quin

141 3312 339 3360 concessorum
396 3301 416 3375 ἓ
436 3301 466 3361 tr.
490 3299 559 3362 Non
573 3300 765 3363 obstantibus
776 3300 873 3363 felicis
884 3299 1103 3364 recordationis
1159 3305 1258 3366 multa
1273 3305 1479 3368 amaritudine
1494 3305 1668 3384 repleretur
1679 3322 1732 3368 cor
1743 3312 1903 3380 nostrum3

117 3365 266 3422 derogatio.

359 3395 529 3460 Clementis
556 3394 652 3472 Papae
678 3393 758 3456 vill.
781 3393 1022 3472 praedecessoris
1048 3409 1103 3456 no·

357 3488 425 3563 stri,
448 3502 527 3565 queo
547 3487 657 3566 incipit
678 3485 833 3550 Admonet
850 3503 917 3559 aas,
933 3493 1007 3558 etc,
1025 3486 1103 3550 aliis·

358 3597 419 3660 qne
438 3579 714 3644 constitutionibus
730 3587 761 3641 el
773 3581 1020 3644 ordinationibus
1034 3597 1104 3658 apo·

357 3674 486 3749 stolicis,
502 3689 625 3735 necnon
642 3674 911 3750 congregationis,
927 3673 1104 3752 provinciae

358 3775 389 3832 el
410 3767 532 3832 Ordinis
547 3767 787 3846 praedictorum,
804 3767 898 3830 etiam
913 3768 1102 3840 iuramento,

358 3863 594 3928 confirmatione
614 3861 857 3939 apostolicare
878 3861 985 3938 queris
1008 3859 1105 3920 sirmi-

358 3961 421 4018 tate
442 3953 688 4028 alteroccam,
710 3953 833 4016 statutis
855 3961 885 4015 et
906 3951 1104 4016 consuetudi-

359 4047 463 4122 nibus,
486 4046 656 4124 privilegiis
677 4061 812 4124 quoque,
829 4043 957 4108 indultis
976 4054 1007 4108 et
1023 4047 1104 4110 litte-

359 4141 401 4202 ris
422 4137 592 4216 apostolicis
608 4138 639 4200 in
654 4139 848 4200 contrarium
863 4139 1105 4216 praemissorum

358 4231 590 4314 quomodolibet
610 4231 772 4306 concessis,
796 4232 984 4295 confirmatis
1005 4241 1036 4294 et
1057 4233 1106 4296 in-

359 4325 495 4402 novatis3
518 4324 631 4403 quibus
651 4323 796 4386 omnibus
817 4332 849 4385 et
869 4325 1013 4402 singulis,
1037 4326 1105 4388 ilio-

358 4437 431 4485 rum
446 4427 569 4482 tenores
591 4418 802 4496 praesentibus
822 4435 877 4497 pro
891 4418 984 4497 plene
998 4427 1029 4482 et
1042 4419 1105 4483 sul·

359 4513 501 4578 sicienter
531 4510 736 4588 expressisse
760 4511 951 4575 adverbum
980 4513 1104 4575 insertis

359 4607 520 4679 habentes,
533 4603 594 4665 illis
615 4603 687 4665 alias
707 4603 740 4666 in
754 4621 810 4666 suo
831 4605 942 4668 robore
963 4622 1105 4684 perman·

358 4702 450 4776 suris,
471 4699 507 4760 ad
529 4696 768 4775 praemissorum
790 4697 949 4773 ellectum,
969 4700 1024 4761 hac
1037 4699 1105 4762 rice

360 4794 535 4866 dumtaxat,
564 4789 737 4868 specialiter
757 4797 787 4852 et
809 4806 952 4868 expresse
978 4791 1104 4870 deroga-

359 4903 447 4962 mus;
469 4882 642 4962 ceterisque
661 4883 824 4944 contrariis
844 4883 1102 4964 quibuscumque.

398 4979 511 5044 Datum
531 4975 657 5050 Romae,
674 4975 752 5053 apud
775 4974 805 5038 S.
825 4975 964 5052 Petrum,
981 4978 1038 5040 sub
1053 4995 1106 5040 an·

359 5073 435 5138 nulo
463 5068 635 5142 Piscatoris,
661 5066 710 5128 die
739 5083 761 5128 r.
790 5067 938 5131 lebruarii
960 5087 1105 5146 ancora,

360 5165 556 5245 pontificatus
577 5161 676 5224 nostri
696 5175 778 5220 anno
801 5178 841 5222 vr.

616 5317 854 5330 ΙΙ-ίκ-Ι-Ιι-Ι-

695 5441 776 5504 XXI.

360 5629 513 5708 Deplorat
532 5629 748 5707 pervicaciam
776 5627 1010 5690 aoactallocam
1032 5625 1106 5686 mis·

400 5723 622 5787 siccationem
643 5723 697 5802 qai
717 5727 896 5785 retractant
917 5719 1041 5784 obedire
1060 5719 1108 5780 Vi-

401 5939 431 5995 ll>
446 5936 526 5996 Epist.
541 5940 567 5983 et
582 5941 653 5982 Brea.
669 5935 755 5981 select.
771 5944 829 5993 pag.
844 5935 890 5981 334.

1160 3411 1231 3457 uam
1253 3398 1306 3475 qni
1328 3397 1458 3460 uberem
1484 3397 1573 3460 nobis
1603 3397 1739 3460 fructum
1762 3398 1795 3460 in
1815 3397 1905 3475 spiri·

1160 3489 1242 3550 tuale
1264 3491 1606 3552 commodumistorum
1628 3490 1767 3552 fidelium
1781 3489 1904 3568 pollice·

1159 3581 1270 3642 bamur
1295 3597 1334 3644 ex
1363 3581 1542 3644 huiusmodi
1572 3581 1778 3661 proiectione,
1811 3598 1905 3661 quam

1160 3673 1244 3734 idem
1265 3674 1437 3738 Patriarclra
1458 3675 1635 3754 pontificiae
1662 3687 1785 3738 nostrae
1805 3675 1905 3737 solici-

1160 3767 1261 3828 tudiai
1282 3769 1408 3829 caritate
1427 3783 1461 3830 ac
1482 3767 1548 3830 nelo
1570 3768 1660 3847 plane
1679 3768 1831 3845 singulari
1853 3767 1906 3829 ob-

1159 3867 1283 3921 secutus
1303 3867 1495 3938 susceperat,
1522 3861 1741 3923 molestissime
1762 3859 1902 3934 tulimus,

1159 3957 1245 4027 parta
1266 3967 1332 4014 esse
1346 3952 1401 4014 hac
1416 3951 1477 4031 ipsi
1497 3959 1559 4014 tam
1574 3951 1726 4032 praeclara
1747 3953 1905 4016 occasione

1161 4045 1265 4120 gravia
1280 4043 1418 4106 scandala
1434 4043 1521 4106 abiis
1536 4045 1619 4122 ipsis,
1636 4045 1668 4107 in
1684 4061 1820 4124 quornm
1834 4061 1907 4124 ope-

1160 4136 1193 4196 ri
1214 4143 1307 4214 atque
1337 4137 1487 4214 praesidio
1509 4137 1545 4202 ad
1575 4139 1819 4216 promovendam
1840 4137 1906 4199 ani-

1161 4245 1284 4292 marum
1313 4231 1446 4292 salutem
1473 4246 1542 4308 spes
1563 4231 1671 4310 ntique
1699 4245 1810 4307 magna
1832 4247 1904 4294 con·

1160 4321 1315 4385 stituenda
1346 4323 1519 4385 videbatur.
1555 4323 1593 4385 Et
1620 4339 1695 4385 sane
1726 4325 1844 4386 mirum
1871 4341 1905 4386 ac

1161 4416 1330 4479 dolendum
1351 4423 1397 4480 est
1419 4417 1501 4479 inter
1522 4417 1601 4495 ipsos
1622 4417 1777 4496 operarios
1796 4418 1906 4480 vineae

1161 4511 1333 4574 dominicae
1353 4510 1448 4572 luisse
1469 4513 1617 4590 quosdam
1632 4510 1797 4572 severioris
1812 4511 1905 4573 etiam

1161 4602 1338 4682 disciplinae
1352 4620 1386 4666 ac
1401 4603 1535 4666 instituti
1547 4604 1743 4683 professores,
1756 4604 1821 4682 qui,
1833 4620 1907 4666 cum

1161 4697 1256 4775 probe
1277 4697 1392 4759 scirent
1406 4693 1465 4776 qua
1480 4697 1631 4774 dignitate
1644 4697 1812 4774 insignitus
1826 4706 1906 4760 esset

1161 4790 1243 4852 idem
1264 4789 1447 4865 Patr-iarcha,
1469 4807 1570 4868 quove
1592 4807 1724 4854 munere
1744 4791 1907 4869 apostolica

1161 4885 1266 4948 nostra
1290 4885 1472 4946 auctoritate
1502 4885 1702 4962 iungeretur,
1724 4885 1773 4946 sui
1794 4884 1906 4946 nibilo-

1162 4977 1267 5041 minus
1288 4984 1385 5038 status
1406 4977 1564 5057 debitique
1586 4993 1659 5054 erga
1680 4994 1737 5040 nos
1752 4977 1854 5040 cultus
1875 4983 1906 5038 et

1161 5069 1354 5132 obedientiae
1375 5068 1586 5144 immemores,
1604 5071 1670 5131 eius
1692 5070 1842 5132 mandatis
1857 5085 1908 5148 pa-

1162 5178 1230 5226 rere
1252 5162 1353 5242 palam
1373 5161 1631 5236 detrectaverint,
1663 5163 1843 5241 evocatique
1870 5161 1907 5224 ab

1162 5271 1198 5318 eo
1220 5257 1340 5334 saepius
1362 5271 1394 5318 aa
1422 5256 1534 5318 moniti
1561 5255 1620 5318 sub
1650 5255 1907 5318 interminatione

1161 5348 1370 5428 spiritualium
1390 5349 1705 5426 gravissimarumque
1721 5363 1905 5428 poenarum,

1162 5451 1198 5506 ut
1211 5441 1430 5504 Pudiclrerinm
1444 5441 1725 5519 proficiscerentur,
1738 5439 1907 5502 maluerint

1122 5535 1124 5540 '
1163 5535 1244 5598 tueri
1265 5535 1378 5611 seipsos
1399 5534 1638 5596 acatholicorum
1655 5533 1816 5614 praesidio,
1832 5549 1907 5612 quo-

1163 5629 1267 5688 minus
1282 5633 1510 5704 aspergerent,
1526 5641 1619 5704 qoam
1630 5627 1666 5688 ad
1677 5626 1780 5704 ipsum
1795 5625 1907 5704 praesi-

1163 5719 1232 5779 dem
1244 5733 1296 5779 eos
1308 5718 1546 5796 compellantem
1558 5717 1711 5780 accedere:
1725 5717 1801 5796 quin
1814 5717 1907 5780 etiarn
