<?xml version="1.0" encoding="UTF-8"?>
<!DOCTYPE html PUBLIC "-//W3C//DTD XHTML 1.0 Transitional//EN"
    "http://www.w3.org/TR/xhtml1/DTD/xhtml1-transitional.dtd">
<html xmlns="http://www.w3.org/1999/xhtml" xml:lang="en" lang="en">
 <head>
  <title>
</title>
<meta http-equiv="Content-Type" content="text/html;charset=utf-8" />
  <meta name='ocr-system' content='tesseract 3.04.00' />
  <meta name='ocr-capabilities' content='ocr_page ocr_carea ocr_par ocr_line ocrx_word'/>
</head>
<body>
  <div class='ocr_page' id='page_1' title='image "./iurispontificii04martgoog_0131.png"; bbox 0 0 4848 6990; ppageno 0'>
   <div class='ocr_carea' id='block_1_1' title="bbox 46 493 2070 634">
    <p class='ocr_par' dir='ltr' id='par_1_1' title="bbox 46 493 2070 634">
     <span class='ocr_line' id='line_1_1' title="bbox 46 493 2070 634; baseline -0.005 1"><span class='ocrx_word' id='word_1_1' title='bbox 46 493 48 584; x_wconf 44' lang='grc' dir='ltr'><strong><em>Ρ</em></strong></span> <span class='ocrx_word' id='word_1_2' title='bbox 114 573 156 634; x_wconf 78' lang='lat' dir='ltr'>tn.</span> <span class='ocrx_word' id='word_1_3' title='bbox 168 567 193 626; x_wconf 85' lang='grc'>3.</span> <span class='ocrx_word' id='word_1_4' title='bbox 212 552 274 622; x_wconf 75' lang='lat' dir='ltr'>teeti</span> <span class='ocrx_word' id='word_1_5' title='bbox 933 569 1125 628; x_wconf 77' lang='lat' dir='ltr'>Attxxuobn</span> <span class='ocrx_word' id='word_1_6' title='bbox 1147 573 1216 630; x_wconf 86' lang='lat' dir='ltr'>vul.</span> <span class='ocrx_word' id='word_1_7' title='bbox 1775 557 1830 632; x_wconf 84' lang='lat' dir='ltr'>tat</span> <span class='ocrx_word' id='word_1_8' title='bbox 1881 558 2070 625; x_wconf 75' lang='grc'><strong>1361390</strong></span> 
     </span>
    </p>
   </div>
   <div class='ocr_carea' id='block_1_2' title="bbox 46 845 48 920">
    <p class='ocr_par' dir='ltr' id='par_1_2' title="bbox 46 845 48 920">
     <span class='ocr_line' id='line_1_2' title="bbox 46 845 48 920; baseline 0 0"><span class='ocrx_word' id='word_1_9' title='bbox 46 845 48 920; x_wconf 84' lang='lat' dir='ltr'>l</span> 
     </span>
    </p>
   </div>
   <div class='ocr_carea' id='block_1_3' title="bbox 46 913 1850 1069">
    <p class='ocr_par' dir='ltr' id='par_1_3' title="bbox 46 913 1850 1078">
     <span class='ocr_line' id='line_1_3' title="bbox 46 913 152 958; baseline -0.019 0"><span class='ocrx_word' id='word_1_10' title='bbox 46 921 47 952; x_wconf 61' lang='lat' dir='ltr'>t</span> <span class='ocrx_word' id='word_1_11' title='bbox 125 913 152 958; x_wconf 85' lang='lat' dir='ltr'>lte</span> 
     </span>
     <span class='ocr_line' id='line_1_4' title="bbox 105 974 1850 1069; baseline -0.008 -4.491"><span class='ocrx_word' id='word_1_12' title='bbox 105 977 287 1069; x_wconf 64' lang='grc' dir='ltr'><strong>313333333ιῖ</strong></span> <span class='ocrx_word' id='word_1_13' title='bbox 304 997 378 1060; x_wconf 78' lang='lat' dir='ltr'>pere</span> <span class='ocrx_word' id='word_1_14' title='bbox 398 981 603 1044; x_wconf 72' lang='lat' dir='ltr'><strong>existentibus</strong></span> <span class='ocrx_word' id='word_1_15' title='bbox 621 983 826 1060; x_wconf 73' lang='lat' dir='ltr'>portugalliae</span> <span class='ocrx_word' id='word_1_16' title='bbox 847 991 878 1046; x_wconf 91' lang='lat' dir='ltr'>et</span> <span class='ocrx_word' id='word_1_17' title='bbox 892 982 1049 1060; x_wconf 89' lang='lat' dir='ltr'>Algarbio</span> <span class='ocrx_word' id='word_1_18' title='bbox 1104 980 1167 1042; x_wconf 89' lang='lat' dir='ltr'>cilii</span> <span class='ocrx_word' id='word_1_19' title='bbox 1188 982 1359 1046; x_wconf 88' lang='lat' dir='ltr'>novissime</span> <span class='ocrx_word' id='word_1_20' title='bbox 1379 974 1522 1046; x_wconf 87' lang='lat' dir='ltr'>celebrati</span> <span class='ocrx_word' id='word_1_21' title='bbox 1544 986 1582 1047; x_wconf 90' lang='lat' dir='ltr'>ab</span> <span class='ocrx_word' id='word_1_22' title='bbox 1595 987 1730 1049; x_wconf 89' lang='lat' dir='ltr'>ecclesiis</span> <span class='ocrx_word' id='word_1_23' title='bbox 1752 1003 1850 1050; x_wconf 89' lang='lat' dir='ltr'>mem·</span> 
     </span>
    </p>
   </div>
   <div class='ocr_carea' id='block_1_4' title="bbox 302 691 1847 873">
    <p class='ocr_par' dir='ltr' id='par_1_4' title="bbox 302 691 1847 873">
     <span class='ocr_line' id='line_1_5' title="bbox 302 691 1847 786; baseline 0.005 -24"><span class='ocrx_word' id='word_1_24' title='bbox 302 697 488 780; x_wconf 81' lang='lat' dir='ltr'>praefertur,</span> <span class='ocrx_word' id='word_1_25' title='bbox 499 691 643 762; x_wconf 90' lang='lat' dir='ltr'>similiter</span> <span class='ocrx_word' id='word_1_26' title='bbox 657 706 807 780; x_wconf 81' lang='lat' dir='ltr'>perpetuo</span> <span class='ocrx_word' id='word_1_27' title='bbox 818 697 1004 781; x_wconf 84' lang='lat' dir='ltr'>applicamus</span> <span class='ocrx_word' id='word_1_28' title='bbox 1019 706 1050 762; x_wconf 89' lang='lat' dir='ltr'>et</span> <span class='ocrx_word' id='word_1_29' title='bbox 1105 699 1152 761; x_wconf 90' lang='lat' dir='ltr'>vis</span> <span class='ocrx_word' id='word_1_30' title='bbox 1179 701 1376 780; x_wconf 88' lang='lat' dir='ltr'>auctoritate,</span> <span class='ocrx_word' id='word_1_31' title='bbox 1412 697 1547 767; x_wconf 80' lang='lat' dir='ltr'><strong>scienter</strong></span> <span class='ocrx_word' id='word_1_32' title='bbox 1573 703 1623 768; x_wconf 89' lang='lat' dir='ltr'>vel</span> <span class='ocrx_word' id='word_1_33' title='bbox 1651 703 1847 786; x_wconf 78' lang='lat' dir='ltr'>ignoranter,</span> 
     </span>
     <span class='ocr_line' id='line_1_6' title="bbox 303 793 1448 873; baseline 0.004 -19"><span class='ocrx_word' id='word_1_34' title='bbox 303 793 544 873; x_wconf 88' lang='lat' dir='ltr'>appropriamus.</span> <span class='ocrx_word' id='word_1_35' title='bbox 1105 794 1271 871; x_wconf 88' lang='lat' dir='ltr'>contigerit</span> <span class='ocrx_word' id='word_1_36' title='bbox 1292 798 1448 859; x_wconf 87' lang='lat' dir='ltr'>attentari.</span> 
     </span>
    </p>
   </div>
   <div class='ocr_carea' id='block_1_5' title="bbox 106 887 2083 1015">
    <p class='ocr_par' dir='ltr' id='par_1_5' title="bbox 106 887 2083 1015">
     <span class='ocr_line' id='line_1_7' title="bbox 106 887 2083 1015; baseline 0.003 -65"><span class='ocrx_word' id='word_1_37' title='bbox 106 907 235 1015; x_wconf 58' lang='lat' dir='ltr'>,affin</span> <span class='ocrx_word' id='word_1_38' title='bbox 231 906 286 1002; x_wconf 50' lang='lat'>1:33</span> <span class='ocrx_word' id='word_1_39' title='bbox 344 887 415 962; x_wconf 74' lang='lat'>56.</span> <span class='ocrx_word' id='word_1_40' title='bbox 439 888 507 950; x_wconf 84' lang='lat' dir='ltr'>Et</span> <span class='ocrx_word' id='word_1_41' title='bbox 499 904 628 967; x_wconf 84' lang='lat' dir='ltr'>insuper</span> <span class='ocrx_word' id='word_1_42' title='bbox 647 888 739 952; x_wconf 87' lang='lat' dir='ltr'>Petro</span> <span class='ocrx_word' id='word_1_43' title='bbox 756 891 822 966; x_wconf 90' lang='lat' dir='ltr'>regi</span> <span class='ocrx_word' id='word_1_44' title='bbox 845 896 876 952; x_wconf 91' lang='lat' dir='ltr'>et</span> <span class='ocrx_word' id='word_1_45' title='bbox 896 905 951 968; x_wconf 89' lang='lat' dir='ltr'>pro</span> <span class='ocrx_word' id='word_1_46' title='bbox 972 897 1050 952; x_wconf 89' lang='lat' dir='ltr'>tem·</span> <span class='ocrx_word' id='word_1_47' title='bbox 1145 887 1213 962; x_wconf 70' lang='lat' dir='ltr'>§A</span> <span class='ocrx_word' id='word_1_48' title='bbox 1238 887 1307 952; x_wconf 92' lang='lat' dir='ltr'>Non</span> <span class='ocrx_word' id='word_1_49' title='bbox 1329 890 1520 954; x_wconf 77' lang='lat' dir='ltr'>obstantibus</span> <span class='ocrx_word' id='word_1_50' title='bbox 1542 892 1756 956; x_wconf 86' lang='lat' dir='ltr'>Lateranensis</span> <span class='ocrx_word' id='word_1_51' title='bbox 1778 910 1851 956; x_wconf 93' lang='lat' dir='ltr'>con·</span> <span class='ocrx_word' id='word_1_52' title='bbox 1869 905 2083 1014; x_wconf 38' lang='lat' dir='ltr'>&amp;effigiatum</span> 
     </span>
     <span class='ocr_line' id='line_1_8' title="bbox 115 979 2008 1013; baseline -0.004 0"><span class='ocrx_word' id='word_1_53' title='bbox 115 979 125 1013; x_wconf 92' lang='lat' dir='ltr'>ll</span> <span class='ocrx_word' id='word_1_54' title='bbox 2004 995 2008 1005; x_wconf 92' lang='lat'><em>.</em></span> 
     </span>
    </p>
   </div>
   <div class='ocr_carea' id='block_1_6' title="bbox 105 1073 1852 1172">
    <p class='ocr_par' dir='ltr' id='par_1_6' title="bbox 105 1073 1852 1172">
     <span class='ocr_line' id='line_1_9' title="bbox 105 1073 1852 1172; baseline 0.006 -39"><span class='ocrx_word' id='word_1_55' title='bbox 105 1079 136 1119; x_wconf 82' lang='grc'>66</span> <span class='ocrx_word' id='word_1_56' title='bbox 106 1073 287 1172; x_wconf 45' lang='grc' dir='ltr'><strong>,611ῧῇ181ρῆξῶ</strong></span> <span class='ocrx_word' id='word_1_57' title='bbox 305 1090 376 1137; x_wconf 93' lang='lat' dir='ltr'>rum</span> <span class='ocrx_word' id='word_1_58' title='bbox 408 1076 532 1152; x_wconf 86' lang='lat' dir='ltr'>regibus</span> <span class='ocrx_word' id='word_1_59' title='bbox 559 1075 755 1156; x_wconf 89' lang='lat' dir='ltr'>praedictis&#39;</span> <span class='ocrx_word' id='word_1_60' title='bbox 747 1093 795 1138; x_wconf 88' lang='lat' dir='ltr'>tus</span> <span class='ocrx_word' id='word_1_61' title='bbox 822 1085 999 1156; x_wconf 89' lang='lat' dir='ltr'>patronatus</span> <span class='ocrx_word' id='word_1_62' title='bbox 1020 1083 1051 1137; x_wconf 90' lang='lat' dir='ltr'>et</span> <span class='ocrx_word' id='word_1_63' title='bbox 1107 1073 1157 1136; x_wconf 87' lang='grc'>133</span> <span class='ocrx_word' id='word_1_64' title='bbox 1179 1073 1330 1152; x_wconf 81' lang='lat' dir='ltr'>distingui</span> <span class='ocrx_word' id='word_1_65' title='bbox 1352 1085 1383 1137; x_wconf 91' lang='lat' dir='ltr'>et</span> <span class='ocrx_word' id='word_1_66' title='bbox 1404 1076 1500 1140; x_wconf 91' lang='lat' dir='ltr'>dividi</span> <span class='ocrx_word' id='word_1_67' title='bbox 1520 1079 1725 1156; x_wconf 87' lang='lat' dir='ltr'>prohibentis,</span> <span class='ocrx_word' id='word_1_68' title='bbox 1751 1097 1784 1142; x_wconf 92' lang='lat' dir='ltr'>ac</span> <span class='ocrx_word' id='word_1_69' title='bbox 1805 1097 1852 1144; x_wconf 89' lang='grc'>33-</span> 
     </span>
    </p>
   </div>
   <div class='ocr_carea' id='block_1_7' title="bbox 105 1165 2090 4140">
    <p class='ocr_par' dir='ltr' id='par_1_7' title="bbox 105 1165 2078 4140">
     <span class='ocr_line' id='line_1_10' title="bbox 105 1165 1852 1273; baseline 0.002 -39.021"><span class='ocrx_word' id='word_1_70' title='bbox 105 1179 181 1237; x_wconf 80' lang='grc'><strong>6166</strong></span> <span class='ocrx_word' id='word_1_71' title='bbox 139 1169 289 1273; x_wconf 51' lang='grc'><strong>61136111</strong></span> <span class='ocrx_word' id='word_1_72' title='bbox 305 1169 537 1254; x_wconf 67' lang='lat' dir='ltr'>procamiandi,</span> <span class='ocrx_word' id='word_1_73' title='bbox 561 1171 595 1230; x_wconf 91' lang='lat' dir='ltr'>ad</span> <span class='ocrx_word' id='word_1_74' title='bbox 618 1170 730 1232; x_wconf 86' lang='lat' dir='ltr'>dictam</span> <span class='ocrx_word' id='word_1_75' title='bbox 759 1170 918 1232; x_wconf 87' lang='lat' dir='ltr'>ecclesiam</span> <span class='ocrx_word' id='word_1_76' title='bbox 940 1169 977 1231; x_wconf 90' lang='lat' dir='ltr'>de</span> <span class='ocrx_word' id='word_1_77' title='bbox 1000 1169 1053 1228; x_wconf 85' lang='lat' dir='ltr'>Pe-</span> <span class='ocrx_word' id='word_1_78' title='bbox 1106 1165 1178 1242; x_wconf 83' lang='grc'><strong>3313</strong></span> <span class='ocrx_word' id='word_1_79' title='bbox 1199 1168 1302 1228; x_wconf 80' lang='lat' dir='ltr'>nostri</span> <span class='ocrx_word' id='word_1_80' title='bbox 1323 1170 1361 1230; x_wconf 91' lang='lat' dir='ltr'>de</span> <span class='ocrx_word' id='word_1_81' title='bbox 1383 1177 1480 1231; x_wconf 92' lang='lat' dir='ltr'>nont</span> <span class='ocrx_word' id='word_1_82' title='bbox 1467 1170 1633 1234; x_wconf 90' lang='lat' dir='ltr'>t&#39;ollendo</span> <span class='ocrx_word' id='word_1_83' title='bbox 1626 1187 1694 1234; x_wconf 82' lang='lat' dir='ltr'>rure</span> <span class='ocrx_word' id='word_1_84' title='bbox 1715 1175 1852 1252; x_wconf 85' lang='lat' dir='ltr'>quaesito</span> 
     </span>
     <span class='ocr_line' id='line_1_11' title="bbox 105 1192 1853 1342; baseline 0 -12"><span class='ocrx_word' id='word_1_85' title='bbox 105 1192 260 1330; x_wconf 49' lang='lat' dir='ltr'>{iberam</span> <span class='ocrx_word' id='word_1_86' title='bbox 305 1267 372 1329; x_wconf 88' lang='lat' dir='ltr'>kim</span> <span class='ocrx_word' id='word_1_87' title='bbox 404 1263 546 1326; x_wconf 90' lang='lat' dir='ltr'>videlicet</span> <span class='ocrx_word' id='word_1_88' title='bbox 574 1264 662 1326; x_wconf 89' lang='lat' dir='ltr'>nobis</span> <span class='ocrx_word' id='word_1_89' title='bbox 682 1269 713 1325; x_wconf 93' lang='lat' dir='ltr'>et</span> <span class='ocrx_word' id='word_1_90' title='bbox 734 1279 790 1342; x_wconf 90' lang='lat' dir='ltr'>pro</span> <span class='ocrx_word' id='word_1_91' title='bbox 822 1270 962 1340; x_wconf 89' lang='lat' dir='ltr'>tempore</span> <span class='ocrx_word' id='word_1_92' title='bbox 989 1259 1051 1322; x_wconf 92' lang='lat' dir='ltr'>exi·</span> <span class='ocrx_word' id='word_1_93' title='bbox 1106 1265 1137 1320; x_wconf 91' lang='lat' dir='ltr'>et</span> <span class='ocrx_word' id='word_1_94' title='bbox 1158 1260 1327 1322; x_wconf 82' lang='lat' dir='ltr'>unionibus</span> <span class='ocrx_word' id='word_1_95' title='bbox 1358 1263 1589 1326; x_wconf 82' lang='lat' dir='ltr'>committendis</span> <span class='ocrx_word' id='word_1_96' title='bbox 1610 1279 1642 1326; x_wconf 92' lang='lat' dir='ltr'>ac</span> <span class='ocrx_word' id='word_1_97' title='bbox 1671 1265 1776 1328; x_wconf 89' lang='lat' dir='ltr'>valore</span> <span class='ocrx_word' id='word_1_98' title='bbox 1801 1285 1853 1330; x_wconf 89' lang='lat' dir='ltr'>ex·</span> 
     </span>
     <span class='ocr_line' id='line_1_12' title="bbox 305 1352 1855 1438; baseline 0 -16"><span class='ocrx_word' id='word_1_99' title='bbox 305 1359 399 1423; x_wconf 86' lang='grc'><strong>313331</strong></span> <span class='ocrx_word' id='word_1_100' title='bbox 421 1359 559 1422; x_wconf 83' lang='lat' dir='ltr'>llomauo</span> <span class='ocrx_word' id='word_1_101' title='bbox 580 1357 734 1432; x_wconf 81' lang='lat' dir='ltr'>Pontifici,</span> <span class='ocrx_word' id='word_1_102' title='bbox 757 1354 838 1418; x_wconf 86' lang='grc'><strong>13133</strong></span> <span class='ocrx_word' id='word_1_103' title='bbox 859 1369 990 1430; x_wconf 88' lang='grc'><strong>33333,</strong></span> <span class='ocrx_word' id='word_1_104' title='bbox 1013 1355 1052 1416; x_wconf 88' lang='lat' dir='ltr'>ob</span> <span class='ocrx_word' id='word_1_105' title='bbox 1107 1352 1282 1430; x_wconf 84' lang='lat' dir='ltr'>primendo,</span> <span class='ocrx_word' id='word_1_106' title='bbox 1305 1361 1459 1432; x_wconf 86' lang='lat' dir='ltr'>quatenus</span> <span class='ocrx_word' id='word_1_107' title='bbox 1480 1371 1556 1434; x_wconf 91' lang='lat' dir='ltr'>opus</span> <span class='ocrx_word' id='word_1_108' title='bbox 1576 1357 1616 1419; x_wconf 91' lang='grc'>313</span> <span class='ocrx_word' id='word_1_109' title='bbox 1620 1357 1768 1438; x_wconf 86' lang='lat' dir='ltr'>,aliisque</span> <span class='ocrx_word' id='word_1_110' title='bbox 1783 1375 1855 1422; x_wconf 82' lang='lat' dir='ltr'>corr-</span> 
     </span>
     <span class='ocr_line' id='line_1_13' title="bbox 306 1447 1853 1530; baseline -0.001 -14"><span class='ocrx_word' id='word_1_111' title='bbox 306 1454 445 1516; x_wconf 91' lang='lat' dir='ltr'>locorum</span> <span class='ocrx_word' id='word_1_112' title='bbox 466 1451 660 1526; x_wconf 85' lang='lat' dir='ltr'>distantiam,</span> <span class='ocrx_word' id='word_1_113' title='bbox 684 1457 746 1512; x_wconf 86' lang='lat' dir='ltr'>tam</span> <span class='ocrx_word' id='word_1_114' title='bbox 768 1451 823 1512; x_wconf 88' lang='lat' dir='ltr'>bac</span> <span class='ocrx_word' id='word_1_115' title='bbox 848 1447 1049 1528; x_wconf 80' lang='grc'><strong>3311336133,</strong></span> <span class='ocrx_word' id='word_1_116' title='bbox 1106 1447 1319 1510; x_wconf 90' lang='lat' dir='ltr'>stitutionibus</span> <span class='ocrx_word' id='word_1_117' title='bbox 1345 1455 1377 1510; x_wconf 92' lang='lat' dir='ltr'>et</span> <span class='ocrx_word' id='word_1_118' title='bbox 1397 1450 1643 1513; x_wconf 85' lang='lat' dir='ltr'>ordinationibus</span> <span class='ocrx_word' id='word_1_119' title='bbox 1669 1453 1853 1530; x_wconf 70' lang='lat' dir='ltr'>apostolicis,</span> 
     </span>
     <span class='ocr_line' id='line_1_14' title="bbox 305 1539 1855 1626; baseline -0.001 -17"><span class='ocrx_word' id='word_1_120' title='bbox 305 1561 399 1626; x_wconf 87' lang='lat' dir='ltr'>quam</span> <span class='ocrx_word' id='word_1_121' title='bbox 420 1545 540 1624; x_wconf 87' lang='lat' dir='ltr'>quoties</span> <span class='ocrx_word' id='word_1_122' title='bbox 561 1543 646 1606; x_wconf 91' lang='lat' dir='ltr'>illam</span> <span class='ocrx_word' id='word_1_123' title='bbox 668 1543 811 1621; x_wconf 83' lang='lat' dir='ltr'>deinceps</span> <span class='ocrx_word' id='word_1_124' title='bbox 832 1541 942 1620; x_wconf 88' lang='lat' dir='ltr'>quovis</span> <span class='ocrx_word' id='word_1_125' title='bbox 962 1539 1053 1602; x_wconf 90' lang='lat' dir='ltr'>modo</span> <span class='ocrx_word' id='word_1_126' title='bbox 1107 1539 1219 1617; x_wconf 88' lang='lat' dir='ltr'>quibus</span> <span class='ocrx_word' id='word_1_127' title='bbox 1240 1541 1385 1604; x_wconf 90' lang='lat' dir='ltr'>omnibus</span> <span class='ocrx_word' id='word_1_128' title='bbox 1401 1543 1587 1618; x_wconf 87' lang='grc'><strong>3331333113,</strong></span> <span class='ocrx_word' id='word_1_129' title='bbox 1602 1543 1720 1605; x_wconf 88' lang='lat' dir='ltr'>etiamsi</span> <span class='ocrx_word' id='word_1_130' title='bbox 1742 1547 1780 1607; x_wconf 91' lang='lat' dir='ltr'>de</span> <span class='ocrx_word' id='word_1_131' title='bbox 1794 1547 1855 1608; x_wconf 87' lang='lat' dir='ltr'>illis</span> 
     </span>
     <span class='ocr_line' id='line_1_15' title="bbox 305 1634 1854 1718; baseline 0 -17"><span class='ocrx_word' id='word_1_132' title='bbox 305 1640 400 1702; x_wconf 88' lang='lat' dir='ltr'>etiam</span> <span class='ocrx_word' id='word_1_133' title='bbox 414 1639 493 1718; x_wconf 90' lang='lat' dir='ltr'>apud</span> <span class='ocrx_word' id='word_1_134' title='bbox 508 1638 619 1701; x_wconf 85' lang='lat' dir='ltr'>Sedent</span> <span class='ocrx_word' id='word_1_135' title='bbox 642 1635 845 1716; x_wconf 89' lang='lat' dir='ltr'>Apostolicam</span> <span class='ocrx_word' id='word_1_136' title='bbox 861 1649 970 1696; x_wconf 90' lang='lat' dir='ltr'>vacare</span> <span class='ocrx_word' id='word_1_137' title='bbox 981 1649 1054 1696; x_wconf 90' lang='grc'><strong>303-</strong></span> <span class='ocrx_word' id='word_1_138' title='bbox 1108 1647 1281 1710; x_wconf 86' lang='lat' dir='ltr'>eorumque</span> <span class='ocrx_word' id='word_1_139' title='bbox 1292 1634 1364 1696; x_wconf 91' lang='lat' dir='ltr'>totis</span> <span class='ocrx_word' id='word_1_140' title='bbox 1376 1636 1536 1697; x_wconf 87' lang='lat' dir='ltr'>tenoribus</span> <span class='ocrx_word' id='word_1_141' title='bbox 1547 1637 1695 1716; x_wconf 89' lang='lat' dir='ltr'>specialis,</span> <span class='ocrx_word' id='word_1_142' title='bbox 1705 1639 1854 1716; x_wconf 84' lang='grc'><strong>33331633,</strong></span> 
     </span>
     <span class='ocr_line' id='line_1_16' title="bbox 306 1727 1856 1811; baseline 0 -17"><span class='ocrx_word' id='word_1_143' title='bbox 306 1733 424 1810; x_wconf 87' lang='lat' dir='ltr'>tigerit,</span> <span class='ocrx_word' id='word_1_144' title='bbox 446 1747 502 1811; x_wconf 89' lang='lat' dir='ltr'>per</span> <span class='ocrx_word' id='word_1_145' title='bbox 516 1747 572 1793; x_wconf 93' lang='lat' dir='ltr'>nos</span> <span class='ocrx_word' id='word_1_146' title='bbox 587 1737 617 1792; x_wconf 92' lang='lat' dir='ltr'>et</span> <span class='ocrx_word' id='word_1_147' title='bbox 631 1745 687 1808; x_wconf 91' lang='lat' dir='ltr'>pro</span> <span class='ocrx_word' id='word_1_148' title='bbox 708 1738 848 1807; x_wconf 89' lang='lat' dir='ltr'>ternpore</span> <span class='ocrx_word' id='word_1_149' title='bbox 868 1727 1053 1790; x_wconf 79' lang='lat' dir='ltr'>existentem</span> <span class='ocrx_word' id='word_1_150' title='bbox 1109 1741 1250 1805; x_wconf 86' lang='lat' dir='ltr'>expressa</span> <span class='ocrx_word' id='word_1_151' title='bbox 1272 1735 1303 1789; x_wconf 92' lang='lat' dir='ltr'>et</span> <span class='ocrx_word' id='word_1_152' title='bbox 1318 1727 1488 1803; x_wconf 89' lang='lat' dir='ltr'>individua,</span> <span class='ocrx_word' id='word_1_153' title='bbox 1505 1745 1569 1791; x_wconf 92' lang='lat' dir='ltr'>non</span> <span class='ocrx_word' id='word_1_154' title='bbox 1587 1737 1691 1792; x_wconf 87' lang='lat' dir='ltr'>autem</span> <span class='ocrx_word' id='word_1_155' title='bbox 1707 1733 1856 1810; x_wconf 85' lang='grc'><strong>3333133-</strong></span> 
     </span>
     <span class='ocr_line' id='line_1_17' title="bbox 308 1818 1856 1900; baseline 0 -12"><span class='ocrx_word' id='word_1_156' title='bbox 308 1827 482 1888; x_wconf 80' lang='lat' dir='ltr'>Romanum</span> <span class='ocrx_word' id='word_1_157' title='bbox 503 1824 685 1886; x_wconf 78' lang='lat' dir='ltr'>Pontificem</span> <span class='ocrx_word' id='word_1_158' title='bbox 712 1821 890 1886; x_wconf 90' lang='lat' dir='ltr'>huiusmodi</span> <span class='ocrx_word' id='word_1_159' title='bbox 912 1823 945 1882; x_wconf 93' lang='grc'>13</span> <span class='ocrx_word' id='word_1_160' title='bbox 974 1821 1055 1883; x_wconf 87' lang='lat' dir='ltr'>eius·</span> <span class='ocrx_word' id='word_1_161' title='bbox 1108 1818 1190 1880; x_wconf 92' lang='lat' dir='ltr'>sulas</span> <span class='ocrx_word' id='word_1_162' title='bbox 1211 1821 1371 1896; x_wconf 90' lang='lat' dir='ltr'>generales</span> <span class='ocrx_word' id='word_1_163' title='bbox 1392 1821 1475 1883; x_wconf 89' lang='lat' dir='ltr'>idem</span> <span class='ocrx_word' id='word_1_164' title='bbox 1501 1821 1714 1900; x_wconf 79' lang='lat' dir='ltr'>imponantes,</span> <span class='ocrx_word' id='word_1_165' title='bbox 1737 1827 1856 1888; x_wconf 89' lang='lat' dir='ltr'>mentio</span> 
     </span>
     <span class='ocr_line' id='line_1_18' title="bbox 307 1913 1857 1995; baseline -0.003 -11"><span class='ocrx_word' id='word_1_166' title='bbox 307 1923 377 1985; x_wconf 89' lang='lat' dir='ltr'>dem</span> <span class='ocrx_word' id='word_1_167' title='bbox 399 1919 552 1982; x_wconf 83' lang='lat' dir='ltr'>Ecclesiae</span> <span class='ocrx_word' id='word_1_168' title='bbox 572 1917 609 1978; x_wconf 89' lang='lat' dir='ltr'>de</span> <span class='ocrx_word' id='word_1_169' title='bbox 631 1919 740 1982; x_wconf 89' lang='lat' dir='ltr'>Pekim</span> <span class='ocrx_word' id='word_1_170' title='bbox 761 1917 948 1995; x_wconf 82' lang='lat' dir='ltr'>Episcopum</span> <span class='ocrx_word' id='word_1_171' title='bbox 959 1923 990 1976; x_wconf 91' lang='grc'>33</span> <span class='ocrx_word' id='word_1_172' title='bbox 1004 1929 1055 1992; x_wconf 88' lang='lat' dir='ltr'>pa·</span> <span class='ocrx_word' id='word_1_173' title='bbox 1108 1927 1164 1976; x_wconf 91' lang='lat' dir='ltr'>seu</span> <span class='ocrx_word' id='word_1_174' title='bbox 1185 1913 1312 1992; x_wconf 82' lang='lat' dir='ltr'>quaeris</span> <span class='ocrx_word' id='word_1_175' title='bbox 1326 1914 1383 1976; x_wconf 90' lang='lat' dir='ltr'>alia</span> <span class='ocrx_word' id='word_1_176' title='bbox 1398 1915 1554 1994; x_wconf 84' lang='lat' dir='ltr'>expressio</span> <span class='ocrx_word' id='word_1_177' title='bbox 1575 1915 1714 1978; x_wconf 85' lang='lat' dir='ltr'>babendo</span> <span class='ocrx_word' id='word_1_178' title='bbox 1736 1926 1788 1980; x_wconf 92' lang='lat' dir='ltr'>aut</span> <span class='ocrx_word' id='word_1_179' title='bbox 1804 1920 1857 1980; x_wconf 86' lang='lat' dir='ltr'>ali·</span> 
     </span>
     <span class='ocr_line' id='line_1_19' title="bbox 307 2005 1857 2092; baseline 0 -16"><span class='ocrx_word' id='word_1_180' title='bbox 307 2024 434 2089; x_wconf 89' lang='lat' dir='ltr'>storem,</span> <span class='ocrx_word' id='word_1_181' title='bbox 457 2013 492 2074; x_wconf 88' lang='lat' dir='ltr'>ad</span> <span class='ocrx_word' id='word_1_182' title='bbox 516 2013 798 2092; x_wconf 88' lang='lat' dir='ltr'>praesentationem</span> <span class='ocrx_word' id='word_1_183' title='bbox 826 2009 1003 2072; x_wconf 88' lang='lat' dir='ltr'>huiusmodi</span> <span class='ocrx_word' id='word_1_184' title='bbox 1024 2021 1055 2071; x_wconf 90' lang='grc'>33</span> <span class='ocrx_word' id='word_1_185' title='bbox 1110 2023 1169 2084; x_wconf 88' lang='lat' dir='ltr'>qua</span> <span class='ocrx_word' id='word_1_186' title='bbox 1190 2005 1246 2066; x_wconf 90' lang='lat' dir='ltr'>alia</span> <span class='ocrx_word' id='word_1_187' title='bbox 1267 2007 1420 2085; x_wconf 87' lang='lat' dir='ltr'>exquisita</span> <span class='ocrx_word' id='word_1_188' title='bbox 1446 2007 1543 2070; x_wconf 87' lang='lat' dir='ltr'>torma</span> <span class='ocrx_word' id='word_1_189' title='bbox 1565 2009 1602 2070; x_wconf 98' lang='grc'>36</span> <span class='ocrx_word' id='word_1_190' title='bbox 1624 2011 1681 2074; x_wconf 88' lang='lat' dir='ltr'>boc</span> <span class='ocrx_word' id='word_1_191' title='bbox 1707 2015 1857 2076; x_wconf 91' lang='lat' dir='ltr'>servanda</span> 
     </span>
     <span class='ocr_line' id='line_1_20' title="bbox 308 2099 1858 2184; baseline 0.001 -14"><span class='ocrx_word' id='word_1_192' title='bbox 308 2106 742 2184; x_wconf 83' lang='grc'><strong>30331133,333363133633;</strong></span> <span class='ocrx_word' id='word_1_193' title='bbox 765 2103 802 2165; x_wconf 88' lang='grc'>36</span> <span class='ocrx_word' id='word_1_194' title='bbox 816 2103 964 2166; x_wconf 89' lang='grc'><strong>3313333</strong></span> <span class='ocrx_word' id='word_1_195' title='bbox 979 2117 1055 2163; x_wconf 91' lang='lat' dir='ltr'>vero</span> <span class='ocrx_word' id='word_1_196' title='bbox 1110 2099 1205 2175; x_wconf 89' lang='grc'><strong>13333,</strong></span> <span class='ocrx_word' id='word_1_197' title='bbox 1233 2100 1293 2162; x_wconf 88' lang='grc'><strong>11113</strong></span> <span class='ocrx_word' id='word_1_198' title='bbox 1313 2101 1386 2163; x_wconf 85' lang='grc'><strong>31163</strong></span> <span class='ocrx_word' id='word_1_199' title='bbox 1407 2103 1439 2162; x_wconf 90' lang='grc'>13</span> <span class='ocrx_word' id='word_1_200' title='bbox 1460 2119 1517 2164; x_wconf 91' lang='grc'>330</span> <span class='ocrx_word' id='word_1_201' title='bbox 1543 2103 1652 2166; x_wconf 90' lang='lat' dir='ltr'>robore</span> <span class='ocrx_word' id='word_1_202' title='bbox 1676 2121 1858 2184; x_wconf 89' lang='lat' dir='ltr'>permansu-</span> 
     </span>
     <span class='ocr_line' id='line_1_21' title="bbox 307 2192 1858 2282; baseline 0 -19"><span class='ocrx_word' id='word_1_203' title='bbox 307 2209 376 2282; x_wconf 89' lang='lat' dir='ltr'>post</span> <span class='ocrx_word' id='word_1_204' title='bbox 396 2199 604 2280; x_wconf 85' lang='lat' dir='ltr'>pontificalem</span> <span class='ocrx_word' id='word_1_205' title='bbox 619 2215 652 2261; x_wconf 89' lang='lat' dir='ltr'>ac</span> <span class='ocrx_word' id='word_1_206' title='bbox 666 2198 850 2278; x_wconf 88' lang='lat' dir='ltr'>principales</span> <span class='ocrx_word' id='word_1_207' title='bbox 872 2205 902 2260; x_wconf 92' lang='lat' dir='ltr'>et</span> <span class='ocrx_word' id='word_1_208' title='bbox 923 2196 995 2258; x_wconf 90' lang='lat' dir='ltr'>alias</span> <span class='ocrx_word' id='word_1_209' title='bbox 1011 2195 1055 2256; x_wconf 89' lang='grc'>61-</span> <span class='ocrx_word' id='word_1_210' title='bbox 1111 2192 1167 2267; x_wconf 89' lang='grc'><strong>313,</strong></span> <span class='ocrx_word' id='word_1_211' title='bbox 1195 2193 1251 2255; x_wconf 87' lang='grc'>333</span> <span class='ocrx_word' id='word_1_212' title='bbox 1271 2193 1340 2256; x_wconf 89' lang='lat' dir='ltr'>vice</span> <span class='ocrx_word' id='word_1_213' title='bbox 1360 2193 1531 2271; x_wconf 80' lang='lat' dir='ltr'>dumtaxat,</span> <span class='ocrx_word' id='word_1_214' title='bbox 1554 2198 1727 2275; x_wconf 89' lang='lat' dir='ltr'>specialiter</span> <span class='ocrx_word' id='word_1_215' title='bbox 1754 2209 1786 2262; x_wconf 92' lang='lat' dir='ltr'>et</span> <span class='ocrx_word' id='word_1_216' title='bbox 1806 2217 1858 2263; x_wconf 88' lang='lat' dir='ltr'>ex·</span> 
     </span>
     <span class='ocr_line' id='line_1_22' title="bbox 309 2287 1857 2374; baseline 0 -18"><span class='ocrx_word' id='word_1_217' title='bbox 309 2296 442 2374; x_wconf 86' lang='lat' dir='ltr'>gnitates</span> <span class='ocrx_word' id='word_1_218' title='bbox 463 2311 496 2354; x_wconf 90' lang='lat' dir='ltr'>ac</span> <span class='ocrx_word' id='word_1_219' title='bbox 517 2294 712 2356; x_wconf 87' lang='lat' dir='ltr'>canonicatus</span> <span class='ocrx_word' id='word_1_220' title='bbox 727 2299 758 2354; x_wconf 92' lang='lat' dir='ltr'>et</span> <span class='ocrx_word' id='word_1_221' title='bbox 773 2291 970 2370; x_wconf 88' lang='lat' dir='ltr'>praebendas,</span> <span class='ocrx_word' id='word_1_222' title='bbox 984 2305 1057 2354; x_wconf 85' lang='lat' dir='ltr'>nec·</span> <span class='ocrx_word' id='word_1_223' title='bbox 1111 2301 1214 2364; x_wconf 88' lang='lat' dir='ltr'>presse</span> <span class='ocrx_word' id='word_1_224' title='bbox 1235 2287 1346 2349; x_wconf 90' lang='lat' dir='ltr'>burum</span> <span class='ocrx_word' id='word_1_225' title='bbox 1370 2289 1450 2350; x_wconf 91' lang='lat' dir='ltr'>serie</span> <span class='ocrx_word' id='word_1_226' title='bbox 1473 2288 1670 2367; x_wconf 86' lang='lat' dir='ltr'>derogamus,</span> <span class='ocrx_word' id='word_1_227' title='bbox 1697 2295 1857 2356; x_wconf 89' lang='lat' dir='ltr'>contrariis</span> 
     </span>
     <span class='ocr_line' id='line_1_23' title="bbox 309 2379 1369 2463; baseline -0.008 -13"><span class='ocrx_word' id='word_1_228' title='bbox 309 2405 373 2450; x_wconf 93' lang='lat' dir='ltr'>non</span> <span class='ocrx_word' id='word_1_229' title='bbox 396 2386 544 2450; x_wconf 85' lang='lat' dir='ltr'>beneficia</span> <span class='ocrx_word' id='word_1_230' title='bbox 565 2387 721 2463; x_wconf 89' lang='lat' dir='ltr'>erigenda,</span> <span class='ocrx_word' id='word_1_231' title='bbox 737 2399 810 2446; x_wconf 91' lang='lat' dir='ltr'>curu</span> <span class='ocrx_word' id='word_1_232' title='bbox 825 2386 862 2447; x_wconf 91' lang='grc'>63</span> <span class='ocrx_word' id='word_1_233' title='bbox 876 2385 957 2446; x_wconf 88' lang='grc' dir='ltr'><strong>Ρ3ιι1</strong></span> <span class='ocrx_word' id='word_1_234' title='bbox 974 2386 1056 2461; x_wconf 87' lang='grc'><strong>33313</strong></span> <span class='ocrx_word' id='word_1_235' title='bbox 1110 2379 1369 2458; x_wconf 87' lang='lat' dir='ltr'>quibuscumque.</span> 
     </span>
     <span class='ocr_line' id='line_1_24' title="bbox 310 2472 2090 2588; baseline 0.001 -41"><span class='ocrx_word' id='word_1_236' title='bbox 310 2493 340 2547; x_wconf 87' lang='lat' dir='ltr'>et</span> <span class='ocrx_word' id='word_1_237' title='bbox 361 2499 418 2562; x_wconf 90' lang='lat' dir='ltr'>pro</span> <span class='ocrx_word' id='word_1_238' title='bbox 439 2489 580 2558; x_wconf 87' lang='lat' dir='ltr'>tempore</span> <span class='ocrx_word' id='word_1_239' title='bbox 599 2479 803 2541; x_wconf 79' lang='lat' dir='ltr'>existentium</span> <span class='ocrx_word' id='word_1_240' title='bbox 819 2494 929 2554; x_wconf 89' lang='lat' dir='ltr'>regum</span> <span class='ocrx_word' id='word_1_241' title='bbox 950 2478 1058 2540; x_wconf 89' lang='lat' dir='ltr'>buius·</span> <span class='ocrx_word' id='word_1_242' title='bbox 1150 2472 1239 2547; x_wconf 77' lang='lat' dir='ltr'>§ld-</span> <span class='ocrx_word' id='word_1_243' title='bbox 1264 2473 1349 2535; x_wconf 91' lang='lat' dir='ltr'>Nulli</span> <span class='ocrx_word' id='word_1_244' title='bbox 1378 2491 1452 2552; x_wconf 88' lang='lat' dir='ltr'>ergo</span> <span class='ocrx_word' id='word_1_245' title='bbox 1481 2478 1609 2540; x_wconf 91' lang='lat' dir='ltr'>omnino</span> <span class='ocrx_word' id='word_1_246' title='bbox 1637 2480 1802 2544; x_wconf 87' lang='lat' dir='ltr'>hominum</span> <span class='ocrx_word' id='word_1_247' title='bbox 1824 2483 1859 2546; x_wconf 91' lang='lat' dir='ltr'>li·</span> <span class='ocrx_word' id='word_1_248' title='bbox 1897 2487 2016 2588; x_wconf 54' lang='grc' dir='ltr'>Ι6166666</span> <span class='ocrx_word' id='word_1_249' title='bbox 2030 2497 2090 2546; x_wconf 86' lang='grc'>666</span> 
     </span>
     <span class='ocr_line' id='line_1_25' title="bbox 310 2549 1947 2654; baseline -0.001 -14"><span class='ocrx_word' id='word_1_250' title='bbox 310 2577 393 2640; x_wconf 90' lang='grc'><strong>3061</strong></span> <span class='ocrx_word' id='word_1_251' title='bbox 415 2574 532 2654; x_wconf 88' lang='lat' dir='ltr'>pariter</span> <span class='ocrx_word' id='word_1_252' title='bbox 552 2572 641 2634; x_wconf 91' lang='lat' dir='ltr'>bonis</span> <span class='ocrx_word' id='word_1_253' title='bbox 662 2571 764 2633; x_wconf 89' lang='grc'><strong>603333</strong></span> <span class='ocrx_word' id='word_1_254' title='bbox 785 2571 914 2645; x_wconf 90' lang='grc'><strong>1303133,</strong></span> <span class='ocrx_word' id='word_1_255' title='bbox 937 2578 1000 2632; x_wconf 90' lang='grc'>333</span> <span class='ocrx_word' id='word_1_256' title='bbox 1020 2571 1057 2632; x_wconf 89' lang='lat' dir='ltr'>ab</span> <span class='ocrx_word' id='word_1_257' title='bbox 1112 2573 1191 2626; x_wconf 89' lang='lat' dir='ltr'>ceat</span> <span class='ocrx_word' id='word_1_258' title='bbox 1198 2566 1277 2628; x_wconf 89' lang='lat' dir='ltr'>bano</span> <span class='ocrx_word' id='word_1_259' title='bbox 1301 2569 1446 2646; x_wconf 89' lang='lat' dir='ltr'>paginam</span> <span class='ocrx_word' id='word_1_260' title='bbox 1472 2577 1596 2634; x_wconf 91' lang='lat' dir='ltr'>nostrae</span> <span class='ocrx_word' id='word_1_261' title='bbox 1623 2549 1913 2653; x_wconf 72' lang='lat' dir='ltr'>segregationis,¹¹³</span> <span class='ocrx_word' id='word_1_262' title='bbox 1935 2552 1947 2586; x_wconf 76' lang='lat'>⁸</span> 
     </span>
     <span class='ocr_line' id='line_1_26' title="bbox 309 2657 1858 2746; baseline 0.002 -18"><span class='ocrx_word' id='word_1_263' title='bbox 309 2685 419 2732; x_wconf 88' lang='lat' dir='ltr'>eorum</span> <span class='ocrx_word' id='word_1_264' title='bbox 440 2666 597 2745; x_wconf 81' lang='lat' dir='ltr'>primaeva</span> <span class='ocrx_word' id='word_1_265' title='bbox 618 2665 785 2739; x_wconf 88' lang='lat' dir='ltr'>erectione,</span> <span class='ocrx_word' id='word_1_266' title='bbox 808 2679 901 2743; x_wconf 87' lang='lat' dir='ltr'>quam</span> <span class='ocrx_word' id='word_1_267' title='bbox 922 2679 961 2725; x_wconf 90' lang='lat' dir='ltr'>ex</span> <span class='ocrx_word' id='word_1_268' title='bbox 983 2672 1058 2726; x_wconf 89' lang='lat' dir='ltr'>tunc</span> <span class='ocrx_word' id='word_1_269' title='bbox 1112 2657 1287 2735; x_wconf 88' lang='lat' dir='ltr'>divisionis,</span> <span class='ocrx_word' id='word_1_270' title='bbox 1317 2663 1533 2740; x_wconf 87' lang='lat' dir='ltr'>separationis,</span> <span class='ocrx_word' id='word_1_271' title='bbox 1566 2665 1858 2746; x_wconf 88' lang='lat' dir='ltr'>dismembrationis,</span> 
     </span>
     <span class='ocr_line' id='line_1_27' title="bbox 310 2752 1860 2840; baseline -0.001 -15"><span class='ocrx_word' id='word_1_272' title='bbox 310 2764 454 2840; x_wconf 85' lang='lat' dir='ltr'>deinceps</span> <span class='ocrx_word' id='word_1_273' title='bbox 476 2760 597 2837; x_wconf 87' lang='lat' dir='ltr'>quoties</span> <span class='ocrx_word' id='word_1_274' title='bbox 618 2757 669 2818; x_wconf 91' lang='lat' dir='ltr'>illa</span> <span class='ocrx_word' id='word_1_275' title='bbox 685 2757 845 2836; x_wconf 86' lang='lat' dir='ltr'>quibusvis</span> <span class='ocrx_word' id='word_1_276' title='bbox 859 2757 958 2819; x_wconf 90' lang='grc'><strong>33613</strong></span> <span class='ocrx_word' id='word_1_277' title='bbox 973 2763 1004 2818; x_wconf 89' lang='grc'>33</span> <span class='ocrx_word' id='word_1_278' title='bbox 1019 2773 1057 2817; x_wconf 85' lang='grc'>33</span> <span class='ocrx_word' id='word_1_279' title='bbox 1113 2752 1331 2830; x_wconf 88' lang='lat' dir='ltr'>exemptionis,</span> <span class='ocrx_word' id='word_1_280' title='bbox 1346 2753 1547 2833; x_wconf 89' lang='lat' dir='ltr'>liberationis,</span> <span class='ocrx_word' id='word_1_281' title='bbox 1564 2757 1778 2836; x_wconf 90' lang='lat' dir='ltr'>decorationis,</span> <span class='ocrx_word' id='word_1_282' title='bbox 1795 2779 1860 2824; x_wconf 88' lang='lat' dir='ltr'>ore-</span> 
     </span>
     <span class='ocr_line' id='line_1_28' title="bbox 311 2843 1861 2936; baseline -0.001 -18"><span class='ocrx_word' id='word_1_283' title='bbox 311 2867 582 2936; x_wconf 85' lang='lat' dir='ltr'>quorumcumque</span> <span class='ocrx_word' id='word_1_284' title='bbox 592 2851 731 2930; x_wconf 89' lang='lat' dir='ltr'>personis</span> <span class='ocrx_word' id='word_1_285' title='bbox 747 2851 839 2912; x_wconf 89' lang='lat' dir='ltr'>etiam</span> <span class='ocrx_word' id='word_1_286' title='bbox 850 2852 929 2928; x_wconf 92' lang='lat' dir='ltr'>apud</span> <span class='ocrx_word' id='word_1_287' title='bbox 946 2851 1058 2913; x_wconf 75' lang='lat' dir='ltr'>Sedena</span> <span class='ocrx_word' id='word_1_288' title='bbox 1111 2843 1234 2918; x_wconf 85' lang='lat' dir='ltr'>ctionts,</span> <span class='ocrx_word' id='word_1_289' title='bbox 1258 2846 1474 2923; x_wconf 70' lang='lat' dir='ltr'>institutionis</span> <span class='ocrx_word' id='word_1_290' title='bbox 1492 2851 1705 2928; x_wconf 79' lang='lat' dir='ltr'>concessionis,</span> <span class='ocrx_word' id='word_1_291' title='bbox 1727 2855 1861 2932; x_wconf 89' lang='grc'><strong>3331333-</strong></span> 
     </span>
     <span class='ocr_line' id='line_1_29' title="bbox 310 2936 1862 3026; baseline 0.008 -15"><span class='ocrx_word' id='word_1_292' title='bbox 310 2949 452 3011; x_wconf 85' lang='grc'><strong>333633</strong></span> <span class='ocrx_word' id='word_1_293' title='bbox 467 2959 574 3008; x_wconf 90' lang='lat' dir='ltr'>vacare</span> <span class='ocrx_word' id='word_1_294' title='bbox 595 2945 773 3021; x_wconf 90' lang='grc'><strong>3333133313,</strong></span> <span class='ocrx_word' id='word_1_295' title='bbox 791 2943 939 3022; x_wconf 85' lang='lat' dir='ltr'>Episcopo</span> <span class='ocrx_word' id='word_1_296' title='bbox 954 2942 1059 3005; x_wconf 68' lang='grc'><strong>63163-</strong></span> <span class='ocrx_word' id='word_1_297' title='bbox 1113 2936 1217 3011; x_wconf 88' lang='lat' dir='ltr'>tionis,</span> <span class='ocrx_word' id='word_1_298' title='bbox 1240 2939 1452 3017; x_wconf 72' lang='grc'><strong>333166110616,</strong></span> <span class='ocrx_word' id='word_1_299' title='bbox 1469 2943 1690 3021; x_wconf 69' lang='grc'><strong>66611661101116,</strong></span> <span class='ocrx_word' id='word_1_300' title='bbox 1716 2949 1862 3026; x_wconf 79' lang='grc'><strong>6111110116·</strong></span> 
     </span>
     <span class='ocr_line' id='line_1_30' title="bbox 311 3031 1861 3120; baseline -0.002 -15"><span class='ocrx_word' id='word_1_301' title='bbox 311 3043 380 3105; x_wconf 88' lang='lat' dir='ltr'>kim</span> <span class='ocrx_word' id='word_1_302' title='bbox 401 3056 456 3120; x_wconf 90' lang='lat' dir='ltr'>pro</span> <span class='ocrx_word' id='word_1_303' title='bbox 479 3047 619 3117; x_wconf 89' lang='lat' dir='ltr'>tempore</span> <span class='ocrx_word' id='word_1_304' title='bbox 633 3037 779 3100; x_wconf 88' lang='lat' dir='ltr'>existenti</span> <span class='ocrx_word' id='word_1_305' title='bbox 793 3037 959 3114; x_wconf 89' lang='lat' dir='ltr'>praedicto,</span> <span class='ocrx_word' id='word_1_306' title='bbox 979 3036 1059 3098; x_wconf 85' lang='lat' dir='ltr'>inira</span> <span class='ocrx_word' id='word_1_307' title='bbox 1114 3031 1225 3105; x_wconf 89' lang='lat' dir='ltr'>tionis,</span> <span class='ocrx_word' id='word_1_308' title='bbox 1257 3035 1493 3110; x_wconf 89' lang='lat' dir='ltr'>reservationis,</span> <span class='ocrx_word' id='word_1_309' title='bbox 1522 3037 1637 3100; x_wconf 90' lang='lat' dir='ltr'>decreti</span> <span class='ocrx_word' id='word_1_310' title='bbox 1670 3046 1701 3100; x_wconf 91' lang='lat' dir='ltr'>et</span> <span class='ocrx_word' id='word_1_311' title='bbox 1736 3038 1861 3117; x_wconf 87' lang='lat' dir='ltr'>deroga·</span> 
     </span>
     <span class='ocr_line' id='line_1_31' title="bbox 311 3123 1861 3209; baseline -0.001 -11"><span class='ocrx_word' id='word_1_312' title='bbox 311 3135 485 3198; x_wconf 87' lang='lat' dir='ltr'>triennium</span> <span class='ocrx_word' id='word_1_313' title='bbox 507 3149 523 3194; x_wconf 92' lang='grc'>3</span> <span class='ocrx_word' id='word_1_314' title='bbox 545 3133 613 3194; x_wconf 89' lang='grc'><strong>1330</strong></span> <span class='ocrx_word' id='word_1_315' title='bbox 634 3131 817 3209; x_wconf 85' lang='lat' dir='ltr'>praefixum,</span> <span class='ocrx_word' id='word_1_316' title='bbox 840 3130 983 3192; x_wconf 90' lang='lat' dir='ltr'>similiter</span> <span class='ocrx_word' id='word_1_317' title='bbox 1005 3145 1059 3208; x_wconf 85' lang='lat' dir='ltr'>per</span> <span class='ocrx_word' id='word_1_318' title='bbox 1115 3123 1206 3185; x_wconf 91' lang='lat' dir='ltr'>tionis</span> <span class='ocrx_word' id='word_1_319' title='bbox 1239 3123 1428 3202; x_wconf 88' lang='grc'><strong>1313133333,</strong></span> <span class='ocrx_word' id='word_1_320' title='bbox 1458 3128 1508 3189; x_wconf 92' lang='lat' dir='ltr'>vel</span> <span class='ocrx_word' id='word_1_321' title='bbox 1530 3130 1557 3190; x_wconf 91' lang='grc'>31</span> <span class='ocrx_word' id='word_1_322' title='bbox 1589 3147 1665 3192; x_wconf 92' lang='lat' dir='ltr'>ausu</span> <span class='ocrx_word' id='word_1_323' title='bbox 1696 3135 1861 3196; x_wconf 89' lang='lat' dir='ltr'>temerario</span> 
     </span>
     <span class='ocr_line' id='line_1_32' title="bbox 312 3219 1862 3306; baseline 0.001 -18"><span class='ocrx_word' id='word_1_324' title='bbox 312 3244 397 3302; x_wconf 89' lang='grc'><strong>333,</strong></span> <span class='ocrx_word' id='word_1_325' title='bbox 413 3229 448 3292; x_wconf 90' lang='grc'>36</span> <span class='ocrx_word' id='word_1_326' title='bbox 471 3225 750 3306; x_wconf 88' lang='lat' dir='ltr'>praesentationem</span> <span class='ocrx_word' id='word_1_327' title='bbox 766 3223 847 3286; x_wconf 89' lang='lat' dir='ltr'>Petri</span> <span class='ocrx_word' id='word_1_328' title='bbox 862 3223 943 3301; x_wconf 89' lang='lat' dir='ltr'>regis</span> <span class='ocrx_word' id='word_1_329' title='bbox 958 3229 988 3284; x_wconf 90' lang='lat' dir='ltr'>et</span> <span class='ocrx_word' id='word_1_330' title='bbox 1004 3239 1059 3301; x_wconf 92' lang='lat' dir='ltr'>pro</span> <span class='ocrx_word' id='word_1_331' title='bbox 1113 3219 1284 3294; x_wconf 79' lang='lat' dir='ltr'>contraira3</span> <span class='ocrx_word' id='word_1_332' title='bbox 1297 3219 1322 3280; x_wconf 92' lang='lat' dir='ltr'>si</span> <span class='ocrx_word' id='word_1_333' title='bbox 1337 3219 1406 3297; x_wconf 89' lang='lat' dir='ltr'>quis</span> <span class='ocrx_word' id='word_1_334' title='bbox 1420 3228 1526 3282; x_wconf 91' lang='lat' dir='ltr'>autem</span> <span class='ocrx_word' id='word_1_335' title='bbox 1542 3225 1598 3285; x_wconf 90' lang='lat' dir='ltr'>boc</span> <span class='ocrx_word' id='word_1_336' title='bbox 1610 3229 1761 3287; x_wconf 86' lang='lat' dir='ltr'>attentare</span> <span class='ocrx_word' id='word_1_337' title='bbox 1776 3243 1862 3305; x_wconf 89' lang='lat' dir='ltr'>prae·</span> 
     </span>
     <span class='ocr_line' id='line_1_33' title="bbox 312 3311 1861 3400; baseline -0.001 -17"><span class='ocrx_word' id='word_1_338' title='bbox 312 3331 454 3400; x_wconf 90' lang='lat' dir='ltr'>tempore</span> <span class='ocrx_word' id='word_1_339' title='bbox 474 3318 678 3381; x_wconf 88' lang='lat' dir='ltr'>existentium</span> <span class='ocrx_word' id='word_1_340' title='bbox 689 3316 894 3394; x_wconf 89' lang='lat' dir='ltr'>Portugalliae</span> <span class='ocrx_word' id='word_1_341' title='bbox 907 3323 939 3379; x_wconf 90' lang='lat' dir='ltr'>et</span> <span class='ocrx_word' id='word_1_342' title='bbox 953 3317 1061 3394; x_wconf 87' lang='lat' dir='ltr'>Algar-</span> <span class='ocrx_word' id='word_1_343' title='bbox 1114 3311 1292 3387; x_wconf 86' lang='lat' dir='ltr'>sumpserit,</span> <span class='ocrx_word' id='word_1_344' title='bbox 1309 3312 1555 3389; x_wconf 73' lang='lat' dir='ltr'>indignationem</span> <span class='ocrx_word' id='word_1_345' title='bbox 1570 3318 1793 3396; x_wconf 88' lang='lat' dir='ltr'>omnipotentis</span> <span class='ocrx_word' id='word_1_346' title='bbox 1808 3322 1861 3384; x_wconf 84' lang='lat' dir='ltr'>Dei</span> 
     </span>
     <span class='ocr_line' id='line_1_34' title="bbox 311 3402 1861 3489; baseline -0.001 -11"><span class='ocrx_word' id='word_1_347' title='bbox 311 3417 435 3478; x_wconf 91' lang='lat' dir='ltr'>biorum</span> <span class='ocrx_word' id='word_1_348' title='bbox 457 3427 580 3488; x_wconf 89' lang='lat' dir='ltr'>regum,</span> <span class='ocrx_word' id='word_1_349' title='bbox 594 3411 627 3473; x_wconf 91' lang='lat' dir='ltr'>in</span> <span class='ocrx_word' id='word_1_350' title='bbox 642 3409 714 3488; x_wconf 89' lang='lat' dir='ltr'>ipsis</span> <span class='ocrx_word' id='word_1_351' title='bbox 735 3409 950 3486; x_wconf 83' lang='lat' dir='ltr'>dignitatibus,</span> <span class='ocrx_word' id='word_1_352' title='bbox 972 3425 1060 3472; x_wconf 92' lang='lat' dir='ltr'>cano·</span> <span class='ocrx_word' id='word_1_353' title='bbox 1114 3419 1147 3463; x_wconf 79' lang='lat' dir='ltr'>ac</span> <span class='ocrx_word' id='word_1_354' title='bbox 1178 3402 1339 3466; x_wconf 85' lang='lat' dir='ltr'>beatorum</span> <span class='ocrx_word' id='word_1_355' title='bbox 1370 3405 1453 3468; x_wconf 84' lang='lat' dir='ltr'>Petri</span> <span class='ocrx_word' id='word_1_356' title='bbox 1479 3415 1510 3468; x_wconf 90' lang='grc'>33</span> <span class='ocrx_word' id='word_1_357' title='bbox 1536 3407 1620 3472; x_wconf 87' lang='lat' dir='ltr'>Pauli</span> <span class='ocrx_word' id='word_1_358' title='bbox 1642 3411 1861 3489; x_wconf 82' lang='lat' dir='ltr'>Apostolorum</span> 
     </span>
     <span class='ocr_line' id='line_1_35' title="bbox 312 3493 1612 3582; baseline -0.008 -11"><span class='ocrx_word' id='word_1_359' title='bbox 312 3508 463 3572; x_wconf 88' lang='lat' dir='ltr'>nicatibus</span> <span class='ocrx_word' id='word_1_360' title='bbox 485 3513 516 3567; x_wconf 90' lang='lat' dir='ltr'>et</span> <span class='ocrx_word' id='word_1_361' title='bbox 537 3503 718 3582; x_wconf 87' lang='lat' dir='ltr'>praebendis</span> <span class='ocrx_word' id='word_1_362' title='bbox 739 3519 772 3564; x_wconf 88' lang='lat' dir='ltr'>ac</span> <span class='ocrx_word' id='word_1_363' title='bbox 794 3503 951 3564; x_wconf 83' lang='lat' dir='ltr'>beneficiis</span> <span class='ocrx_word' id='word_1_364' title='bbox 973 3503 1060 3564; x_wconf 89' lang='lat' dir='ltr'>insti·</span> <span class='ocrx_word' id='word_1_365' title='bbox 1115 3493 1181 3557; x_wconf 76' lang='grc'><strong>6166</strong></span> <span class='ocrx_word' id='word_1_366' title='bbox 1201 3512 1234 3557; x_wconf 83' lang='lat' dir='ltr'>se</span> <span class='ocrx_word' id='word_1_367' title='bbox 1256 3497 1377 3560; x_wconf 86' lang='lat' dir='ltr'>noverit</span> <span class='ocrx_word' id='word_1_368' title='bbox 1399 3497 1612 3563; x_wconf 90' lang='lat' dir='ltr'>incursurum.</span> 
     </span>
     <span class='ocr_line' id='line_1_36' title="bbox 312 3589 1861 3674; baseline 0 -12"><span class='ocrx_word' id='word_1_369' title='bbox 312 3599 441 3663; x_wconf 89' lang='lat' dir='ltr'>tuendas</span> <span class='ocrx_word' id='word_1_370' title='bbox 462 3597 570 3660; x_wconf 86' lang='grc'><strong>33633</strong></span> <span class='ocrx_word' id='word_1_371' title='bbox 584 3593 766 3658; x_wconf 89' lang='lat' dir='ltr'>auctoritate</span> <span class='ocrx_word' id='word_1_372' title='bbox 781 3594 895 3673; x_wconf 88' lang='lat' dir='ltr'>pariter</span> <span class='ocrx_word' id='word_1_373' title='bbox 908 3602 1061 3674; x_wconf 89' lang='lat' dir='ltr'>perpetuo</span> <span class='ocrx_word' id='word_1_374' title='bbox 1155 3589 1267 3652; x_wconf 86' lang='lat' dir='ltr'>Datum</span> <span class='ocrx_word' id='word_1_375' title='bbox 1295 3591 1419 3666; x_wconf 86' lang='lat' dir='ltr'>Romae,</span> <span class='ocrx_word' id='word_1_376' title='bbox 1446 3595 1525 3673; x_wconf 87' lang='lat' dir='ltr'>apud</span> <span class='ocrx_word' id='word_1_377' title='bbox 1554 3593 1585 3658; x_wconf 86' lang='lat' dir='ltr'>S.</span> <span class='ocrx_word' id='word_1_378' title='bbox 1614 3595 1740 3660; x_wconf 85' lang='lat' dir='ltr'>Mariam</span> <span class='ocrx_word' id='word_1_379' title='bbox 1771 3599 1861 3663; x_wconf 87' lang='lat' dir='ltr'>llaic-</span> 
     </span>
     <span class='ocr_line' id='line_1_37' title="bbox 313 3683 1860 3770; baseline 0 -15"><span class='ocrx_word' id='word_1_380' title='bbox 313 3707 508 3756; x_wconf 87' lang='lat' dir='ltr'>reservamus</span> <span class='ocrx_word' id='word_1_381' title='bbox 528 3696 559 3751; x_wconf 90' lang='lat' dir='ltr'>et</span> <span class='ocrx_word' id='word_1_382' title='bbox 580 3688 788 3750; x_wconf 89' lang='lat' dir='ltr'>concedimus.</span> <span class='ocrx_word' id='word_1_383' title='bbox 1116 3696 1194 3758; x_wconf 90' lang='lat' dir='ltr'>rem,</span> <span class='ocrx_word' id='word_1_384' title='bbox 1208 3699 1289 3745; x_wconf 90' lang='lat' dir='ltr'>anno</span> <span class='ocrx_word' id='word_1_385' title='bbox 1301 3683 1523 3747; x_wconf 90' lang='lat' dir='ltr'>incarnationis</span> <span class='ocrx_word' id='word_1_386' title='bbox 1534 3687 1712 3752; x_wconf 88' lang='lat' dir='ltr'>Dominicae</span> <span class='ocrx_word' id='word_1_387' title='bbox 1727 3708 1860 3770; x_wconf 85' lang='grc'><strong>33333,</strong></span> 
     </span>
     <span class='ocr_line' id='line_1_38' title="bbox 137 3775 1860 3864; baseline -0.005 -17"><span class='ocrx_word' id='word_1_388' title='bbox 137 3801 264 3849; x_wconf 76' lang='grc'><strong>3333333.</strong></span> <span class='ocrx_word' id='word_1_389' title='bbox 353 3789 372 3864; x_wconf 69' lang='lat'><strong>5</strong></span> <span class='ocrx_word' id='word_1_390' title='bbox 394 3785 425 3846; x_wconf 87' lang='lat'>7.</span> <span class='ocrx_word' id='word_1_391' title='bbox 447 3783 656 3846; x_wconf 86' lang='lat' dir='ltr'>Decernentes</span> <span class='ocrx_word' id='word_1_392' title='bbox 677 3781 725 3844; x_wconf 91' lang='lat' dir='ltr'>ius</span> <span class='ocrx_word' id='word_1_393' title='bbox 741 3789 961 3858; x_wconf 89' lang='lat' dir='ltr'>patronatuset</span> <span class='ocrx_word' id='word_1_394' title='bbox 975 3798 1061 3860; x_wconf 89' lang='lat' dir='ltr'>prae·</span> <span class='ocrx_word' id='word_1_395' title='bbox 1115 3791 1157 3838; x_wconf 87' lang='lat' dir='ltr'>tv.</span> <span class='ocrx_word' id='word_1_396' title='bbox 1182 3775 1250 3838; x_wconf 90' lang='lat' dir='ltr'>idus</span> <span class='ocrx_word' id='word_1_397' title='bbox 1270 3777 1386 3856; x_wconf 91' lang='lat' dir='ltr'>aprilis,</span> <span class='ocrx_word' id='word_1_398' title='bbox 1403 3779 1599 3856; x_wconf 86' lang='lat' dir='ltr'>pontificatus</span> <span class='ocrx_word' id='word_1_399' title='bbox 1620 3783 1719 3845; x_wconf 85' lang='lat' dir='ltr'>nostri</span> <span class='ocrx_word' id='word_1_400' title='bbox 1740 3801 1822 3848; x_wconf 78' lang='lat' dir='ltr'>anno</span> <span class='ocrx_word' id='word_1_401' title='bbox 1838 3803 1860 3849; x_wconf 75' lang='grc' dir='ltr'>ι,</span> 
     </span>
     <span class='ocr_line' id='line_1_39' title="bbox 313 3875 1061 3954; baseline -0.008 -11"><span class='ocrx_word' id='word_1_402' title='bbox 313 3877 455 3943; x_wconf 86' lang='grc'><strong>33333361</strong></span> <span class='ocrx_word' id='word_1_403' title='bbox 476 3875 655 3939; x_wconf 88' lang='lat' dir='ltr'>huiusmodi</span> <span class='ocrx_word' id='word_1_404' title='bbox 676 3875 767 3936; x_wconf 90' lang='lat' dir='ltr'>Petro</span> <span class='ocrx_word' id='word_1_405' title='bbox 788 3881 820 3936; x_wconf 91' lang='lat' dir='ltr'>et</span> <span class='ocrx_word' id='word_1_406' title='bbox 844 3889 901 3952; x_wconf 92' lang='lat' dir='ltr'>pro</span> <span class='ocrx_word' id='word_1_407' title='bbox 923 3881 1061 3954; x_wconf 89' lang='lat' dir='ltr'>tempore</span> 
     </span>
     <span class='ocr_line' id='line_1_40' title="bbox 314 3967 1061 4047; baseline -0.008 -11"><span class='ocrx_word' id='word_1_408' title='bbox 314 3971 518 4036; x_wconf 87' lang='lat' dir='ltr'>existentibus</span> <span class='ocrx_word' id='word_1_409' title='bbox 548 3969 675 4046; x_wconf 84' lang='lat' dir='ltr'>regibus</span> <span class='ocrx_word' id='word_1_410' title='bbox 705 3967 865 4047; x_wconf 88' lang='lat' dir='ltr'>praedictis</span> <span class='ocrx_word' id='word_1_411' title='bbox 896 3983 934 4029; x_wconf 89' lang='lat' dir='ltr'>ex</span> <span class='ocrx_word' id='word_1_412' title='bbox 967 3970 1061 4030; x_wconf 91' lang='lat' dir='ltr'>meris</span> 
     </span>
     <span class='ocr_line' id='line_1_41' title="bbox 315 4061 1508 4140; baseline -0.004 -11"><span class='ocrx_word' id='word_1_413' title='bbox 315 4064 549 4130; x_wconf 80' lang='lat' dir='ltr'>fundationibus</span> <span class='ocrx_word' id='word_1_414' title='bbox 577 4069 610 4125; x_wconf 90' lang='lat' dir='ltr'>et</span> <span class='ocrx_word' id='word_1_415' title='bbox 634 4061 841 4124; x_wconf 85' lang='lat' dir='ltr'>dolationibus</span> <span class='ocrx_word' id='word_1_416' title='bbox 871 4070 1059 4140; x_wconf 87' lang='lat' dir='ltr'>competere,</span> <span class='ocrx_word' id='word_1_417' title='bbox 1470 4061 1508 4124; x_wconf 85' lang='lat' dir='ltr'>v.</span> 
     </span>
    </p>
   </div>
   <div class='ocr_carea' id='block_1_8' title="bbox 314 4154 2098 5725">
    <p class='ocr_par' dir='ltr' id='par_1_8' title="bbox 314 4154 1062 4238">
     <span class='ocr_line' id='line_1_42' title="bbox 314 4154 1062 4238; baseline -0.004 -18"><span class='ocrx_word' id='word_1_418' title='bbox 314 4159 423 4238; x_wconf 89' lang='lat' dir='ltr'>illique</span> <span class='ocrx_word' id='word_1_419' title='bbox 458 4158 553 4220; x_wconf 89' lang='lat' dir='ltr'>etiam</span> <span class='ocrx_word' id='word_1_420' title='bbox 583 4154 837 4218; x_wconf 87' lang='lat' dir='ltr'>consistorialiter</span> <span class='ocrx_word' id='word_1_421' title='bbox 867 4171 1062 4234; x_wconf 82' lang='lat' dir='ltr'>quacumque</span> 
     </span>
    </p>

    <p class='ocr_par' dir='ltr' id='par_1_9' title="bbox 314 4243 1864 4612">
     <span class='ocr_line' id='line_1_43' title="bbox 314 4243 1864 4335; baseline 0.003 -19"><span class='ocrx_word' id='word_1_422' title='bbox 314 4253 434 4316; x_wconf 88' lang='lat' dir='ltr'>ratione</span> <span class='ocrx_word' id='word_1_423' title='bbox 448 4249 589 4326; x_wconf 88' lang='lat' dir='ltr'>derogari</span> <span class='ocrx_word' id='word_1_424' title='bbox 609 4265 673 4310; x_wconf 91' lang='lat' dir='ltr'>non</span> <span class='ocrx_word' id='word_1_425' title='bbox 690 4265 787 4327; x_wconf 88' lang='lat' dir='ltr'>posse,</span> <span class='ocrx_word' id='word_1_426' title='bbox 803 4265 860 4310; x_wconf 90' lang='lat' dir='ltr'>nec</span> <span class='ocrx_word' id='word_1_427' title='bbox 879 4250 1061 4325; x_wconf 87' lang='lat' dir='ltr'>derogatum</span> <span class='ocrx_word' id='word_1_428' title='bbox 1116 4243 1325 4311; x_wconf 76' lang='grc' dir='ltr'><strong>1133330ιί1333</strong></span> <span class='ocrx_word' id='word_1_429' title='bbox 1344 4251 1495 4312; x_wconf 79' lang='lat' dir='ltr'>securius</span> <span class='ocrx_word' id='word_1_430' title='bbox 1517 4265 1673 4314; x_wconf 80' lang='grc'><strong>33333303</strong></span> <span class='ocrx_word' id='word_1_431' title='bbox 1693 4253 1864 4335; x_wconf 77' lang='lat' dir='ltr'>magistro·</span> 
     </span>
     <span class='ocr_line' id='line_1_44' title="bbox 314 4342 1864 4427; baseline 0.003 -19"><span class='ocrx_word' id='word_1_432' title='bbox 314 4345 451 4420; x_wconf 88' lang='lat' dir='ltr'>censeri,</span> <span class='ocrx_word' id='word_1_433' title='bbox 485 4343 545 4405; x_wconf 90' lang='lat' dir='ltr'>nisi</span> <span class='ocrx_word' id='word_1_434' title='bbox 566 4343 662 4422; x_wconf 89' lang='lat' dir='ltr'>ipsius</span> <span class='ocrx_word' id='word_1_435' title='bbox 683 4342 766 4404; x_wconf 91' lang='lat' dir='ltr'>Petri</span> <span class='ocrx_word' id='word_1_436' title='bbox 788 4351 819 4404; x_wconf 89' lang='lat' dir='ltr'>ot</span> <span class='ocrx_word' id='word_1_437' title='bbox 841 4359 896 4421; x_wconf 92' lang='lat' dir='ltr'>pro</span> <span class='ocrx_word' id='word_1_438' title='bbox 922 4350 1062 4420; x_wconf 87' lang='lat' dir='ltr'>tempore</span> <span class='ocrx_word' id='word_1_439' title='bbox 1156 4358 1230 4403; x_wconf 85' lang='lat' dir='ltr'>rum</span> <span class='ocrx_word' id='word_1_440' title='bbox 1251 4343 1293 4404; x_wconf 90' lang='lat' dir='ltr'>od</span> <span class='ocrx_word' id='word_1_441' title='bbox 1315 4343 1553 4406; x_wconf 82' lang='lat' dir='ltr'>duodenarium</span> <span class='ocrx_word' id='word_1_442' title='bbox 1569 4346 1604 4406; x_wconf 87' lang='grc'>13</span> <span class='ocrx_word' id='word_1_443' title='bbox 1624 4346 1773 4420; x_wconf 78' lang='grc'><strong>03633331</strong></span> <span class='ocrx_word' id='word_1_444' title='bbox 1793 4367 1864 4427; x_wconf 82' lang='lat' dir='ltr'>pro-</span> 
     </span>
     <span class='ocr_line' id='line_1_45' title="bbox 315 4435 1834 4525; baseline 0.003 -24"><span class='ocrx_word' id='word_1_445' title='bbox 315 4437 517 4501; x_wconf 88' lang='lat' dir='ltr'>existeutium</span> <span class='ocrx_word' id='word_1_446' title='bbox 538 4451 649 4513; x_wconf 87' lang='lat' dir='ltr'>regum</span> <span class='ocrx_word' id='word_1_447' title='bbox 670 4436 899 4514; x_wconf 90' lang='lat' dir='ltr'>praedictorum</span> <span class='ocrx_word' id='word_1_448' title='bbox 914 4435 950 4496; x_wconf 91' lang='lat' dir='ltr'>ad</span> <span class='ocrx_word' id='word_1_449' title='bbox 965 4437 995 4498; x_wconf 92' lang='lat' dir='ltr'>id</span> <span class='ocrx_word' id='word_1_450' title='bbox 1010 4453 1062 4498; x_wconf 88' lang='lat' dir='ltr'>ex·</span> <span class='ocrx_word' id='word_1_451' title='bbox 1156 4435 1265 4504; x_wconf 83' lang='grc'><strong>313316</strong></span> <span class='ocrx_word' id='word_1_452' title='bbox 1286 4439 1497 4500; x_wconf 71' lang='lat' dir='ltr'>cresciturum</span> <span class='ocrx_word' id='word_1_453' title='bbox 1520 4438 1551 4501; x_wconf 85' lang='lat' dir='ltr'>S.</span> <span class='ocrx_word' id='word_1_454' title='bbox 1576 4441 1757 4519; x_wconf 77' lang='lat' dir='ltr'>Augustini</span> <span class='ocrx_word' id='word_1_455' title='bbox 1778 4443 1834 4525; x_wconf 94' lang='grc'><strong>(1).</strong></span> 
     </span>
     <span class='ocr_line' id='line_1_46' title="bbox 315 4529 1062 4612; baseline -0.004 -18"><span class='ocrx_word' id='word_1_456' title='bbox 315 4549 437 4612; x_wconf 88' lang='lat' dir='ltr'>pressus</span> <span class='ocrx_word' id='word_1_457' title='bbox 450 4531 570 4594; x_wconf 90' lang='lat' dir='ltr'>accedat</span> <span class='ocrx_word' id='word_1_458' title='bbox 584 4545 737 4604; x_wconf 89' lang='lat' dir='ltr'>assensus,</span> <span class='ocrx_word' id='word_1_459' title='bbox 749 4536 792 4604; x_wconf 91' lang='lat' dir='ltr'>et,</span> <span class='ocrx_word' id='word_1_460' title='bbox 808 4529 833 4590; x_wconf 92' lang='lat' dir='ltr'>si</span> <span class='ocrx_word' id='word_1_461' title='bbox 848 4529 937 4590; x_wconf 90' lang='lat' dir='ltr'>aliter</span> <span class='ocrx_word' id='word_1_462' title='bbox 951 4530 1062 4608; x_wconf 87' lang='lat' dir='ltr'>quovis</span> 
     </span>
    </p>

    <p class='ocr_par' dir='ltr' id='par_1_10' title="bbox 316 4607 1695 4701">
     <span class='ocr_line' id='line_1_47' title="bbox 316 4607 1695 4701; baseline -0.007 -13"><span class='ocrx_word' id='word_1_463' title='bbox 316 4627 407 4688; x_wconf 93' lang='lat' dir='ltr'>modo</span> <span class='ocrx_word' id='word_1_464' title='bbox 427 4625 613 4701; x_wconf 88' lang='lat' dir='ltr'>derogetur,</span> <span class='ocrx_word' id='word_1_465' title='bbox 636 4622 850 4700; x_wconf 79' lang='lat' dir='ltr'>derogationes</span> <span class='ocrx_word' id='word_1_466' title='bbox 871 4622 1060 4699; x_wconf 88' lang='lat' dir='ltr'>huiusmodi,</span> <span class='ocrx_word' id='word_1_467' title='bbox 1283 4607 1518 4677; x_wconf 62' lang='lat' dir='ltr'>ALEXANDER</span> <span class='ocrx_word' id='word_1_468' title='bbox 1540 4609 1601 4677; x_wconf 86' lang='grc' dir='ltr'>ΡΡ.</span> <span class='ocrx_word' id='word_1_469' title='bbox 1625 4610 1695 4680; x_wconf 88' lang='grc'><strong>11111.</strong></span> 
     </span>
    </p>

    <p class='ocr_par' dir='ltr' id='par_1_11' title="bbox 314 4715 1740 4811">
     <span class='ocr_line' id='line_1_48' title="bbox 314 4715 1740 4811; baseline -0.005 -29"><span class='ocrx_word' id='word_1_470' title='bbox 314 4734 387 4782; x_wconf 90' lang='grc'>333</span> <span class='ocrx_word' id='word_1_471' title='bbox 403 4719 475 4780; x_wconf 87' lang='grc'><strong>1363</strong></span> <span class='ocrx_word' id='word_1_472' title='bbox 488 4717 613 4792; x_wconf 88' lang='grc'><strong>3333313,</strong></span> <span class='ocrx_word' id='word_1_473' title='bbox 630 4715 748 4780; x_wconf 88' lang='grc'><strong>3011133</strong></span> <span class='ocrx_word' id='word_1_474' title='bbox 762 4715 891 4790; x_wconf 91' lang='lat' dir='ltr'>roboris,</span> <span class='ocrx_word' id='word_1_475' title='bbox 913 4716 1062 4778; x_wconf 85' lang='lat' dir='ltr'>efficaciae</span> <span class='ocrx_word' id='word_1_476' title='bbox 1236 4726 1273 4794; x_wconf 68' lang='grc'>33</span> <span class='ocrx_word' id='word_1_477' title='bbox 1295 4733 1468 4811; x_wconf 54' lang='lat' dir='ltr'>perpernam</span> <span class='ocrx_word' id='word_1_478' title='bbox 1491 4729 1534 4796; x_wconf 58' lang='lat' dir='ltr'>pet</span> <span class='ocrx_word' id='word_1_479' title='bbox 1560 4731 1740 4798; x_wconf 48' lang='lat' dir='ltr'><strong>memoriam</strong></span> 
     </span>
    </p>

    <p class='ocr_par' dir='ltr' id='par_1_12' title="bbox 315 4809 625 4886">
     <span class='ocr_line' id='line_1_49' title="bbox 315 4809 625 4886; baseline -0.006 -13"><span class='ocrx_word' id='word_1_480' title='bbox 315 4819 347 4873; x_wconf 90' lang='lat' dir='ltr'>et</span> <span class='ocrx_word' id='word_1_481' title='bbox 368 4810 521 4873; x_wconf 87' lang='lat' dir='ltr'>momenti</span> <span class='ocrx_word' id='word_1_482' title='bbox 541 4809 625 4886; x_wconf 71' lang='lat' dir='ltr'>lore,</span> 
     </span>
    </p>

    <p class='ocr_par' dir='ltr' id='par_1_13' title="bbox 315 4901 2097 5725">
     <span class='ocr_line' id='line_1_50' title="bbox 355 4901 2097 5014; baseline 0.003 -50"><span class='ocrx_word' id='word_1_483' title='bbox 355 4904 424 4980; x_wconf 71' lang='lat'>58.</span> <span class='ocrx_word' id='word_1_484' title='bbox 457 4903 569 4980; x_wconf 82' lang='lat' dir='ltr'>stoque</span> <span class='ocrx_word' id='word_1_485' title='bbox 601 4917 656 4982; x_wconf 90' lang='lat' dir='ltr'>per</span> <span class='ocrx_word' id='word_1_486' title='bbox 685 4917 898 4982; x_wconf 82' lang='lat' dir='ltr'>quoscumque</span> <span class='ocrx_word' id='word_1_487' title='bbox 927 4901 1061 4978; x_wconf 87' lang='grc'><strong>1361333,</strong></span> <span class='ocrx_word' id='word_1_488' title='bbox 1156 4903 1225 4980; x_wconf 74' lang='lat' dir='ltr'>§A</span> <span class='ocrx_word' id='word_1_489' title='bbox 1250 4904 1371 4982; x_wconf 86' lang='lat' dir='ltr'>Exponr</span> <span class='ocrx_word' id='word_1_490' title='bbox 1383 4905 1472 4967; x_wconf 80' lang='lat' dir='ltr'>nobis</span> <span class='ocrx_word' id='word_1_491' title='bbox 1484 4922 1586 4985; x_wconf 89' lang='lat' dir='ltr'>nuper</span> <span class='ocrx_word' id='word_1_492' title='bbox 1599 4906 1863 4972; x_wconf 84' lang='lat' dir='ltr'>lecrtdrlectusll</span> <span class='ocrx_word' id='word_1_493' title='bbox 1883 4913 2097 5014; x_wconf 69' lang='grc' dir='ltr'>Ῐ1616330363</span> 
     </span>
     <span class='ocr_line' id='line_1_51' title="bbox 316 4969 2098 5081; baseline 0.008 -22"><span class='ocrx_word' id='word_1_494' title='bbox 316 4997 408 5060; x_wconf 85' lang='lat' dir='ltr'>etiam</span> <span class='ocrx_word' id='word_1_495' title='bbox 430 4973 1967 5081; x_wconf 64' lang='grc' dir='ltr'>3333133331333333133333331333313311331111111333363633333,13313333333333ιῖἶῖἰῖει</span> <span class='ocrx_word' id='word_1_496' title='bbox 1983 4969 2098 5080; x_wconf 56' lang='grc' dir='ltr'><strong>11133ιὲιί</strong></span> 
     </span>
     <span class='ocr_line' id='line_1_52' title="bbox 317 5083 2082 5170; baseline 0.003 -19"><span class='ocrx_word' id='word_1_497' title='bbox 317 5096 437 5167; x_wconf 86' lang='lat' dir='ltr'>gentes,</span> <span class='ocrx_word' id='word_1_498' title='bbox 460 5089 553 5150; x_wconf 90' lang='grc'><strong>33133</strong></span> <span class='ocrx_word' id='word_1_499' title='bbox 581 5087 612 5150; x_wconf 88' lang='lat' dir='ltr'>S.</span> <span class='ocrx_word' id='word_1_500' title='bbox 637 5087 672 5148; x_wconf 87' lang='lat' dir='ltr'>R.</span> <span class='ocrx_word' id='word_1_501' title='bbox 698 5088 733 5148; x_wconf 79' lang='lat' dir='ltr'>lt.</span> <span class='ocrx_word' id='word_1_502' title='bbox 758 5087 945 5163; x_wconf 81' lang='lat' dir='ltr'>cardinales,</span> <span class='ocrx_word' id='word_1_503' title='bbox 969 5087 1062 5149; x_wconf 90' lang='lat' dir='ltr'>etiam</span> <span class='ocrx_word' id='word_1_504' title='bbox 1115 5089 1272 5166; x_wconf 84' lang='lat' dir='ltr'>protessus</span> <span class='ocrx_word' id='word_1_505' title='bbox 1286 5095 1317 5151; x_wconf 93' lang='lat' dir='ltr'>et</span> <span class='ocrx_word' id='word_1_506' title='bbox 1332 5099 1512 5168; x_wconf 90' lang='lat' dir='ltr'>procurator</span> <span class='ocrx_word' id='word_1_507' title='bbox 1522 5107 1699 5170; x_wconf 78' lang='lat' dir='ltr'>provinciae</span> <span class='ocrx_word' id='word_1_508' title='bbox 1709 5093 1864 5169; x_wconf 85' lang='lat' dir='ltr'>Qurtensrs</span> <span class='ocrx_word' id='word_1_509' title='bbox 1883 5083 1924 5120; x_wconf 72' lang='lat'>³¹¹</span> <span class='ocrx_word' id='word_1_510' title='bbox 1944 5085 2082 5126; x_wconf 59' lang='lat' dir='ltr'>&#39;mm</span> 
     </span>
     <span class='ocr_line' id='line_1_53' title="bbox 316 5179 1865 5263; baseline 0.005 -19"><span class='ocrx_word' id='word_1_511' title='bbox 316 5184 354 5245; x_wconf 88' lang='lat' dir='ltr'>de</span> <span class='ocrx_word' id='word_1_512' title='bbox 381 5183 476 5244; x_wconf 87' lang='lat' dir='ltr'>latere</span> <span class='ocrx_word' id='word_1_513' title='bbox 504 5181 637 5258; x_wconf 88' lang='lat' dir='ltr'>legatos,</span> <span class='ocrx_word' id='word_1_514' title='bbox 673 5179 878 5257; x_wconf 90' lang='lat' dir='ltr'>vicelegatos,</span> <span class='ocrx_word' id='word_1_515' title='bbox 914 5180 1063 5258; x_wconf 86' lang='lat' dir='ltr'>Sedisque</span> <span class='ocrx_word' id='word_1_516' title='bbox 1117 5181 1238 5245; x_wconf 87' lang='lat' dir='ltr'>Ordinis</span> <span class='ocrx_word' id='word_1_517' title='bbox 1259 5183 1460 5245; x_wconf 88' lang='lat' dir='ltr'>eremitarum</span> <span class='ocrx_word' id='word_1_518' title='bbox 1486 5183 1517 5247; x_wconf 87' lang='lat' dir='ltr'>S.</span> <span class='ocrx_word' id='word_1_519' title='bbox 1535 5187 1702 5263; x_wconf 83' lang='lat' dir='ltr'>Augustini</span> <span class='ocrx_word' id='word_1_520' title='bbox 1727 5187 1760 5248; x_wconf 94' lang='grc'>13</span> <span class='ocrx_word' id='word_1_521' title='bbox 1781 5189 1865 5251; x_wconf 85' lang='grc'><strong>33036</strong></span> 
     </span>
     <span class='ocr_line' id='line_1_54' title="bbox 315 5271 1866 5360; baseline 0.004 -24"><span class='ocrx_word' id='word_1_522' title='bbox 315 5275 486 5354; x_wconf 87' lang='lat' dir='ltr'>praedictae</span> <span class='ocrx_word' id='word_1_523' title='bbox 506 5274 650 5349; x_wconf 90' lang='lat' dir='ltr'>nuncios,</span> <span class='ocrx_word' id='word_1_524' title='bbox 667 5273 757 5334; x_wconf 89' lang='grc'><strong>33133</strong></span> <span class='ocrx_word' id='word_1_525' title='bbox 781 5288 942 5335; x_wconf 89' lang='lat' dir='ltr'>causarum</span> <span class='ocrx_word' id='word_1_526' title='bbox 960 5271 1064 5352; x_wconf 89' lang='lat' dir='ltr'>palatii</span> <span class='ocrx_word' id='word_1_527' title='bbox 1120 5274 1273 5350; x_wconf 83' lang='grc'><strong>3113010313</strong></span> <span class='ocrx_word' id='word_1_528' title='bbox 1287 5284 1509 5353; x_wconf 88' lang='lat' dir='ltr'>praesentatus,</span> <span class='ocrx_word' id='word_1_529' title='bbox 1522 5279 1602 5357; x_wconf 91' lang='lat' dir='ltr'>quod</span> <span class='ocrx_word' id='word_1_530' title='bbox 1618 5277 1703 5355; x_wconf 80' lang='grc'><strong>(333</strong></span> <span class='ocrx_word' id='word_1_531' title='bbox 1718 5281 1866 5360; x_wconf 83' lang='grc'><strong>1333331-</strong></span> 
     </span>
     <span class='ocr_line' id='line_1_55' title="bbox 316 5365 1863 5450; baseline 0.005 -23"><span class='ocrx_word' id='word_1_532' title='bbox 316 5367 473 5446; x_wconf 90' lang='lat' dir='ltr'>apostolici</span> <span class='ocrx_word' id='word_1_533' title='bbox 499 5366 666 5442; x_wconf 89' lang='lat' dir='ltr'>auditores,</span> <span class='ocrx_word' id='word_1_534' title='bbox 692 5365 810 5428; x_wconf 80' lang='lat' dir='ltr'>sublati</span> <span class='ocrx_word' id='word_1_535' title='bbox 833 5365 878 5426; x_wconf 90' lang='lat' dir='ltr'>eis</span> <span class='ocrx_word' id='word_1_536' title='bbox 902 5374 1063 5427; x_wconf 87' lang='lat' dir='ltr'>eteorum</span> <span class='ocrx_word' id='word_1_537' title='bbox 1117 5368 1863 5450; x_wconf 82' lang='grc'><strong>303333333033313310333333116136036313,</strong></span> 
     </span>
     <span class='ocr_line' id='line_1_56' title="bbox 316 5457 1866 5544; baseline 0.002 -20"><span class='ocrx_word' id='word_1_538' title='bbox 316 5460 441 5524; x_wconf 91' lang='lat' dir='ltr'>cuilibet</span> <span class='ocrx_word' id='word_1_539' title='bbox 455 5460 564 5538; x_wconf 88' lang='lat' dir='ltr'>quavis</span> <span class='ocrx_word' id='word_1_540' title='bbox 578 5459 667 5520; x_wconf 87' lang='lat' dir='ltr'>aliter</span> <span class='ocrx_word' id='word_1_541' title='bbox 682 5457 837 5520; x_wconf 89' lang='lat' dir='ltr'>iudicandi</span> <span class='ocrx_word' id='word_1_542' title='bbox 857 5465 890 5518; x_wconf 89' lang='lat' dir='ltr'>et</span> <span class='ocrx_word' id='word_1_543' title='bbox 911 5458 1063 5536; x_wconf 90' lang='lat' dir='ltr'>interpre·</span> <span class='ocrx_word' id='word_1_544' title='bbox 1117 5477 1198 5522; x_wconf 92' lang='lat' dir='ltr'>anno</span> <span class='ocrx_word' id='word_1_545' title='bbox 1221 5475 1403 5521; x_wconf 85' lang='lat' dir='ltr'>xoctxxxv.</span> <span class='ocrx_word' id='word_1_546' title='bbox 1426 5462 1588 5538; x_wconf 89' lang='lat' dir='ltr'>celebrato,</span> <span class='ocrx_word' id='word_1_547' title='bbox 1605 5481 1659 5542; x_wconf 91' lang='lat' dir='ltr'>pro</span> <span class='ocrx_word' id='word_1_548' title='bbox 1674 5464 1780 5526; x_wconf 83' lang='grc'><strong>03633</strong></span> <span class='ocrx_word' id='word_1_549' title='bbox 1795 5481 1866 5544; x_wconf 91' lang='lat' dir='ltr'>pro-</span> 
     </span>
     <span class='ocr_line' id='line_1_57' title="bbox 317 5550 1865 5630; baseline 0.002 -13"><span class='ocrx_word' id='word_1_550' title='bbox 317 5553 401 5617; x_wconf 82' lang='lat' dir='ltr'>tendi</span> <span class='ocrx_word' id='word_1_551' title='bbox 432 5553 576 5615; x_wconf 85' lang='lat' dir='ltr'>facultate</span> <span class='ocrx_word' id='word_1_552' title='bbox 597 5559 628 5614; x_wconf 89' lang='lat' dir='ltr'>et</span> <span class='ocrx_word' id='word_1_553' title='bbox 648 5551 848 5626; x_wconf 90' lang='lat' dir='ltr'>auctoritate,</span> <span class='ocrx_word' id='word_1_554' title='bbox 880 5550 1008 5612; x_wconf 90' lang='lat' dir='ltr'>iudicari</span> <span class='ocrx_word' id='word_1_555' title='bbox 1033 5559 1064 5613; x_wconf 88' lang='lat' dir='ltr'>et</span> <span class='ocrx_word' id='word_1_556' title='bbox 1118 5553 1218 5615; x_wconf 84' lang='lat' dir='ltr'>viucid</span> <span class='ocrx_word' id='word_1_557' title='bbox 1239 5553 1393 5614; x_wconf 87' lang='lat' dir='ltr'>sancitum</span> <span class='ocrx_word' id='word_1_558' title='bbox 1416 5553 1520 5630; x_wconf 86' lang='lat' dir='ltr'>luerit,</span> <span class='ocrx_word' id='word_1_559' title='bbox 1544 5562 1578 5617; x_wconf 91' lang='lat' dir='ltr'>ut</span> <span class='ocrx_word' id='word_1_560' title='bbox 1599 5558 1634 5618; x_wconf 91' lang='lat' dir='ltr'>ad</span> <span class='ocrx_word' id='word_1_561' title='bbox 1653 5557 1738 5619; x_wconf 90' lang='lat' dir='ltr'>illam</span> <span class='ocrx_word' id='word_1_562' title='bbox 1760 5560 1865 5620; x_wconf 89' lang='lat' dir='ltr'>omnia</span> 
     </span>
     <span class='ocr_line' id='line_1_58' title="bbox 316 5644 1867 5725; baseline 0.005 -17"><span class='ocrx_word' id='word_1_563' title='bbox 316 5647 440 5710; x_wconf 83' lang='lat' dir='ltr'>definiri</span> <span class='ocrx_word' id='word_1_564' title='bbox 472 5647 595 5722; x_wconf 90' lang='lat' dir='ltr'>debere,</span> <span class='ocrx_word' id='word_1_565' title='bbox 618 5646 744 5708; x_wconf 88' lang='lat' dir='ltr'>irritum</span> <span class='ocrx_word' id='word_1_566' title='bbox 772 5651 949 5723; x_wconf 76' lang='lat' dir='ltr'>quoquest</span> <span class='ocrx_word' id='word_1_567' title='bbox 972 5644 1064 5706; x_wconf 90' lang='grc'><strong>13333</strong></span> <span class='ocrx_word' id='word_1_568' title='bbox 1117 5647 1249 5722; x_wconf 87' lang='grc'><strong>6333333,</strong></span> <span class='ocrx_word' id='word_1_569' title='bbox 1282 5662 1361 5724; x_wconf 88' lang='lat' dir='ltr'>quae</span> <span class='ocrx_word' id='word_1_570' title='bbox 1381 5663 1436 5725; x_wconf 90' lang='lat' dir='ltr'>pro</span> <span class='ocrx_word' id='word_1_571' title='bbox 1457 5648 1568 5710; x_wconf 89' lang='lat' dir='ltr'>ceteris</span> <span class='ocrx_word' id='word_1_572' title='bbox 1599 5649 1755 5712; x_wconf 87' lang='lat' dir='ltr'>indiarum</span> <span class='ocrx_word' id='word_1_573' title='bbox 1783 5652 1867 5715; x_wconf 86' lang='grc'><strong>11331-</strong></span> 
     </span>
    </p>
   </div>
   <div class='ocr_carea' id='block_1_9' title="bbox 317 5737 1866 5822">
    <p class='ocr_par' dir='ltr' id='par_1_14' title="bbox 317 5737 1866 5822">
     <span class='ocr_line' id='line_1_59' title="bbox 317 5737 1866 5822; baseline 0.006 -20"><span class='ocrx_word' id='word_1_574' title='bbox 317 5739 467 5822; x_wconf 86' lang='lat' dir='ltr'>quidquid</span> <span class='ocrx_word' id='word_1_575' title='bbox 485 5757 574 5802; x_wconf 89' lang='lat' dir='ltr'>secus</span> <span class='ocrx_word' id='word_1_576' title='bbox 594 5755 688 5817; x_wconf 91' lang='lat' dir='ltr'>super</span> <span class='ocrx_word' id='word_1_577' title='bbox 707 5739 786 5800; x_wconf 84' lang='grc'><strong>11133</strong></span> <span class='ocrx_word' id='word_1_578' title='bbox 801 5753 968 5817; x_wconf 83' lang='lat' dir='ltr'>quoquam,</span> <span class='ocrx_word' id='word_1_579' title='bbox 991 5753 1065 5816; x_wconf 91' lang='lat' dir='ltr'>qua·</span> <span class='ocrx_word' id='word_1_580' title='bbox 1117 5737 1289 5800; x_wconf 89' lang='lat' dir='ltr'>dentalium</span> <span class='ocrx_word' id='word_1_581' title='bbox 1300 5739 1468 5818; x_wconf 88' lang='lat' dir='ltr'>provinciis</span> <span class='ocrx_word' id='word_1_582' title='bbox 1479 5739 1552 5804; x_wconf 91' lang='lat' dir='ltr'>dicti</span> <span class='ocrx_word' id='word_1_583' title='bbox 1567 5741 1689 5805; x_wconf 87' lang='grc'><strong>0361313</strong></span> <span class='ocrx_word' id='word_1_584' title='bbox 1705 5743 1785 5806; x_wconf 87' lang='grc'><strong>36133</strong></span> <span class='ocrx_word' id='word_1_585' title='bbox 1800 5743 1866 5812; x_wconf 86' lang='lat' dir='ltr'>lue-</span> 
     </span>
    </p>
   </div>
   <div class='ocr_carea' id='block_1_10' title="bbox 358 5951 837 6012">
    <p class='ocr_par' dir='ltr' id='par_1_15' title="bbox 358 5951 837 6012">
     <span class='ocr_line' id='line_1_60' title="bbox 358 5951 837 6012; baseline -0.002 -13"><span class='ocrx_word' id='word_1_586' title='bbox 358 5953 388 6012; x_wconf 90' lang='grc'>(1)</span> <span class='ocrx_word' id='word_1_587' title='bbox 403 5953 440 5998; x_wconf 77' lang='lat' dir='ltr'>Ex</span> <span class='ocrx_word' id='word_1_588' title='bbox 454 5955 558 6011; x_wconf 80' lang='lat' dir='ltr'>Regest.</span> <span class='ocrx_word' id='word_1_589' title='bbox 574 5951 601 5997; x_wconf 91' lang='grc'>13</span> <span class='ocrx_word' id='word_1_590' title='bbox 616 5952 691 5998; x_wconf 83' lang='lat' dir='ltr'>Arch.</span> <span class='ocrx_word' id='word_1_591' title='bbox 707 5951 837 5998; x_wconf 85' lang='lat' dir='ltr'>Brevium.</span> 
     </span>
    </p>
   </div>
   <div class='ocr_carea' id='block_1_11' title="bbox 0 0 2447 6980">
    <p class='ocr_par' dir='ltr' id='par_1_16' title="bbox 0 0 2447 6980">
     <span class='ocr_line' id='line_1_61' title="bbox 0 0 2447 6980; baseline 0 0"><span class='ocrx_word' id='word_1_592' title='bbox 0 0 2447 6980; x_wconf 95' lang='lat' dir='ltr'> </span> 
     </span>
    </p>
   </div>
  </div>
 </body>
</html>
