4866 6980
342 547 397 603 An.
412 550 442 603 O.
464 549 531 604 1688
582 549 621 614 bb

563 683 729 760 generalis,
752 691 810 746 etc.
835 661 1042 745 De'mandato
1067 699 1140 744 suae
1161 697 1308 745 reveren·

562 777 715 851 dissimae,
739 777 788 840 Fr.
807 776 1029 840 Suonsrrnnus
1050 791 1090 836 na
1110 776 1240 838 bnnovo
1261 791 1308 837 se-

561 871 710 933 cretarius
732 869 884 946 generalis
905 868 1028 932 Ordinis
1041 887 1070 929 v.

344 969 542 1014 nscrerumcar-
603 965 641 1025 Et
674 961 805 1025 subinde
840 961 1027 1023 venerabilis
1069 962 1163 1025 irater
1198 969 1308 1024 noster

330 1022 425 1068 dinnlls
444 1025 541 1077 protec-

329 1076 394 1121 toris
415 1085 461 1130 pro
482 1085 542 1120 con·
563 1057 733 1123 dldemnus
765 1056 933 1134 Episcopus
961 1055 1140 1117 Portuensis
1167 1056 1307 1116 eiusdem

331 1129 499 1174 firmatione
517 1131 543 1174 et

329 1181 543 1244 „mmmmm
562 1151 593 1214 s.
608 1151 641 1212 lt.
658 1149 692 1254 F.
717 1148 884 1210 cardinalis
906 1149 989 1226 cybo
1011 1157 1218 1228 nuncupatus,
1231 1147 1306 1252 dicti

330 1234 513 1282 ¹³l¹ffl³ffl¹³²l
560 1244 683 1308 tlrdrms
714 1243 792 1320 apud
820 1257 875 1302 nos
900 1250 930 1304 et
959 1242 1071 1306 Sedem
1102 1240 1305 1318 Apostolrcam

560 1345 725 1416 protector,
739 1338 918 1400 ntemoratis
939 1335 1157 1398 commissoriis
1179 1349 1308 1410 genera-

561 1433 640 1494 libus
661 1431 817 1493 commisit
832 1437 867 1491 ut
883 1429 1086 1507 praeinsertas
1104 1435 1243 1506 patentes
1258 1427 1306 1488 lit·

560 1534 641 1587 teras
673 1523 805 1585 fideliter
831 1530 1064 1600 exequerentur
1091 1529 1122 1581 et
1151 1521 1306 1582 observari

560 1619 706 1693 lacerent,
720 1633 792 1680 cum
814 1615 957 1678 facultate
978 1613 1176 1694 procedendi,
1200 1615 1306 1676 adver-

559 1729 612 1772 sus
642 1710 854 1772 inobedientes
876 1716 906 1770 et
928 1709 1076 1782 rebelles,
1099 1709 1134 1769 ad
1161 1723 1306 1768 censuras

560 1804 793 1878 ecclesiasticas,
825 1802 959 1880 aliasque
988 1817 1100 1880 poenas
1122 1800 1154 1862 in
1184 1797 1306 1861 statutis

559 1897 681 1960 Ordinis
703 1895 912 1975 praescriptas,
931 1895 1023 1955 etiarn
1039 1892 1245 1972 appellatione
1260 1906 1306 1952 re·

559 1991 654 2064 mota,
677 1997 707 2050 et
728 1989 812 2064 alias,
828 1997 919 2067 prout
934 1987 1056 2066 plenius
1078 1986 1257 2048 continetur
1272 1983 1304 2044 in

559 2083 656 2161 ipsius
677 2081 822 2144 blderani
846 2080 984 2158 Episcopi
1007 2079 1177 2142 Cardinalis
1192 2085 1223 2140 et
1238 2093 1305 2156 pro-

559 2176 683 2238 tectoris
704 2177 826 2238 decreto
858 2175 991 2252 desuper
1011 2173 1093 2235 editu
1122 2172 1238 2234 tenoris
1259 2187 1305 2231 se-

559 2269 696 2346 quentis,
724 2269 884 2330 videlicet:
909 2266 1112 2328 ‹lllderanus
1138 2265 1305 2343 Episcopus

558 2362 738 2422 Portuensis
761 2362 791 2425 S.
810 2361 845 2420 lt.
870 2361 904 2420 E.
929 2359 1098 2422 cardinalis
1120 2359 1204 2435 (lybo
1225 2375 1304 2418 sera·

559 2455 638 2532 pbici
653 2454 774 2517 Ordinis
786 2453 889 2516 Sancti
904 2452 1056 2514 Francisci
1071 2453 1150 2529 apud
1162 2451 1304 2513 Sanctam

559 2545 669 2608 Sedent
692 2553 857 2624 protector.
883 2546 1006 2608 attenta
1034 2552 1230 2606 narratorum
1252 2561 1304 2604 ve-

557 2641 660 2714 ritate,
673 2656 752 2717 quae
772 2655 810 2699 ex
831 2637 1025 2700 (lacrimantis
1046 2655 1147 2698 sacrae
1168 2637 1304 2713 Congre-

557 2732 674 2808 gationi
703 2731 848 2792 exhibitis
874 2731 962 2792 nobis
984 2737 1117 2805 constat,
1144 2731 1304 2807 cupientes

557 2833 619 2886 torn
651 2825 839 2902 perniciosae
867 2823 915 2884 liti
942 2825 1037 2884 finem
1059 2831 1090 2883 ct
1116 2829 1303 2900 perpetuum

557 2919 720 2997 imponere
728 2919 904 2991 silentium,
917 2917 1059 2996 praelatis
1074 2917 1211 2996 patribus
1222 2932 1305 2977 com-

556 3013 697 3074 missario
710 3013 848 3087 generali
871 3012 1027 3072 ludiarum
1050 3011 1080 3072 in
1097 3010 1181 3072 curia
1203 3009 1304 3070 blatri-

556 3106 635 3168 tensi
656 3113 686 3165 et
707 3105 917 3166 commissario
939 3104 1076 3180 generali
1099 3104 1256 3178 indiarum
1271 3103 1303 3162 in

554 3199 723 3279 provinciis
745 3198 891 3260 Peruonis
906 3198 1077 3276 respective
1097 3197 1305 3258 residentibus

554 3293 781 3355 committimus
803 3292 843 3351 nt
868 3289 1006 3352 districte
1037 3292 1239 3366 mandamus,
1269 3298 1304 3352 ut

554 3403 647 3464 supra
669 3387 797 3464 scriptas
825 3385 942 3448 litteras
969 3393 1107 3463 patentes
1131 3385 1224 3462 patris
1246 3385 1304 3446 mi-

554 3479 647 3541 nistri
665 3477 829 3556 generalis,
845 3495 977 3556 quarum
993 3485 1134 3540 tenorem
1149 3481 1303 3557 praesenti

556 3579 662 3634 nostro
674 3573 797 3633 decreto
811 3571 1014 3650 approbamus
1026 3579 1056 3633 et
1068 3573 1301 3649 coinfirmamus,

550 3665 689 3728 ⁴fideliter
715 3671 930 3744 exequantur,
959 3674 989 3727 et
1016 3667 1054 3727 ab
1078 3667 1244 3742 omnibus,
1266 3669 1302 3730 ad

549 3775 631 3837 quos
651 3762 779 3836 spectat,
802 3759 1040 3837 inobseqnium
1065 3759 1236 3838 praedictae
1257 3777 1303 3820 sa-

553 3867 622 3924 croe
644 3851 901 3929 congregationis
930 3852 1042 3931 exequi
1064 3859 1095 3913 et
1116 3852 1303 3915 inviolabili·

551 3951 602 4005 ter
622 3945 780 4005 observari
801 3944 924 4020 iaciant,
940 3961 1011 4007 cnm
1033 3943 1176 4008 facultate
1197 3961 1301 4025 proce-

548 4035 644 4099 dendi
666 4038 813 4100 erlversus
834 4036 1047 4110 inobedientes
1068 4045 1107 4100 et¹
1121 4038 1250 4100 rebelles
1264 4039 1300 4100 ad

548 4146 698 4192 censuras
710 4179 713 4188 ,
726 4129 942 4194 ecclesiasticas
967 4131 1111 4210 aliasque·
1128 4147 1242 4210 poenas
1268 4131 1300 4194 in

547 4223 676 4285 statutis
695 4223 818 4288 Ordinis
840 4224 1152 4303 praescriptas,nulld
1173 4226 1218 4302 eis
1238 4225 1300 4287 sui·

551 4313 694 4393 lragante
713 4317 1037 4397 appellatione,quam
1059 4320 1173 4398 pariter
1193 4320 1225 4381 in
1248 4320 1302 4381 ob-

552 4409 696 4487 sequium
717 4411 855 4480 eiusdem
876 4427 978 4473 sacrae
992 4412 1253 4489 dongrogationts
1264 4414 1301 4475 ab

550 4502 619 4562 eius
646 4504 760 4565 decreti
785 4505 968 4567 executione
994 4504 1078 4567 iuxta
1106 4505 1238 4574 sormam
1266 4507 1299 4570 in

550 4593 640 4664 dictis
656 4595 961 4675 litterispatentibus,
971 4613 1150 4676 expressam
1162 4614 1201 4661 ex
1214 4614 1300 4662 nuno

551 4687 779 4762 interdicimus,
790 4706 943 4752 cassamus
958 4698 989 4752 et
1003 4691 1212 4754 annubamus.
1230 4691 1298 4754 Non

552 4781 744 4844 obstantibus
766 4781 1012 4846 incontrarium
1036 4785 1296 4864 quibuscumque.

551 4875 665 4945 Romae
687 4876 737 4939 die
765 4891 855 4938 xvru.
879 4877 1062 4955 septembris
1092 4895 1297 4941 xncnxxxrn.

551 4971 648 5038 -A-
673 4967 843 5032 cardinalis
872 4971 957 5032 Creo
988 4977 1153 5048 protector.
1188 4973 1296 5034 loxun.

550 5053 715 5134 ervrsrx
736 5061 856 5125 lluscn.
939 5117 942 5124 .

352 5173 439 5218 esoces
453 5171 532 5218 manv·
591 5157 660 5232 §E
685 5157 762 5220 Cum
785 5163 901 5232 autem,
920 5159 1004 5228 sicut
1020 5157 1126 5220 eadem
1148 5159 1298 5238 expositio

319 5225 532 5325 alternando

550 5249 769 5327 subiungebat,
792 5249 945 5329 praelatus
966 5253 1075 5313 Petrus
1088 5252 1226 5315 ,Marinus
1241 5253 1301 5314 mia

319 5332 455 5380 ⁹⁰¹¹l¹¹¹⁰¹l
552 5345 649 5408 nister
680 5344 851 5421 generalis,
884 5345 1063 5422 praemissa,
1094 5363 1155 5426 quo
1177 5347 1298 5409 firmius

344 5471 353 5498 ἱ

549 5437 722 5500 subsistant
740 5445 772 5499 et
792 5446 960 5502 serventur
987 5441 1135 5515 exactius,
1157 5440 1299 5519 apostoli-
1352 5474 1359 5486 ·

550 5545 601 5590 cae
622 5530 866 5593 confirmationis
887 5541 1010 5594 nostrae
1036 5534 1212 5597 munimine
1230 5549 1300 5594 cor·

551 5623 697 5697 roborari,
724 5639 922 5703 summopere
949 5626 1115 5692 desideret:
1140 5641 1208 5702 nos,
1231 5643 1297 5706 spe·

549 5715 659 5778 cialem
681 5718 738 5795 ipsi
760 5717 849 5780 Petro
864 5717 1147 5782 Marin'oministro
1160 5719 1297 5798 generali

550 5810 681 5884 gratiam
702 5809 801 5873 lacere
822 5811 974 5889 volentes,
987 5829 1151 5892 eumquea
1172 5814 1296 5893 quibus·

549 5901 596 5966 vis
617 5905 958 5984 excommunicationis,
973 5908 1184 5989 suspensionis
1198 5915 1230 5970 et
1249 5907 1298 5970 in-

1084 563 1150 610 lUll·
1174 563 1266 610 PONT·
1289 563 1330 608 DE
1351 565 1382 610 P·
1405 565 1434 612 F.
1458 567 1541 613 PARS
1563 569 1584 614 1.

1365 684 1503 760 terdicti,
1531 685 1661 764 aliisque
1689 687 1901 754 ecclesiasticis
1927 691 2110 768 sententiis,

1363 777 1503 838 censuris
1525 785 1555 840 et
1577 779 1695 856 poenis,
1718 781 1821 844 aiore
1842 783 1892 845 vel
1912 783 1950 846 ab
1970 784 2110 858 bomine,

1363 870 1471 947 quavis
1492 871 1652 934 occasione
1673 873 1723 936 vel
1744 877 1831 936 carisa
1854 875 1933 951 latis,
1952 878 1976 938 si
1999 878 2111 956 quibus

1363 963 1594 1039 quomodolibet
1606 965 1771 1030 innodatus
1786 969 1902 1044 existit,
1914 969 1949 1030 ad
1966 969 2110 1033 ellectum

1363 1057 1574 1132 praesentium
1596 1057 1756 1121 dumtaxat
1776 1064 2043 1140 consequendum,
2062 1064 2111 1124 ba·

1363 1163 1434 1210 rom
1456 1148 1535 1212 serie
1568 1151 1762 1214 absolventes
1788 1161 1821 1214 et
1842 1155 2017 1216 absolutum
2046 1157 2112 1216 lore

1362 1249 1542 1318 censentes,
1574 1245 1854 1324 supplicationibus
1884 1248 1951 1310 eius
1983 1249 2111 1310 nomine

1363 1333 1452 1398 nobis
1472 1351 1565 1414 snper
1585 1338 1643 1400 boc
1665 1339 1827 1401 bumiliter
1853 1342 2002 1419 porrectis
2024 1341 2112 1404 incli-

1362 1427 1438 1502 nati,
1461 1435 1601 1506 potentes
1623 1431 1760 1494 eiusdem
1782 1433 1865 1494 Petri
1886 1435 1997 1496 Earini
2018 1435 2110 1496 mini-

1361 1519 1417 1580 stri
1439 1521 1591 1596 generalis
1606 1523 1724 1586 litteras
1740 1534 1772 1587 et
1787 1526 1950 1588 memorati
1966 1525 2110 1590 blderani

1363 1611 1502 1692 Episcopi
1524 1615 1694 1678 cardinalis
1707 1625 1739 1682 et
1754 1619 1937 1696 protectoris
1951 1619 2110 1683 decretum

1362 1706 1569 1782 praeinserta,
1597 1725 1668 1771 cum
1697 1711 1843 1774 omnibus
1868 1719 1900 1774 et
1924 1712 2055 1790 singulis
2076 1714 2109 1777 in

1361 1797 1405 1858 eis
1426 1801 1597 1878 respective
1614 1805 1779 1879 contentis,
1796 1805 1978 1868 auctoritate
1991 1814 2110 1885 aposto÷

1362 1889 1433 1965 lica,
1457 1899 1565 1954 tenore
1587 1897 1813 1972 praesentium,
1836 1899 2057 1962 confirmamus
2079 1908 2109 1962 et

1360 1985 1575 2062 approbamus,
1589 1987 1713 2068 illisque
1727 1990 1913 2052 inviolabilis
1928 1993 2108 2070 apostolicae

1362 2079 1516 2140 firmitatis
1536 2081 1631 2142 robur
1645 2081 1816 2158 adiicimuS,
1832 2101 1866 2146 ac
1879 2100 1988 2148 omnes
2003 2093 2033 2146 et
2047 2086 2109 2148 siu·

1361 2171 1449 2246 gulos
1471 2172 1548 2234 iuris
1569 2181 1600 2235 et
1621 2173 1690 2238 lacti
1705 2173 1853 2251 detectus,
1868 2177 1895 2238 si
1910 2178 1964 2256 qui
1978 2180 2109 2257 desuper

1360 2265 1590 2340 quomodolibet
1612 2267 1854 2342 intervenerint,
1875 2270 2065 2349 supplemus.

1400 2359 1419 2430 ὅ
1439 2357 1468 2418 3.
1494 2358 1701 2422 bacernentes
1722 2363 1844 2424 easdem
1862 2371 2037 2440 praesentes
2058 2364 2109 2426 lit·

1361 2457 1439 2510 teras
1467 2467 1590 2529 semper
1619 2454 1740 2528 firmas,
1773 2453 1886 2516 validas
1913 2464 1945 2516 et
1973 2455 2107 2520 efficaces

1360 2544 1491 2605 existere
1513 2551 1544 2606 et
1566 2545 1648 2620 lore,
1671 2563 1806 2625 suosque
1832 2548 1986 2626 plenarios
2007 2555 2038 2610 et
2060 2550 2109 2612 in-

1360 2642 1464 2711 tegros
1495 2637 1621 2700 edoctus
1652 2639 1756 2700 sortiri
1778 2648 1809 2701 et
1830 2641 1989 2716 obtinere,
2016 2659 2050 2702 ac
2070 2643 2108 2702 ab

1359 2729 1504 2792 omnibus
1525 2736 1556 2791 et
1579 2731 1724 2808 singulis,
1757 2734 1792 2794 ad
1824 2725 1901 2812 quos
1932 2741 2048 2812 spectat
2076 2743 2107 2796 et

1358 2823 1506 2900 spectabit
1529 2823 1560 2884 in
1583 2823 1725 2888 laturum
1754 2825 1977 2890 inviolabiliter
2005 2829 2108 2890 obser-

1361 2913 1438 3004 vari,
1465 2916 1572 2994 sicque
1593 2917 1624 2977 in
1657 2917 1831 2996 praemissis
1857 2935 1912 2998 per
1942 2937 2107 2998 quoscum-

1360 3023 1421 3084 que
1443 3009 1556 3072 iudicas
1577 3011 1748 3072 ordinarios
1770 3020 1802 3074 et
1822 3012 1990 3089 delegatos,
2013 3015 2106 3076 etiam

1359 3115 1522 3162 causarum
1544 3103 1646 3182 palatii
1667 3105 1825 3183 apostolici
1846 3105 2014 3182 auditores,
2030 3108 2108 3170 iudi·

1360 3193 1421 3254 cari
1442 3202 1474 3256 et
1494 3195 1618 3258 dedniri
1641 3198 1764 3273 debere,
1780 3217 1814 3260 oc
1829 3199 1955 3262 irritum
1970 3209 2001 3262 et
2016 3203 2108 3264 inane

1358 3286 1384 3350 si
1405 3303 1492 3350 secus
1512 3305 1606 3366 super
1627 3290 1674 3351 his
1689 3308 1704 3351 a
1720 3308 1888 3370 quoquam,
1910 3294 2018 3372 quavis
2038 3311 2107 3356 auu

1360 3381 1494 3457 toritate,
1516 3383 1652 3446 scienter
1666 3384 1716 3444 vel
1733 3385 1924 3462 ignoranter,
1941 3387 2107 3464 contigerit

1358 3477 1514 3538 attentari.
1619 3531 1621 3536 ,

2154 2384 2301 2432 clausulae.

1357 3605 1375 3628 -.
1397 3572 1416 3645 ἓ
1437 3570 1466 3630 lx.
1490 3569 1558 3632 Non
1577 3570 1771 3634 obstantibus
1784 3573 2060 3636 constitutionibus
2075 3580 2106 3635 et
2174 3591 2341 3641 obstandum

1356 3663 1602 3726 ordinationibus
1611 3664 1798 3742 apostolicis
1808 3683 1852 3742 ac,
1865 3673 2018 3746 quatenus
2029 3683 2106 3747 opus

1356 3757 1407 3831 sit,
1430 3756 1638 3835 praelatorum
1664 3758 1787 3820 Ordinis
1807 3766 1840 3820 et
1860 3760 2103 3838 provinciarum,

1354 3849 1661 3926 etiaminrnmento,
1677 3851 1912 3914 confirmatione
1927 3851 2103 3932 apostolica,

1356 3941 1406 4002 vel
1429 3943 1536 4020 quovis
1558 3943 1705 4006 firmitate
1726 3943 1783 4008 alia
1803 3945 1965 4021 roboratis,
1981 3946 2105 4008 statutis

1357 4042 1387 4098 et
1405 4037 1697 4112 consuetudinibus,
1713 4037 1884 4115 privilegiis
1898 4055 2033 4118 quoque,
2057 4041 2103 4101 in-.

1354 4128 1451 4202 dubis
1470 4138 1503 4193 et
1524 4129 1636 4192 litteris
1664 4131 1836 4209 apostolicis
1858 4132 1890 4194 in
1912 4133 2104 4208 contrarium

1354 4221 1596 4299 praemissorum
1611 4223 1842 4302 quomodolibet
1856 4227 2017 4301 concessis,
2033 4243 2104 4288 con-

1353 4315 1502 4390 llrmatis,
1520 4322 1551 4378 et
1571 4317 1753 4394 innovatis3v
1772 4317 1884 4400 quibus
1908 4319 2052 4384 omnibus
2072 4329 2104 4384 et

1353 4408 1497 4485 singulis,
1520 4407 1792 4472 illorumtenores
1814 4413 2027 4490 praesentibus
2048 4429 2104 4492 pro

1355 4501 1447 4580 pleno
1466 4509 1498 4564 et
1518 4501 1710 4564 sufficienter
1726 4504 1883 4582 expressis
1900 4521 1934 4567 ac
1954 4505 2103 4569 deverbo

1354 4596 1391 4656 ad
1413 4593 1545 4656 verbum
1567 4593 1692 4674 insertis
1713 4595 1874 4672 babentes,
1895 4597 1956 4660 illis
1976 4599 2049 4660 alias
2069 4599 2102 4662 in

1354 4703 1411 4748 suo
1432 4687 1541 4748 robore
1563 4688 1784 4765 permansuris,
1804 4691 1840 4752 ad
1861 4691 2102 4768 praemissorum

1355 4778 1511 4855 ellectum,
1521 4779 1583 4846 ,bac
1603 4780 1672 4842 vice
1691 4780 1863 4857 dumtaxat,
1884 4783 2058 4861 specialiter
2072 4792 2103 4845 et

1354 4887 1498 4950 expresse
1518 4873 1721 4951 derogamus3
1744 4875 1916 4962 ceterisque
1937 4877 2102 4942 contrariis

1355 4965 1612 5044 quibuscumque.
1719 5037 1721 5041 ,

1394 5059 1507 5122 batum
1522 5058 1649 5136 Eumae,
1664 5061 1742 5142 apud
1764 5061 1794 5126 S.
1807 5062 1941 5130 Mariam
1952 5065 2102 5128 Maiorem

1353 5152 1411 5216 sub
1445 5151 1560 5216 annulo
1596 5153 1773 5232 Piscatoris,¹
1798 5156 1848 5222 die
1878 5165 1932 5224 xx,
1961 5159 2102 5222 octobris

1354 5259 1571 5322 uoouxxxxn..
1588 5247 1782 5326 pontificatus
1797 5249 1899 5316 nostri
1921 5267 2003 5329 anno
2028 5267 2097 5312 vnr.

1693 5497 1772 5596 xx(
1868 5497 1872 5512 '

1355 5718 1531 5798 Confirmet
1552 5721 1717 5783 decretum.
1736 5683 2002 5802 Goopchotioois
2019 5723 2099 5786 Coo,-

1392 5813 1477 5886 cilt'r‘,
1500 5831 1560 5892 quo
1581 5815 1773 5896 tutooptmr
1798 5815 1985 5880 ordinariis
2007 5821 2099 5899 repul

1395 5907 1539 5971 Perconi
1571 5910 1767 5988 conseruat-io
1806 5911 1938 5992 maest,
1961 5911 2098 5977 Consilii

2124 3644 2266 3702 derogatio.
