4866 6980
872 537 876 542 ¹
965 541 1178 626 ¹nutocssrms
1199 574 1244 624 xr.
1820 558 1859 625 tu
1909 561 1963 618 An.
1978 565 2008 618 c.
2030 565 2097 620 1681

329 713 464 774 necnon,
487 705 639 777 quatenus
669 713 745 776 opus
777 698 827 772 sit,
849 698 983 776 collegii,
1006 716 1076 778 pre
1131 713 1212 772 mus,
1236 695 1446 775 praesentibus
1479 696 1635 775 perpetuis
1666 695 1779 759 lutaris
1801 703 1879 757 tem·

328 794 449 856 vinciae
469 800 501 855 et
514 791 637 856 Ordinis
650 791 869 870 praelatorum,
885 791 994 854 aliisve
1008 793 1077 872 qui·
1131 790 1257 869 poribus
1289 790 1439 854 valituris.
1469 789 1621 853 Volumus
1648 799 1753 853 autem
1774 797 1809 852 ut
1830 805 1879 852 ea-

328 888 450 962 busvis,
484 887 577 949 etiam
612 885 803 959 iuramento,
840 885 1075 948 confirmatione
1131 883 1274 945 rumdam
1287 883 1495 962 praesentium
1507 883 1670 946 literarum
1684 889 1879 961 transumpto

329 979 501 1060 apostolici,
522 995 577 1040 seu
604 978 713 1056 quavis
742 977 889 1040 firmitate
909 978 966 1040 alia
987 979 1074 1042 robo-
1130 992 1186 1037 seu
1208 976 1408 1057 transumptis
1421 978 1515 1039 etiam
1530 976 1698 1056 impressis,
1714 992 1812 1039 manu
1826 976 1879 1038 ali·

328 1075 414 1148 ratis,
438 1073 559 1136 statutis
584 1079 615 1133 et
638 1070 925 1147 consuetudinibus,
951 1073 1074 1150 privile·
1130 1070 1218 1132 cuius
1240 1070 1353 1132 notarii
1374 1070 1486 1149 publici
1511 1069 1702 1148 subscriptis,
1726 1076 1756 1130 et
1776 1069 1880 1145 sigillo

329 1169 386 1245 giis
406 1182 542 1245 quoque,
566 1165 694 1227 indultis
715 1171 746 1228 et
770 1164 882 1227 litteris
903 1165 1075 1242 apostolicis
1130 1177 1279 1240 personae
1300 1162 1332 1224 in
1358 1163 1557 1225 ecclesiastici
1578 1163 1727 1238 dignitate
1748 1160 1879 1224 munitis

329 1263 362 1322 in
376 1260 568 1323 eontrarium
589 1258 829 1338 praemissorum
845 1258 1075 1337 quomodolibet
1131 1255 1237 1315 eadem
1259 1270 1384 1333 prorsus
1399 1255 1474 1318 tides
1489 1255 1603 1333 ubique
1618 1254 1757 1316 locorum
1771 1252 1879 1314 habea-

329 1353 490 1426 concessiS,
505 1351 695 1414 confirmatis
716 1357 747 1412 et
768 1350 941 1426 innovatis;
964 1351 1075 1428 quibus
1131 1355 1193 1420 tor,
1207 1361 1286 1424 quae
1297 1347 1370 1425 ipsis
1381 1347 1594 1425 praesentibus
1606 1345 1783 1421 haberetur,
1796 1346 1821 1406 si
1837 1345 1879 1406 lo-

329 1445 473 1508 omnibus
495 1450 526 1506 et
545 1442 688 1519 singulis,
711 1441 837 1504 illorum
853 1448 977 1504 tenores
990 1459 1077 1520 prae·
1130 1444 1200 1499 rent
1223 1439 1376 1504 exhibitae
1397 1440 1448 1501 vel
1467 1447 1618 1502 ostensae.
1735 1511 1736 1518 ἵ

327 1539 467 1600 sentibus
491 1553 548 1616 pro
567 1536 659 1615 plene
684 1541 715 1596 et
738 1535 929 1596 sufficienter
953 1551 1075 1614 expres·
1171 1530 1283 1595 Datum
1298 1531 1423 1606 Romae,
1436 1533 1513 1611 apud
1530 1531 1562 1594 S.
1576 1531 1704 1593 blariam
1718 1530 1877 1604 Maiorem,

327 1633 368 1693 sis
388 1647 421 1693 ac
442 1629 567 1692 insertis
594 1629 758 1702 habentos,
786 1628 846 1689 illis
866 1627 939 1689 aliis
967 1628 998 1690 in
1019 1645 1075 1690 suo
1130 1623 1188 1684 sab
1216 1625 1334 1686 annulo
1358 1623 1535 1699 Piscatoris,
1565 1624 1615 1686 die
1643 1641 1718 1684 xxx.
1745 1629 1878 1700 septem-

329 1725 438 1786 robore
461 1721 687 1801 permansuris,
714 1720 748 1780 ad
771 1721 1012 1798 praemissorum
1033 1719 1075 1782 el·
1131 1715 1194 1776 bris
1215 1727 1404 1794 noeuxxxr,
1422 1717 1618 1796 pontificatus
1633 1718 1730 1778 nostri
1749 1732 1832 1777 anno
1847 1733 1875 1776 v.

328 1817 457 1890 lectum,
479 1815 536 1876 hac
563 1814 631 1876 vice
651 1813 822 1888 dumtaxat,
848 1813 1021 1892 specialiter
1045 1821 1076 1874 et

269 1945 273 1952 ·
327 1925 471 1988 expresse
490 1907 692 1984 derogamus,
724 1906 897 1985 ceterisque
916 1907 1076 1968 contrariis

327 2003 586 2082 quibuscumque.
1463 2000 1545 2064 xlv.

368 2096 479 2158 Datum
507 2093 633 2166 Romae,
665 2090 745 2171 apud
773 2091 804 2154 S.
830 2091 957 2154 Mariam
985 2091 1077 2155 llaio-

327 2203 406 2262 rem,
428 2187 486 2248 sub
506 2184 624 2246 annulo
645 2183 815 2258 Piscatoris,
838 2185 887 2245 die
908 2201 1076 2261 vrnaugu·
1135 2185 1309 2266 Confirmat
1343 2189 1505 2252 decretum
1541 2187 1728 2252 cardinalis
1760 2197 1878 2267 protec-

327 2281 367 2343 sti
382 2294 571 2354 uocarunt,
588 2277 784 2356 pontificatus
800 2278 900 2340 nostri
914 2295 996 2340 anno
1010 2297 1039 2338 v.
1174 2282 1254 2342 teris
1277 2283 1364 2344 eirca
1385 2282 1626 2362 abrogationem
1647 2283 1879 2344 contmissario-
1951 2271 1954 2277 ’

1172 2391 1246 2436 ruat
1269 2378 1468 2454 pecoralium
1491 2391 1547 2453 pro
1572 2377 1749 2452 proviaciis
1772 2375 1879 2438 ludia-

1174 2484 1248 2529 rum
1273 2470 1490 2531 Orientalium
1510 2467 1640 2531 Ordinis
1657 2470 1804 2546 fratrum
1821 2469 1880 2532 bli-

662 2563 740 2625 Xlll.
1172 2576 1290 2664 aeorum
1315 2563 1422 2623 coacti
1445 2561 1614 2624 Fratreisci
1637 2561 1673 2624 de
1706 2559 1879 2623 Obseruau-

330 2747 570 2828 lodulpeutiem
591 2747 734 2808 concedit
750 2743 964 2808 visitantibus
981 2745 1076 2807 Saue·
1175 2661 1223 2715 “a
1247 2654 1301 2732 (2)·

369 2849 438 2902 tum
455 2842 524 2903 lesu
543 2839 667 2902 Christi
683 2839 721 2902 D.
738 2839 775 2903 Ν.
793 2839 1003 2916 Sepulchrum
1017 2837 1072 2917 (l).
1313 2822 1542 2892 lllllGEllTlUS
1564 2825 1625 2892 ΡΡ.
1652 2825 1697 2892 ill.

497 2982 750 3050 innocensus
774 2983 834 3049 re.
859 2981 906 3048 xr.
1274 2947 1311 3012 at
1332 2947 1462 3014 futuram
1484 2949 1528 3014 ret
1551 2949 1733 3014 nemorian-

329 3119 483 3187 universis
503 3119 753 3185 christifidelibus
770 3122 953 3202 praesentes
970 3118 1074 3184 literas
1173 3123 1219 3183 ttx
1240 3122 1341 3185 [tabita
1363 3124 1520 3202 pastoralis
1541 3125 1644 3200 officii,
1657 3125 1738 3203 quod
1762 3124 1880 3184 insero-

369 3212 561 3297 inspeoturis,
590 3213 773 3279 salutemet
800 3211 997 3294 apostolicam
1025 3212 1076 3278 be·
1134 3215 1695 3295 rabitis(livinaesaptentiaeattitudo
1711 3215 1896 3282 transilitas,

370 3307 581 3375 bedictionem.
1132 3318 1266 3386 nostrae,
1288 3311 1408 3373 viribus
1430 3313 1502 3374 licet
1523 3319 1553 3376 et
1574 3312 1694 3374 meritis
1708 3313 1800 3390 longe
1822 3313 1879 3373 im-

1132 3406 1271 3484 paribus,
1299 3405 1460 3485 imponere
1485 3409 1609 3484 dignata
1630 3416 1692 3486 est,
1719 3415 1879 3487 paternam

368 3499 413 3561 hd
428 3497 600 3576 augendam
615 3496 755 3560 bdelium
771 3498 958 3575 religionem
969 3507 1000 3562 et
1010 3500 1075 3561 ani·
1131 3503 1379 3566 christifidelium
1390 3503 1443 3580 qui
1455 3517 1472 3564 e
1484 3502 1626 3564 ductibus
1637 3503 1749 3565 saeculi
1765 3503 1798 3565 in
1810 3519 1881 3582 por·

327 3608 448 3654 marum
471 3592 604 3652 salutem
630 3591 809 3667 caelestibus
836 3592 987 3654 Ecclesiae
1010 3593 1075 3656 tbe-
1133 3604 1198 3658 tum
1214 3596 1296 3657 vitae
1311 3595 1472 3672 religiosae
1486 3595 1696 3672 conlegerunt
1710 3611 1879 3674 eurampe-

327 3685 425 3746 sauris
446 3685 494 3763 pii
521 3685 647 3746 caritate
672 3684 799 3759 intenti,
822 3701 855 3746 ac
881 3686 1076 3764 supplicatio·
1131 3689 1239 3752 collari
1259 3689 1406 3750 charitate
1427 3689 1546 3750 assidue
1568 3697 1722 3765 gerentes,
1738 3705 1785 3764 ea,
1802 3705 1880 3768 quae

328 3777 420 3840 nibus
450 3777 552 3840 dilecti
586 3777 642 3838 filii
674 3777 756 3838 Petri
788 3777 898 3840 llarini
933 3779 1075 3840 Sermani
1132 3781 1281 3860 protolici
1297 3795 1506 3859 prosperoque
1526 3781 1653 3844 illorum
1674 3781 1828 3858 regimine
1849 3789 1880 3842 et

327 3869 573 3944 mediolanensis,
604 3869 764 3946 guardiani
792 3879 967 3933 conventus
998 3873 1074 3934 sacri
1132 3873 1284 3950 gubernio
1299 3873 1428 3952 provide
1442 3875 1607 3936 constituta
1628 3883 1720 3953 atque
1740 3873 1879 3935 ordinata

327 3962 441 4025 ldontis
472 3961 557 4035 Sion,
581 3969 612 4023 et
639 3961 770 4024 custodis
802 3963 916 4024 'terrae
948 3965 1075 4027 Sanctae
1131 3982 1197 4028 esse
1224 3972 1407 4038 noscuntur,
1435 3974 1470 4028 ut
1497 3968 1585 4028 firma
1607 3974 1637 4028 et
1664 3967 1779 4028 illibata
1811 3982 1880 4044 per-

327 4054 449 4118 Ordinis
470 4053 603 4116 lratrum
624 4055 782 4116 itinerum
809 4055 840 4116 S.
864 4057 1016 4119 Francisci
1038 4059 1076 4120 de
1130 4059 1250 4134 sistant,
1263 4059 1418 4137 apostolici
1435 4059 1619 4122 muniminis
1633 4060 1794 4139 praesidio,
1807 4076 1879 4122 cum

327 4147 524 4210 observantie
552 4153 806 4225 nuncupatorum
836 4149 966 4211 nomine
987 4150 1075 4211 nobis
1132 4149 1160 4211 id
1183 4167 1199 4212 a
1220 4151 1308 4214 nobis
1329 4152 1457 4230 petitur,
1480 4151 1614 4214 libenter
1631 4153 1876 4214 corroboramus.

325 4257 420 4318 super
450 4241 508 4301 lroc
538 4237 703 4302 humiliter
737 4241 886 4319 porrectis
915 4241 1073 4318 inclinati,
1171 4245 1238 4318 §h
1262 4245 1382 4323 Exponi
1404 4245 1556 4322 siquidem
1578 4245 1667 4306 nobis
1687 4261 1789 4324 nuper
1806 4243 1879 4307 lecit

327 4333 472 4395 omnibus
494 4339 525 4394 et
545 4333 675 4409 singulis
700 4333 864 4412 utriusque
883 4351 975 4397 sexus
996 4337 1076 4396 chri·
1132 4339 1262 4401 dilectus
1283 4336 1365 4400 filius
1394 4337 1574 4399 hmbrosius
1595 4338 1632 4399 ab
1657 4338 1877 4416 Assumptione

326 4425 511 4488 stilidelibus
532 4423 568 4486 ad
587 4425 786 4504 sepulchrum
802 4427 869 4489 lesu
884 4427 1001 4490 Christi
1019 4429 1076 4490 Do·
1131 4432 1226 4492 trater
1237 4444 1380 4508 expresse
1401 4429 1554 4508 protessus
1568 4447 1602 4492 ac
1616 4437 1795 4508 procurator
1809 4445 1878 4508 pro-

327 4519 406 4580 mini
427 4517 531 4582 Nostri
551 4519 831 4597 peregrinantibus,
847 4521 902 4598 qui
917 4536 1075 4599 verepoe-
1132 4523 1305 4584 vinciarum
1333 4522 1363 4584 S.
1393 4502 1528 4584 Th'omae
1553 4522 1691 4602 Apostoli
1717 4531 1748 4584 et
1773 4521 1878 4584 Matris

327 4612 465 4674 nitentes
485 4618 517 4672 et
537 4609 668 4673 confessi
689 4628 722 4673 ac
743 4612 825 4673 sacrat
854 4615 1075 4676 communione
1132 4617 1186 4678 Dei
1208 4616 1241 4678 in
1263 4615 1355 4677 lndiis
1376 4614 1582 4677 Orientalibus
1602 4615 1725 4678 Ordinis
1746 4615 1879 4678 lratrum

326 4705 433 4766 relecti
454 4713 596 4766 sanctum
617 4703 818 4782 sepulchrum
834 4705 1010 4770 huiusmodi
1025 4709 1076 4770 de-
1131 4709 1286 4772 llinorum
1314 4707 1418 4771 Sancti
1440 4708 1594 4770 Francisci
1615 4709 1653 4771 de
1677 4707 1878 4772 Obseruantia

326 4805 399 4858 vote
412 4797 618 4871 visitaverint,
631 4803 663 4859 et
679 4797 721 4858 ibi
735 4813 791 4876 pro
805 4797 980 4876 principum
996 4801 1074 4862 chri·
1132 4807 1394 4879 nuncupatorum,
1410 4801 1492 4878 quod
1514 4801 1701 4864 venerabilis
1716 4801 1810 4863 trater
1824 4817 1879 4862 no-

325 4889 498 4952 stianorum
520 4889 691 4964 concordii,
712 4889 875 4952 haeresum
897 4891 1075 4971 extirpatio·
1130 4901 1194 4955 ster
1205 4891 1376 4954 hlderanus
1389 4891 1556 4970 Episcopus
1568 4893 1761 4955 Tusculanus
1773 4891 1877 4956 S.R.E.

326 4999 378 5058 ne,
400 4999 434 5044 ac
456 4982 585 5045 Sanctae
605 4982 709 5044 Matris
724 4982 876 5046 Ecclesiae
891 4984 1075 5047 exaltatione
1132 4984 1301 5048 cardinalis
1323 4984 1407 5061 cybo
1428 4993 1637 5064 nuncupatus,
1660 4985 1734 5048 dicti
1754 4985 1877 5048 Ordinis

326 5077 390 5155 pias
410 5075 447 5136 ad
468 5077 567 5138 [teum
588 5089 694 5152 preces
713 5075 892 5165 elloderint,
909 5079 1030 5156 quoties
1045 5079 1074 5142 id
1131 5077 1210 5156 apud
1231 5094 1287 5140 nos
1303 5085 1335 5139 et
1349 5077 1461 5140 Sedem
1482 5079 1688 5156 Apostolicam
1710 5085 1876 5158 protector,

326 5169 448 5246 egerint
459 5168 630 5246 plenariam
644 5169 994 5248 omniumpeccatorum
1005 5187 1075 5234 suo
1131 5170 1321 5232 inhaerendo
1342 5170 1524 5248 quibusdam
1547 5171 1722 5250 patentibus
1737 5171 1878 5233 litterisa

326 5277 399 5324 rum
430 5261 657 5338 indulgentiam
678 5273 710 5324 et
730 5263 959 5338 remissionem,
981 5279 1074 5342 quam
1132 5261 1242 5325 dilecto
1259 5263 1323 5324 tilio
1338 5263 1427 5324 Petro
1442 5264 1559 5325 tlarino
1574 5263 1725 5326 Sarmano
1741 5263 1878 5340 generali

326 5355 421 5417 etiam
432 5355 592 5418 animabus
603 5354 744 5418 fidelium
755 5355 984 5431 detunctorum,
997 5373 1076 5436 quae
1131 5355 1270 5418 eiusdem
1284 5355 1404 5418 Ordinis
1415 5355 1464 5418 die
1477 5371 1543 5417 uxr.
1556 5357 1628 5418 maii
1641 5357 1783 5436 proxime
1793 5372 1879 5435 prae

326 5449 389 5510 beo
409 5449 443 5510 in
464 5449 589 5510 caritate
610 5448 793 5510 coniunctae
814 5449 851 5510 ab
866 5449 922 5511 hae
936 5449 1004 5512 luce
1018 5450 1075 5512 mi·
1131 5448 1216 5511 teriti
1236 5447 1396 5522 emanatis,
1411 5464 1522 5528 easque
1537 5457 1709 5528 opportune
1724 5449 1878 5511 declaran-

327 5540 498 5616 graverint,
521 5555 575 5618 per
605 5540 733 5602 modum
764 5540 902 5618 sudragii
924 5541 1075 5620 applicare
1131 5541 1181 5617 do,
1203 5549 1234 5604 et
1249 5559 1327 5620 quae
1341 5543 1470 5605 deerant
1490 5544 1674 5621 supplendo,
1697 5543 1834 5606 decrevit
1847 5551 1879 5605 et

326 5631 456 5710 possint,
472 5631 714 5696 misericorditer
734 5633 766 5694 in
782 5633 914 5696 Domino
935 5635 1075 5698 concedi·
1131 5635 1300 5710 mandavit,
1325 5651 1365 5698 ne
1387 5637 1423 5699 de
1444 5643 1547 5698 cetero
1562 5636 1763 5698 commissarii
1785 5651 1879 5713 gene·

368 5869 398 5926 (l)
415 5869 451 5914 [tx
465 5869 531 5916 suu.
542 5873 637 5917 Terrae
648 5873 681 5927 S,
692 5871 753 5918 edit.
765 5875 864 5919 Romae
873 5853 917 5919 ans
925 5875 983 5929 1727,
995 5887 1018 5932 p.
1028 5877 1072 5920 110.
1099 5889 1104 5992 Ι
1130 5873 1265 5920 moralibus
1287 5873 1421 5920 indiarum
1444 5875 1502 5920 vide
1521 5875 1618 5922 Urbani
1633 5877 1695 5920 vt11.
1717 5874 1797 5922 const.
1815 5875 1876 5921 edit.

369 5937 399 5993 (2)
415 5940 453 5982 Ex
473 5939 535 5994 Rag.
552 5937 580 5983 in
594 5939 669 5984 hrch.
688 5943 760 5984 Brav.
782 5943 816 5986 De
830 5942 1020 5988 commissor-ns
1035 5952 1076 5999 ge·
1130 5951 1257 5998 uncxxv,
1273 5942 1314 5988 die
1330 5953 1373 5987 xx.
1389 5943 1550 5999 novembris,
1562 5947 1631 6000 pont.
1649 5955 1685 5989 ιιι.

433 6057 487 6107 tur.
502 6059 571 6107 Pom.
587 6060 618 6106 de
632 6061 708 6124 Prap.
723 6063 786 6114 litate
799 6064 881 6111 Partis
896 6067 914 6110 1.
930 6065 984 6111 vol.
999 6067 1029 6112 tt.
1759 6069 1771 6114 7

1937 3134 2083 3181 Exordium.

1925 4248 2025 4306 Species
2040 4251 2106 4298 tacti.
