4880 6982
1019 567 1161 624 CLEMENS
1182 567 1226 624 xl.

349 691 546 772 degentibus,
568 709 601 758 ae
622 688 856 759 administrandi
878 693 939 758 illis
961 693 1014 760 SS.
1033 695 1095 759 Eu-

348 789 521 865 charistiae,
543 789 637 852 etiam
660 807 714 867 pro
736 789 865 866 lliatico,
882 808 916 852 ac
931 792 1096 854 Extremae

350 883 510 946 Unctionis
531 892 731 959 sacramenta,
745 885 828 946 iuxta
850 883 983 946 aliorum
1003 885 1094 948 colle-

350 978 474 1052 giorum
496 979 735 1054 praedictorum,
761 977 884 1055 pacittct
906 978 1094 1056 possessione

350 1070 1094 1148 exemptionisetiurishuiusmodigaudentium,

349 1163 619 1238 consuetudinem,
632 1169 807 1241 competere
821 1163 1032 1241 dignoscatur,
1048 1165 1096 1225 ui·

348 1256 520 1318 nilominus
547 1259 716 1320 modernus
738 1257 887 1336 parochus
916 1275 972 1320 seu
994 1265 1096 1320 rector

349 1349 530 1430 parochialis
551 1350 695 1414 ecclesiae
716 1351 747 1416 S.
762 1352 903 1414 Andreae
924 1351 961 1412 de
982 1351 1096 1414 Erectis

349 1450 545 1521 nuncupatae
559 1443 596 1505 de
608 1445 714 1507 eadem
725 1444 819 1518 Urbe,
832 1443 953 1509 Ordinis
964 1444 1096 1505 lratrum

350 1535 382 1598 S.
407 1536 558 1598 Francisci
587 1535 625 1598 de
649 1537 742 1599 Paula
773 1537 977 1601 Minimorum
1003 1536 1096 1598 etiam

350 1638 615 1708 nuncupatorum,
628 1647 729 1710 nuper
743 1638 874 1710 sequuto
889 1631 975 1693 obitu
997 1646 1095 1708 quon·

350 1726 420 1786 dam
441 1725 565 1787 loannis
592 1724 710 1786 Patritii
737 1725 889 1803 praefatae
922 1724 1095 1800 congrega-

351 1818 445 1880 tionis
477 1817 686 1881 cardinalium
714 1818 869 1893 ministri,
900 1817 986 1879 litem
1015 1816 1096 1878 dieto

350 1912 480 1988 collegio
500 1927 603 1974 coram
624 1910 734 1974 dilecto
756 1911 820 1974 lilio
841 1919 947 1973 nostro
969 1909 1097 1972 inUrbe

350 2005 504 2084 praedicti
529 2005 643 2068 vicario
665 2006 697 2066 in
719 2004 932 2082 spiritualibus
959 2003 1096 2080 generali

349 2115 443 2178 super
463 2099 697 2174 consignatione
717 2099 872 2161 cadaveris
887 2093 1096 2161 dicti'loanuis

349 2201 381 2255 et
402 2193 690 2255 emolumentorum
712 2191 935 2270 parochialium
949 2192 1094 2264 moverit,

349 2293 492 2348 emanato
504 2285 635 2365 desuper
655 2287 788 2362 quodam
803 2287 926 2348 decreto
947 2285 1095 2363 provisio-

350 2381 424 2457 nali,
448 2397 492 2456 ae,
515 2389 648 2459 sequuta
668 2380 783 2458 pariter
805 2378 960 2456 quondam
976 2378 1095 2456 losephi

351 2473 583 2549 dominemini,
606 2472 734 2534 alterius
755 2471 894 2534 eiusdem
920 2471 1097 2547 congrega·

350 2571 443 2632 tionis
469 2568 623 2640 ministri,
646 2566 699 2644 qui
723 2565 756 2626 iu
784 2564 932 2626 saeculari
953 2571 984 2626 et
1005 2564 1095 2625 colle·

350 2663 429 2740 giatd
451 2661 576 2724 ecelesia
603 2659 635 2723 S.
660 2658 816 2721 Eustachii
836 2657 875 2720 de
899 2658 979 2720 dicte
1000 2657 1094 2730 Urbe,

349 2758 382 2818 iu
404 2771 463 2834 qua
485 2755 701 2817 canonicatum
723 2761 753 2813 et
779 2751 996 2830 praebendam,
1019 2751 1094 2812 dum

347 2851 483 2924 viveret,
506 2847 675 2921 obtinebat,
701 2844 893 2924 sepulturam
914 2844 972 2905 sibi
994 2844 1095 2920 elege-

348 2953 407 3020 rat,
430 2945 528 3017 obitu,
544 2949 685 3020 quartam
706 2938 894 3001 luneralium
910 2945 940 3000 et
955 2939 1012 3000 alia
1028 2940 1094 3002 iura

348 3036 533 3116 parochialia
553 3033 773 3112 praetenderit,
797 3033 876 3110 ipsos
897 3032 1048 3094 loannem
1064 3039 1095 3094 et

349 3130 525 3210 losephum,
548 3128 630 3202 licet,
644 3127 691 3188 uti
712 3125 847 3188 ministri
868 3125 1047 3188 huiusmodi
1061 3141 1095 3187 ac

348 3225 429 3284 intra
451 3222 574 3297 collegii
596 3220 743 3298 praedicti
758 3226 842 3298 septa
857 3218 1007 3293 defuncti,
1024 3219 1094 3280 nul-

349 3316 468 3378 latenus
482 3315 511 3376 ei
525 3314 698 3388 subessent,
715 3312 798 3373 inter
812 3319 929 3374 ceteros
942 3312 1096 3390 parochia·

349 3425 405 3470 nos
426 3425 496 3470 snos
511 3408 625 3486 absque
639 3405 701 3468 ulla
715 3405 913 3467 ‹listinctioue
932 3421 1095 3468 recensen-

348 3504 402 3566 do:
435 3501 509 3564 hinc
530 3508 577 3562 est
604 3500 685 3578 quod
708 3515 780 3573 nos,
811 3497 898 3560 litem
921 3505 1093 3560 etecusam

349 3595 526 3658 huiusmodi
548 3595 707 3668 dirimere,
730 3609 775 3668 ac,
793 3609 833 3656 ne
854 3593 937 3655 ullae
958 3592 1034 3654 aliae
1054 3592 1094 3653 si-

347 3690 437 3752 miles
458 3687 690 3752 ooutruversiae
711 3687 792 3750 dicto
804 3686 937 3764 collegio
950 3689 983 3747 in
994 3693 1094 3765 poste-

346 3801 419 3846 rum
440 3783 626 3858 inlerantur,
649 3781 822 3860 providere,
845 3780 1009 3857 eidemque
1034 3779 1094 3842 col·

349 3879 429 3954 legio
460 3875 624 3954 specialem
651 3875 781 3950 gratiam
809 3874 909 3936 lacere
940 3873 1091 3948 volentes,

348 3985 471 4033 necnon
492 3969 556 4030 litis
572 3975 602 4029 et
617 3983 722 4028 causae
740 3969 920 4030 earumdem
931 3973 1046 4028 statum
1062 3975 1093 4028 et

346 4063 474 4136 merita,
496 4077 529 4124 ac
551 4061 670 4124 dictum
690 4061 852 4122 decretum
873 4059 1091 4139 provisionale,

347 4155 537 4233 nominaque
557 4163 588 4216 et
609 4153 805 4231 cognomina,
822 4169 855 4215 ac
869 4153 1032 4231 qualitates
1046 4154 1092 4214 iu-

346 4249 451 4312 dicum
472 4255 504 4310 et
525 4247 781 4323 collitigauttum,
797 4255 828 4308 et
849 4247 906 4307 alia
928 4263 1093 4324 quaecum-

346 4359 417 4421 que,
441 4343 534 4404 etiam
554 4340 727 4418 specificam
743 4347 774 4402 et
788 4339 983 4402 individuam
1005 4354 1092 4400 men-

346 4437 465 4498 tionem
487 4439 517 4496 et
537 4433 768 4513 expressionem
789 4433 992 4512 requirentia,
1007 4449 1092 4512 prae-

344 4529 483 4591 sentibus
498 4543 555 4606 pro
574 4527 666 4605 plene
686 4534 717 4588 et
730 4526 922 4588 sufficienter
942 4525 1093 4603 expressis

345 4627 377 4682 et
397 4619 577 4699 specificatis
598 4618 759 4692 habentes,
775 4619 812 4680 de
835 4619 1092 4694 llongregationis

345 4713 573 4775 nonnullorum
589 4727 626 4772 ex
641 4711 760 4773 dilectis
775 4711 845 4772 siliis
860 4711 1015 4773 itomanae
1032 4712 1093 4773 Gu-

345 4806 407 4867 riae
429 4805 572 4885 praelatis
592 4821 686 4883 super
701 4806 758 4866 hoc
773 4805 897 4881 negotio
918 4805 1092 4882 specialiter

345 4898 668 4978 deputataecousilio,
684 4915 717 4960 ac
738 4899 831 4960 etiam
852 4907 940 4960 motu
955 4899 1090 4976 proprio,

345 5009 378 5054 ac
399 5009 437 5054 ex
458 4993 539 5055 certa
570 4992 713 5066 scientia,
736 5007 769 5052 ac
794 4991 915 5052 matura
943 4990 1092 5053 delibera-

345 5085 431 5146 tione
452 5085 582 5158 uostris„
605 5087 705 5163 deque
726 5083 910 5162 apostolicae
931 5083 1091 5161 potestatis

345 5177 552 5257 plenitudine,
568 5177 656 5239 litem
672 5184 837 5239 etecusam
855 5175 1044 5250 huiusmodi,
1058 5177 1090 5238 iu

345 5279 427 5332 statu
452 5279 484 5333 et
510 5271 653 5333 terminis
674 5271 708 5332 iu
740 5269 852 5349 quibus
879 5269 916 5331 de
937 5269 1091 5347 praesenti

344 5365 557 5442 reperiuntur,
570 5381 585 5424 a
597 5363 751 5443 praedicto
763 5363 876 5426 vicario
891 5370 996 5423 nostro
1010 5361 1092 5423 aliis-

345 5474 406 5536 que
427 5457 578 5520 iudicibus
593 5457 842 5536 quibuscumque
856 5455 892 5515 ad
908 5471 964 5516 uos
979 5455 1090 5516 harum

345 5552 424 5613 serie
445 5567 626 5627 avocamus,
650 5550 779 5628 illasque
800 5554 950 5626 perpetuo
971 5547 1091 5626 suppri-

345 5645 461 5706 mimus
482 5653 513 5706 et
534 5644 760 5721 extinguimus,
783 5659 817 5704 ac
837 5647 1025 5720 perpetuum
1040 5641 1091 5703 de·

344 5753 437 5816 super
468 5743 532 5799 tam
562 5739 713 5800 moderno
743 5751 835 5814 qnam
863 5751 918 5813 pro
949 5741 1091 5814 tempore

345 5827 458 5892 tuturis
485 5829 584 5892 dietae
615 5827 795 5907 parochialis
822 5829 966 5892 ecclesiae
994 5836 1093 5890 recto-

345 5921 430 5985 ribus
458 5937 513 5986 seu
544 5921 701 6004 parochis,
734 5921 862 6001 aliisque
891 5921 1092 6001 quibuscum·

450 6071 502 6120 lur.
521 6071 589 6118 l‘ont.
605 6069 636 6117 ce
652 6069 726 6132 drop.
740 6067 802 6115 l'tde
816 6067 898 6116 Partis
911 6068 931 6116 l.
946 6066 999 6116 vol.
1014 6069 1045 6119 ll.

1820 544 1878 618 tttl
1929 546 2027 612 tue.
2048 539 2117 608 urbe

1150 711 1227 775 que,
1255 695 1417 760 silentium
1447 693 1652 778 imponimus,
1682 708 1778 775 osque
1798 690 1899 756 occlu-

1150 791 1262 854 dimus.

1190 885 1209 960 5
1230 885 1259 946 2.
1275 887 1433 948 Praeterea
1446 885 1612 964 collegium
1622 902 1677 948 seu
1691 883 1897 947 seminarium
1933 891 2130 958 Declaratiogx·

1150 979 1353 1056 praedictum,
1376 979 1505 1058 eiusque
1526 979 1687 1041 ministros
1709 978 1790 1040 intra
1811 976 1897 1040 illius
1916 949 2130 1062 ἧῗέῑὲῖἳῗῗὲῗῖ

1150 1079 1234 1149 septa
1256 1071 1421 1148 degentes,
1444 1091 1459 1133 a
1481 1073 1640 1152 quibusvis
1668 1072 1790 1135 iuribus
1810 1089 1897 1152 paro·
1916 1063 2007 1151 {50⁵3}
2028 1053 2131 1151 ⁰,‘„⁵,¹},¹‡{

1150 1164 1298 1228 chialibus
1310 1175 1469 1244 exemptos
1483 1183 1549 1228 esse
1565 1175 1673 1229 tenore
1685 1167 1896 1245 praesentium
1915 1157 2130 1268 fgr¹a¹⁰³fflpvu⁰c¹ass¹ss

1151 1259 1348 1322 decernimus
1362 1267 1393 1322 et
1407 1260 1612 1337 declaramus,
1629 1268 1659 1322 et
1679 1261 1895 1335 nihilominus,
1915 1267 1957 1317 uo.
1975 1277 2027 1312 non
2042 1271 2129 1314 tamen

1150 1353 1185 1414 ad
1208 1353 1357 1415 maiorem
1378 1354 1541 1428 cautelam,
1557 1355 1640 1418 idem
1661 1355 1830 1432 collegium
1842 1369 1895 1416 seu
1915 1320 2129 1436 ‘da‘i‘fflmffi

1151 1447 1365 1521 seminarium,
1376 1464 1409 1510 ac
1421 1463 1529 1510 omnes
1541 1453 1571 1508 et
1583 1463 1796 1526 quoscumque
1812 1447 1896 1510 illius
1916 1436 2004 1472 ”¹⁰¹¹st

1151 1540 1311 1602 ministros
1329 1549 1360 1602 et
1374 1541 1529 1614 officiales,
1545 1549 1711 1616 rectorem,
1733 1541 1896 1618 magistros

1150 1650 1205 1695 seu
1226 1634 1368 1708 lectores,
1383 1635 1525 1696 alumnos
1547 1643 1578 1696 et
1599 1636 1803 1709 convictores,
1826 1650 1898 1696 uec-

1151 1741 1215 1788 non
1238 1726 1368 1790 tumulos
1383 1735 1414 1790 et
1429 1729 1503 1790 alios
1518 1728 1670 1807 praelatae
1686 1727 1897 1790 Cardinalium

1152 1819 1393 1898 Congregatioui
1404 1840 1436 1885 ac
1450 1823 1507 1901 ipsi
1521 1823 1651 1900 collegio
1665 1823 1897 1902 quomodolibet

1153 1913 1369 1989 inservientes,
1388 1915 1467 1976 intra
1488 1925 1592 1978 tamen
1615 1917 1751 1980 eiusdem
1775 1915 1897 1992 collegii

1151 2006 1283 2068 acillius
1305 2008 1407 2085 palatii
1428 2018 1513 2087 septa
1535 2009 1695 2085 degentes,
1718 2026 1734 2070 a
1756 2010 1897 2088 parochia

1150 2113 1206 2160 seu
1227 2100 1392 2176 parochiali
1415 2101 1548 2162 Ecclesia
1570 2101 1733 2180 praedicta,
1755 2101 1897 2180 dictoque

1151 2191 1301 2254 moderno
1311 2209 1345 2254 ac
1357 2209 1411 2271 pro
1420 2201 1560 2274 tempore
1571 2194 1725 2257 existente
1737 2195 1819 2258 illius
1832 2213 1896 2258 rec-

1151 2293 1219 2347 tore
1239 2303 1294 2349 seu
1309 2288 1441 2364 parocho
1460 2289 1509 2350 vel
1528 2289 1642 2350 vicario
1659 2296 1778 2364 curato,
1795 2301 1895 2365 motu,

1149 2379 1288 2454 scientie,
1305 2381 1525 2444 deliberatione
1541 2391 1572 2443 et
1588 2384 1746 2460 potestatis
1761 2384 1897 2462 plenitu-

1150 2473 1223 2535 diue
1250 2474 1391 2551 paribus,
1414 2475 1595 2538 earumdem
1621 2484 1732 2539 tenore
1754 2493 1897 2555 praeseu-

1151 2566 1241 2641 tium,
1251 2575 1402 2644 perpetuo
1414 2568 1580 2631 eximimus
1592 2578 1623 2630 et
1634 2569 1771 2647 plenarie
1787 2570 1895 2632 libera-

1150 2674 1232 2732 mus,
1245 2674 1358 2737 eosque
1373 2661 1417 2722 sic
1432 2669 1592 2739 exemptos
1613 2672 1655 2724 et.
1667 2661 1809 2724 liberatos
1830 2680 1896 2725 mo

1150 2751 1247 2814 derno
1261 2754 1377 2830 pariter
1391 2761 1422 2815 et
1437 2770 1493 2832 pro
1510 2761 1650 2832 tempore
1661 2755 1806 2817 existenti
1822 2757 1895 2819 dicti

1129 2887 1133 2894 -
1149 2845 1270 2922 collegii
1286 2848 1410 2920 rectori,
1426 2863 1479 2909 seu
1495 2847 1584 2909 alteri
1599 2849 1686 2910 abeo
1708 2849 1758 2910 vel
1779 2864 1795 2908 a
1817 2850 1895 2911 dicti

1150 2939 1399 3016 Congregatioue
1420 2939 1631 3003 cardinalium
1653 2942 1839 3020 deputando,
1862 2943 1895 3004 in

1150 3033 1186 3095 iis
1201 3049 1279 3111 quae
1293 3032 1328 3094 ad
1350 3035 1654 3096 administrationem
1676 3035 1729 3098 SS.
1749 3037 1895 3098 Euchari-

1149 3128 1236 3202 stiae,
1247 3129 1338 3189 etlam
1351 3127 1543 3206 proliatlco,
1552 3145 1585 3190 ae
1595 3129 1760 3191 Extremae
1771 3130 1895 3193 Unctio-

1150 3221 1198 3282 nis
1218 3229 1482 3284 sacramentorum
1503 3223 1742 3301 praedictorum,
1765 3225 1894 3305 aliisque

1149 3314 1893 3398 omnibusquaeadanimarumcuramspectaut,

1149 3409 1272 3487 penitus
1294 3417 1325 3471 et
1346 3410 1476 3472 omnino
1501 3411 1700 3488 subiicimus,
1723 3413 1799 3476 itaut
1822 3432 1893 3476 eura

1149 3519 1352 3582 personarum
1382 3503 1425 3564 sic
1446 3511 1661 3582 exemptarum
1683 3505 1719 3568 ad
1741 3514 1893 3569 rectorem

1148 3593 1270 3674 collegii
1291 3613 1345 3658 seu
1360 3597 1571 3674 deputandum
1593 3598 1771 3662 huiusmodi
1793 3601 1894 3678 priva-

1149 3688 1214 3750 tive
1235 3689 1334 3766 quoad
1356 3688 1546 3766 praedictum
1566 3690 1734 3766 parochum
1755 3690 1894 3770 (excepti

1149 3781 1895 3847 dumtaxatadministrationesacramentimatri-

1149 3875 1246 3936 monii
1260 3873 1357 3953 quoad
1374 3874 1516 3936 officiales
1532 3882 1563 3936 et
1577 3875 1650 3936 alios
1671 3877 1891 3953 inservientes,

1149 3967 1202 4044 qui
1217 3968 1272 4029 hac
1285 3974 1404 4029 tantum
1413 3967 1532 4028 ratione
1544 3967 1676 4046 parocho
1689 3976 1721 4029 et
1732 3970 1892 4047 parochiae

1149 4057 1309 4138 praedictis
1320 4059 1465 4139 subsint),
1476 4067 1539 4121 tam
1549 4075 1642 4139 super
1653 4061 1894 4126 administratio·

1148 4169 1189 4214 ue
1204 4153 1347 4214 omnium
1362 4151 1492 4214 aliorum
1507 4160 1783 4229 sacramentorum,
1799 4173 1893 4235 quam

1148 4246 1216 4308 iure
1236 4245 1405 4324 sepeliendi
1426 4246 1459 4306 in
1482 4245 1615 4308 Ecclesia
1637 4247 1735 4310 dictae
1756 4249 1893 4326 Congre-

1148 4337 1279 4414 gationis
1301 4337 1523 4412 Cardinalium,
1546 4337 1661 4416 absque
1682 4339 1744 4402 ulla
1766 4349 1893 4420 quartae

1148 4431 1198 4493 vel
1219 4431 1350 4492 aliorum
1372 4429 1489 4492 iurium
1511 4431 1747 4508 parochialium,
1770 4435 1892 4496 etiamsi

1147 4524 1180 4585 in
1201 4523 1257 4584 alia
1278 4522 1404 4585 ecclesia
1418 4524 1577 4601 sepultura
1599 4525 1696 4588 electa
1717 4527 1823 4603 luerit,
1845 4545 1892 4590 so·

1147 4617 1279 4692 lotione,
1295 4623 1410 4696 spectet
1425 4624 1456 4678 et
1472 4618 1636 4695 pertineat,
1653 4635 1687 4682 ac
1707 4628 1846 4699 spectare
1861 4629 1892 4684 et

1146 4709 1303 4789 pertinere
1324 4709 1441 4785 debeat,
1457 4725 1521 4771 non
1542 4727 1629 4772 secus
1644 4729 1677 4774 ac
1698 4715 1723 4774 si
1744 4709 1892 4792 palatium

1146 4814 1177 4866 et
1198 4803 1364 4880 collegium
1386 4803 1539 4882 praedicta
1554 4812 1640 4866 extra
1657 4805 1774 4868 limites
1795 4809 1892 4870 dictae

1146 4897 1306 4976 parochiae
1326 4898 1400 4972 sita,
1424 4904 1454 4959 et
1475 4898 1513 4958 ab
1537 4899 1571 4958 eal
1593 4913 1718 4976 prorsus
1745 4899 1893 4962 dismem-

1146 4992 1230 5054 brata
1251 4999 1366 5066 esseut,
1383 4991 1513 5068 ipseque
1527 4989 1648 5067 collegii
1664 4998 1766 5055 rector
1780 4993 1891 5056 unicus

1146 5103 1179 5148 ae
1205 5101 1297 5147 verus
1319 5093 1349 5146 et
1370 5083 1513 5164 proprius
1540 5083 1720 5146 earumdem
1748 5101 1893 5164 persona-

1146 5193 1217 5242 rum
1238 5177 1320 5239 intra
1341 5177 1491 5238 ambitum
1508 5176 1611 5254 palatii
1627 5183 1657 5238 et
1670 5185 1754 5256 septa
1769 5178 1892 5255 collegii

1146 5271 1420 5344 commorantium,
1436 5276 1466 5330 et
1481 5275 1517 5332 ut
1530 5269 1703 5348 praefertur
1718 5271 1893 5334 inservien-

1146 5366 1238 5440 tium,
1261 5363 1411 5444 parochus
1429 5361 1587 5425 existeret.
1605 5363 1797 5443 Quapropter
1812 5367 1892 5428 dicto

1146 5457 1298 5520 moderno
1313 5462 1343 5518 et
1358 5471 1413 5534 pro
1429 5463 1568 5536 tempore
1591 5457 1737 5518 existenti
1760 5459 1892 5535 parocho

1147 5551 1314 5612 districtius
1340 5549 1535 5624 inhibemuS,
1559 5565 1600 5611 ne
1621 5549 1653 5610 in
1679 5557 1839 5628 posterum
1860 5566 1892 5612 se

1147 5644 1178 5705 iu
1200 5642 1374 5721 praemissis
1407 5643 1565 5718 ingerere,
1589 5659 1623 5703 ac
1643 5642 1775 5721 desuper
1802 5641 1894 5705 colle·

1147 5737 1245 5813 glum,
1268 5751 1323 5797 seu
1344 5734 1560 5810 seminarium,
1576 5751 1609 5796 ac
1624 5751 1768 5813 personas
1784 5743 1814 5797 et
1828 5753 1894 5798 rec-

1148 5835 1247 5890 torem
1268 5829 1449 5906 praedictos,
1462 5845 1517 5889 seu
1538 5843 1648 5888 eorum
1663 5828 1811 5905 aliquem,
1829 5843 1893 5890 mo·

1146 5921 1258 5985 lestare
1278 5921 1387 5983 audeat
1399 5921 1510 6000 quovis
1532 5919 1622 5984 ruodo
1636 5936 1691 5984 seu
1705 5929 1891 6000 praesumat.

1761 6068 1787 6114 33
