4836 6998
1003 567 1144 618 cttttlhns
1165 569 1224 616 tttt.

339 693 411 754 dem
436 689 659 772 cappellaniam
688 707 761 756 oum
789 689 934 754 omnihus
961 697 995 752 et
1020 691 1083 752 sin-

341 785 422 861 gulis
451 785 590 859 iuribus,
612 785 729 846 salariis
750 793 781 847 et
809 783 1031 846 emolumentis
1052 799 1085 844 ac

339 878 508 941 honoribus
538 885 568 940 et
596 879 745 940 oneribus
775 877 873 940 solitis
898 883 928 938 et
955 891 1085 938 consue·

341 971 378 1032 tis
398 971 500 1033 eidem
522 971 655 1035 silverio
675 972 858 1049 presbytero
873 971 909 1032 ad
924 969 971 1030 sui
988 969 1084 1030 vitam

339 1065 560 1142 assignaverat,
582 1066 683 1144 eique,
700 1072 735 1127 ut
751 1063 842 1126 titulo
861 1063 990 1126 rectoris
1006 1061 1084 1123 eius·

339 1157 411 1218 dem
433 1158 593 1234 ecclesiae,
616 1174 688 1220 cum
709 1173 805 1219 onere
822 1165 925 1218 tamen
948 1152 1027 1232 apud
1049 1153 1086 1214 il-

340 1250 400 1312 lam
423 1250 596 1326 residendi,
619 1251 665 1312 nti
687 1257 788 1328 posset
816 1248 1007 1323 indulserat3
1030 1243 1081 1306 fel.

339 1359 401 1406 rec.
425 1343 608 1406 Benedictus
631 1342 685 1405 ΡΡ.
710 1343 788 1404 11111.
810 1343 1085 1420 praedecessorpa·

339 1437 416 1498 riter
436 1443 543 1498 noster
564 1437 612 1498 bo.
630 1449 727 1497 mem.
741 1435 878 1496 llarcum
899 1432 1083 1506 antonium,

339 1529 414 1591 dum
426 1529 541 1608 pariter
551 1529 684 1604 viveret,
695 1528 806 1592 S.B.B.
818 1525 1012 1591 cardinalem
1025 1525 1085 1588 hn-

340 1623 460 1686 sidenm
479 1631 693 1701 nuncupatum
710 1631 785 1684 tunc
801 1620 949 1698 temporis
960 1618 1087 1680 3331113-

342 1717 499 1796 piscopum
530 1717 699 1778 Damiaten.
724 1717 824 1778 eidem
850 1713 981 1778 Silverio
1002 1728 1086 1791 pres-

341 1810 447 1887 bytero
462 1809 672 1872 coadiutorem
687 1824 760 1872 cum
773 1808 878 1872 lutura
893 1805 1087 1869 successione

342 1902 372 1964 in
401 1901 501 1964 officio
532 1902 702 1982 cappellani
727 1920 760 1964 ac
788 1900 917 1963 rectoris
945 1898 1087 1964 ecclesiae

341 1993 518 2056 huiusmodi
533 1995 706 2072 deputavit,
720 2010 753 2056 ac
767 1994 825 2071 ipsi
841 1993 939 2055 llaroo
952 1991 1087 2053 hntonio

341 2087 506 2163 Cardinali,
530 2093 604 2148 tunc
633 2086 882 2164 archiepiscopo,
906 2083 1087 2164 ‘praefatum

340 2179 476 2242 odicium
486 2178 656 2257 cappellani
670 2185 703 2240 et
718 2178 865 2252 Reclusis,
878 2175 1089 2255 quandocum-

339 2271 498 2350 queillud
520 2287 576 2350 per
604 2287 726 2334 cessum
754 2269 804 2332 vel
826 2271 985 2332 decessum
1015 2267 1086 2330 dicti

340 2364 464 2429 Silverii
492 2363 663 2442 presbyteri
692 2371 745 2426 aut
765 2362 836 2423 alias
857 2360 1088 2440 quomodolibet

339 2473 379 2519 ex
399 2457 466 2520 eius
481 2457 610 2535 persona
624 2473 732 2518 vacare
752 2455 943 2531 contigisset,
959 2469 997 2516 ex
1013 2461 1088 2514 tuno

340 2567 413 2614 oum
433 2549 579 2614 omnihus
600 2557 631 2612 et
649 2547 781 2624 singulis
795 2546 910 2608 salariis
925 2555 956 2608 et
971 2545 1089 2607 emolu·

342 2645 467 2718 mentis,
479 2658 557 2722 qnae
568 2641 649 2703 idem
662 2641 812 2704 silverius
825 2637 1022 2717 percipiebat,
1031 2653 1089 2700 neo

343 2753 405 2798 non
418 2735 586 2798 honoribus
598 2739 629 2795 et
644 2733 790 2795 oneribus
805 2731 901 2792 solitis
916 2739 946 2792 ct
961 2746 1090 2794 consue-

343 2830 381 2890 tis
395 2835 428 2891 et
440 2827 620 2906 praesertim
634 2825 767 2902 singulis
779 2825 868 2886 annis
880 2824 924 2888 Ss.
940 2823 1088 2902 Stephani

343 2928 373 2984 31
386 2919 514 2985 Silverii
525 2918 734 2998 praefatorum
746 2917 939 2991 festivitates,
949 2932 1005 2996 pro
1016 2932 1089 2994 qua·

342 3031 414 3076 rum
436 3012 642 3076 celebratione
663 3028 679 3072 a
701 3012 781 3073 dicto
810 3009 943 3073 Silverio
965 3009 1089 3088 presbv-

343 3115 410 3170 tero
431 3108 484 3168 dos
505 3105 672 3168 constituta
687 3112 717 3166 31
738 3103 886 3180 assignata
908 3102 1019 3176 fuerat,
1042 3118 1089 3162 so·

344 3200 491 3262 lemniter
511 3197 697 3272 celebrandi,
714 3197 756 3260 ita
769 3203 805 3258 ut
820 3197 974 3274 praedicto
989 3195 1089 3258 113333

343 3293 480 3355 Antonio
502 3289 668 3364 cardinali,
692 3297 766 3351 tunc
790 3289 1037 3367 archiepiscopo,
1054 3287 1091 3348 li-

342 3393 425 3448 oeret
446 3385 561 3458 statim,
575 3391 681 3444 secuto
701 3382 788 3442 obitu
809 3381 948 3444 eiusdem
964 3379 1088 3443 Silverii

343 3477 525 3556 presbyteri,
542 3483 595 3538 aut
611 3475 675 3553 ipso
696 3474 833 3536 odicium
847 3472 1027 3535 huiusmodi
1042 3488 1089 3534 ce-

343 3573 435 3632 dente
458 3568 508 3630 vel
529 3568 719 3642 dimittente,
735 3583 790 3629 seu
805 3565 877 3627 alias
891 3565 989 3627 ofhcio
1005 3581 1091 3643 prae-

343 3663 424 3724 dicto
445 3677 484 3722 ex
498 3659 705 3739 eiuspersond
728 3657 959 3737 quomodolibet
982 3672 1091 3719 vacan-

344 3765 386 3832 te,
409 3755 548 3818 eiusdem
569 3753 661 3816 oflicii
682 3769 717 3814 ac
737 3753 902 3814 domorum
923 3751 1020 3813 dictae
1041 3766 1090 3813 ec-

342 3849 451 3912 clesiae
472 3847 690 3924 contiguarum
713 3861 774 3907 una
795 3860 868 3907 cum
889 3845 979 3906 horto
1000 3853 1031 3906 et
1045 3845 1092 3906 vi·

249 4003 252 4010 .
343 3941 475 4016 31113313,
504 3939 617 4018 quibus
644 3938 727 4000 idem
756 3937 906 4001 Silverius
931 3937 1091 4015 presbyter

136 5807 263 5872 1133133133
273 5819 330 5856 3311-

116 5872 263 5908 essetecum
275 5873 330 5920 per-

116 5915 236 5963 tinentiis
252 5917 314 5964 suis.

344 4034 522 4106 fruebatur,
545 4031 770 4110 possessionem
795 4029 846 4092 vel
867 4029 953 4108 quasi
975 4045 1092 4108 posses·

342 4128 465 4191 sionem
476 4123 749 4205 apprehendereet
764 4123 912 4198 retinere,
925 4123 1091 4202 ipsumque

343 4220 493 4296 odicium,
508 4234 581 4281 oum
592 4216 779 4292 obligatione
796 4223 899 4278 tamen
915 4215 994 4294 apud
1010 4231 1090 4276 33111-

343 4315 416 4376 dom
437 4312 596 4374 ecclesiam
617 4310 785 4385 residendi,
802 4324 857 4387 per
877 4325 909 4370 se
925 4309 1026 4387 ipsum
1041 4307 1091 4370 vel

345 4407 561 4486 presbyterum
572 4405 609 4466 ab
620 4420 656 4466 33
667 4403 881 4482 deputandum
892 4419 1039 4466 exercere
1054 4403 1091 4464 ad

345 4499 412 4562 eius
433 4499 542 4562 itidem
564 4498 662 4559 vitam
683 4497 844 4572 concessit,
861 4504 892 4558 et
906 4497 978 4558 alias
999 4503 1091 4576 prout

346 4594 378 4656 in
393 4591 576 4654 eorumdem
597 4589 768 4653 clementis
782 4598 813 4652 et
833 4589 991 4652 Benedicti
1006 4605 1091 4667 prae·

345 4689 541 4750 decessorum
561 4685 660 4746 literis
681 4685 815 4764 desuper
829 4685 862 4748 in
877 4683 973 4748 simili
994 4682 1091 4744 forma

346 4780 454 4842 Brevis
475 4779 524 4840 die
545 4795 577 4840 x.
600 4778 734 4840 octobris
755 4795 872 4842 xnecv.
889 4786 921 4840 ot
935 4777 985 4839 die
1000 4793 1089 4840 xxxx.

344 4873 653 4950 augustiuuoexxrv.
666 4873 836 4950 respective
847 4871 1009 4950 expeditis,
1019 4887 1091 4951 qua-

346 4981 419 5027 rum
440 4975 563 5028 tenores
575 4965 791 5044 praesentibus
806 4981 861 5044 pro
876 4965 968 5044 plene
983 4965 1092 5028 313111-

348 5059 486 5120 ficienter
507 5059 661 5138 expressis
682 5076 715 5120 ac
736 5061 774 5122 de
795 5059 889 5120 verbo
905 5059 942 5120 ad
960 5059 1092 5120 verbum

346 5152 470 5214 insertis
490 5153 597 5214 haberi
619 5153 783 5228 volumus,
807 5153 932 5214 uherius
954 5153 1092 5214 contine-

346 5252 409 5306 tur.
433 5244 525 5304 Porro
547 5245 655 5306 eodem
677 5245 810 5308 Silverio
830 5244 1010 5324 presbytero
1029 5245 1092 5306 vita

346 5334 466 5412 functo,
485 5336 581 5399 factus
603 5336 662 5401 fuit
683 5339 768 5400 locus
789 5338 974 5400 successioni
995 5338 1093 5400 oilleio

346 5430 518 5509 cappellani
539 5436 572 5491 et
593 5431 720 5492 rectoris
745 5429 922 5493 huiusmodi
946 5428 1095 5492 1333331-

346 5525 431 5602 psius
451 5524 546 5588 hiarci
566 5525 696 5586 Antonii
707 5523 877 5589 cardinalis
898 5523 985 5586 iuxta
1006 5538 1094 5585 enar·

347 5623 445 5679 ratam
473 5617 632 5679 Benedicti
663 5616 904 5695 praedecessoris
931 5617 1093 5680 literarum

348 5709 590 5790 dispositionem.

388 5805 407 5880 ἓ
428 5806 457 5868 2.
476 5806 555 5868 cum
569 5811 673 5866 autem
688 5803 823 5867 officium
839 5804 911 5868 dieti
924 5804 1093 5885 cappellani

348 5904 380 5960 et
401 5897 529 5960 rectoris
553 5912 610 5976 per
631 5897 751 5986 obitum
772 5898 912 5961 eiusdem
926 5899 1018 5962 llaroi
1032 5898 1095 5960 hn-

454 6049 505 6096 lur.
523 6049 592 6096 Porti.
608 6048 639 6096 113
656 6049 729 6110 Prop.
745 6047 806 6094 Fide
820 6046 902 6096 Partis
916 6047 935 6094 l.
950 6045 1003 6095 Vol.
1018 6048 1048 6092 11.

1143 689 1219 753 131111
1240 687 1409 754 cardinalis
1423 687 1593 752 novissime
1608 687 1746 754 defuncti
1760 703 1887 752 vacave-

1141 783 1182 845 rit
1202 789 1235 845 et
1256 790 1344 846 vacet
1358 783 1395 846 de
1415 782 1582 862 praesenti,
1598 799 1654 844 nos
1668 781 1795 846 dilectos
1809 780 1888 844 filios

1142 877 1308 938 monachos
1336 875 1457 938 Ordinis
1479 876 1510 939 S.
1535 875 1663 940 Antonii
1690 873 1814 938 abbatis
1835 889 1887 938 na-

1141 969 1227 1031 tione
1255 969 1420 1048 hbyssinos
1440 985 1495 1030 seu
1517 968 1701 1048 Aethiopes,
1724 975 1755 1031 et
1777 969 1888 1047 coptos

1141 1079 1196 1124 seu
1224 1061 1409 1141 aegyptios,
1440 1078 1516 1141 quos
1541 1063 1592 1125 vol
1618 1076 1754 1142 quorum
1776 1061 1888 1124 alteros

1141 1157 1217 1218 olim
1238 1156 1352 1218 dictam
1372 1155 1532 1219 ecclesiam
1546 1171 1618 1220 cum
1632 1155 1696 1217 suis
1710 1153 1888 1234 dependen-

1143 1249 1193 1310 tiis
1215 1257 1247 1312 31
1267 1250 1399 1312 33113113
1420 1265 1459 1311 ex
1473 1248 1686 1312 homanorum
1702 1249 1889 1312 Pontificum

1142 1342 1413 1421 praedecessorum
1437 1349 1628 1417 nostrorum,
1651 1359 1684 1404 ac
1705 1341 1889 1421 praesertim

1142 1435 1253 1498 similis
1273 1451 1369 1498 mem.
1393 1435 1477 1498 Pauli
1499 1435 1555 1498 ΡΡ.
1572 1435 1622 1497 111.
1640 1435 1836 1498 concessione
1851 1434 1889 1497 de

1142 1543 1297 1591 consensu
1325 1536 1400 1592 tunc
1430 1529 1633 1592 existentium
1667 1529 1888 1592 canonicorum

1143 1636 1177 1682 ac
1198 1620 1323 1698 capituli
1345 1620 1483 1684 basilicae
1505 1621 1671 1700 praelatae,
1686 1623 1839 1700 adquam,
1855 1628 1891 1682 ut

1143 1713 1299 1788 asseritur,
1313 1713 1438 1803 ccclesia
1450 1714 1583 1793 praefata
1597 1721 1722 1794 spectat,
1739 1712 1890 1777 obtinuis-

1143 1821 1175 1866 se
1197 1807 1381 1885 accepimus,
1397 1807 1579 1886 specialibus
1594 1806 1761 1883 favoribus,
1777 1813 1809 1868 et
1823 1821 1891 1884 gra-

1144 1897 1194 1960 tiis
1215 1901 1358 1978 prosequi
1379 1900 1530 1976 volentes,
1547 1907 1578 1962 et
1592 1915 1702 1963 eornm
1716 1899 1890 1976 singulares

1144 2005 1290 2068 personas
1318 2010 1334 2054 a
1361 1993 1522 2070 quibusvis
1547 1991 1889 2066 excommunicationis,

1143 2085 1355 2162 suspensionis
1382 2092 1414 2147 et
1435 2084 1610 2161 interdicti,
1640 2083 1771 2164 aliisque
1795 2083 1890 2146 eccle-

1144 2177 1271 2240 siasticis
1297 2179 1479 2255 sententiis,
1508 2178 1648 2242 censuris
1676 2183 1707 2240 et
1733 2176 1851 2255 poenis,
1874 2193 1890 2238 a

1145 2269 1213 2330 iure
1233 2268 1284 2330 vel
1305 2269 1344 2331 ab
1364 2269 1502 2346 homine,
1529 2270 1637 2350 quavis
1661 2270 1819 2332 occasione
1840 2268 1891 2330 vel

1144 2378 1231 2424 causa
1263 2360 1347 2436 latis,
1379 2363 1404 2424 si
1436 2362 1547 2442 quibus
1582 2362 1812 2440 quomodolibet
1844 2362 1892 2424 in·

1145 2455 1273 2516 nodatae
1295 2455 1447 2530 existunt,
1463 2456 1499 2518 ad
1518 2454 1664 2517 effectum
1679 2454 1892 2532 praesentium

1145 2548 1304 2609 dumtaxat
1325 2562 1527 2626 consequen,
1553 2548 1665 2610 harum
1693 2547 1774 2608 serie
1794 2546 1891 2609 absol·

1145 2646 1266 2714 ventes,
1278 2645 1309 2701 et
1324 2640 1476 2702 absolutas
1497 2639 1564 2703 fore
1586 2647 1760 2716 censentes,
1775 2640 1891 2720 suppli·

1145 2731 1317 2794 sationibus
1329 2747 1425 2794 venn.
1439 2731 1572 2794 fratrum
1587 2739 1766 2795 nostrorum
1778 2733 1889 2797 S.R.E.

1145 2825 1318 2902 praedictae
1339 2824 1550 2888 cardinalium
1573 2827 1709 2902 negociis
1721 2826 1892 2905 Propagan-

1145 2918 1200 2978 dae
1221 2917 1306 2979 Fidei
1320 2973 1322 2976 .
1335 2917 1581 2996 praepositorum
1609 2918 1698 2980 nobis
1719 2933 1813 2996 super
1834 2920 1892 2981 hoc

1146 3011 1309 3072 humiliter
1329 3011 1478 3088 porrectis
1500 3011 1656 3086 inclinati,
1679 3013 1805 3074 eosdem
1826 3029 1892 3076 mo-

1147 3105 1258 3166 nachos
1287 3104 1412 3164 natione
1441 3103 1609 3181 Abyssinos
1630 3120 1686 3166 sou
1714 3104 1891 3182 Aethiopes,

1146 3203 1176 3257 31
1199 3197 1309 3273 coptos
1331 3198 1397 3256 sive
1423 3197 1600 3276 aegyptios,
1616 3199 1652 3259 ad
1667 3198 1893 3276 possessionem

1146 3289 1283 3351 eiusdem
1305 3289 1449 3351 ecclesiae
1478 3291 1705 3370 domorumque
1727 3291 1773 3352 1111
1793 3291 1894 3354 conti·

1147 3397 1290 3458 guarum,
1306 3397 1363 3444 neo
1378 3397 1441 3444 non
1456 3383 1538 3444 horti
1550 3390 1581 3444 et
1593 3383 1732 3446 viridarii
1746 3383 1892 3447 aliorum·

1146 3491 1207 3552 que
1233 3491 1439 3550 annexorum,
1463 3476 1644 3538 auctoritate
1665 3477 1827 3555 apostolica
1849 3485 1892 3540 te·

1147 3583 1224 3628 nore
1236 3568 1459 3646 praesentium,
1472 3567 1721 3645 redintegramus
1736 3585 1803 3646 seu,
1820 3587 1894 3650 qua-

1147 3667 1238 3722 tenus
1259 3675 1335 3738 opus
1352 3660 1403 3737 sit,
1419 3661 1493 3739 ipsis
1508 3661 1663 3724 lionaohis
1678 3677 1771 3724 usum
1785 3677 1892 3742 perpe·

1149 3763 1239 3818 tuum
1253 3754 1351 3818 dictae
1366 3755 1511 3817 ecclesiae
1527 3770 1600 3818 cum
1618 3754 1770 3831 domibus,
1789 3755 1892 3831 horto,

1147 3847 1293 3911 viridario
1314 3848 1442 3925 aliisque
1468 3847 1596 3910 annexis
1617 3847 1813 3924 huiusmodi,
1836 3864 1893 3912 nec

1148 3958 1211 4004 non
1240 3941 1427 4021 cappellania
1457 3940 1591 4020 praefati
1621 3941 1830 4020 omnibusque
1861 3950 1894 4004 et

1147 4035 1279 4111 singulis
1301 4035 1438 4109 iuribus,
1462 4034 1579 4096 salariis
1600 4041 1631 4096 et
1653 4035 1891 4110 emolumentis,

1147 4129 1240 4188 etiam
1263 4144 1279 4187 a
1300 4127 1411 4207 palatio
1433 4136 1538 4189 nostro
1560 4127 1735 4205 apostolico,
1750 4127 1837 4190 iuxta
1852 4136 1894 4190 ta-

1147 4235 1221 4282 men
1243 4220 1383 4281 notulam
1397 4235 1454 4298 per
1472 4220 1620 4282 dilectum
1636 4219 1736 4282 filium
1750 4229 1893 4283 nostrum

1148 4314 1335 4376 modernum
1357 4313 1439 4374 illius
1460 4313 1651 4390 praefectum
1669 4315 1801 4394 desuper
1821 4329 1893 4376 con·

1147 4403 1259 4468 fectum
1288 4405 1488 4484 praebendis,
1518 4405 1647 4485 aliisque
1668 4406 1840 4470 honoribus
1860 4413 1892 4468 et

1148 4499 1294 4560 oneribus
1305 4497 1402 4560 solitis
1417 4507 1448 4560 et
1462 4500 1630 4574 consuetis,
1647 4515 1681 4561 33
1695 4499 1807 4577 quibus
1821 4499 1895 4562 dicti

1149 4592 1298 4656 silverius
1310 4593 1469 4671 presbyter
1480 4599 1512 4654 et
1523 4591 1641 4655 llarcus
1652 4593 1807 4654 Antonius
1821 4593 1893 4655 car-

1148 4686 1258 4748 dinalis
1273 4685 1503 4764 quomodolibet
1514 4685 1699 4748 fruebantur
1713 4693 1743 4748 et
1754 4685 1816 4748 frui
1828 4695 1893 4766 pot-

1148 4787 1248 4856 erant,
1271 4795 1305 4842 ac
1326 4779 1535 4856 gravabantur
1556 4779 1740 4858 respective,
1762 4781 1894 4844 auctori-

1148 4879 1211 4935 tate
1232 4882 1262 4936 et
1283 4880 1393 4934 tenore
1414 4871 1555 4951 praefatis
1573 4874 1676 4934 denuo
1697 4874 1894 4936 concedimus

1149 4973 1180 5028 et
1200 4965 1409 5042 assignamus,
1432 4981 1546 5043 eosque
1567 4966 1599 5027 in
1626 4965 1728 5028 locum
1757 4966 1895 5044 ipsorum

1150 5059 1276 5122 Silverii
1304 5059 1476 5136 presbyteri
1504 5066 1534 5120 et
1555 5059 1646 5120 1113331
1674 5058 1803 5120 Antonii
1825 5060 1895 5121 car·

1150 5151 1258 5214 3133113
1279 5152 1378 5231 quoad
1400 5152 1565 5230 praemissa
1586 5153 1619 5212 in
1633 5153 1780 5214 omnibus
1794 5159 1826 5214 et
1840 5167 1896 5232 per

1150 5247 1254 5307 omnia
1275 5245 1493 5307 substituimus
1507 5250 1538 5305 31
1553 5244 1772 5321 subrogamus:

1190 5339 1209 5414 ἓ
1230 5338 1259 5400 3.
1283 5337 1326 5399 113
1349 5345 1464 5413 tamen,
1482 5344 1516 5397 ut
1531 5335 1657 5415 praefati
1679 5337 1819 5400 1131133111
1840 5337 1896 5400 ibi·
1914 5351 2125 5454 coafflicbouiinvssff

1150 5433 1222 5494 dem
1233 5447 1287 5509 pro
1299 5438 1439 5509 tempore
1449 5429 1618 5492 existentes
1628 5429 1810 5493 festivitates
1820 5431 1895 5494 San-

1151 5533 1274 5588 ctorum
1296 5523 1441 5600 Stephani
1463 5530 1494 5584 et
1516 5522 1640 5586 Silverii
1665 5523 1749 5585 iuxta
1770 5524 1896 5604 disposi-

1151 5619 1271 5680 tionem
1285 5617 1424 5679 oiusdem
1440 5615 1563 5678 silverii
1578 5615 1751 5695 presbyteri
1765 5625 1895 5696 quotan-

1151 5713 1199 5774 nis
1220 5710 1375 5774 oelebrare
1397 5715 1573 5784 teneantur,
1590 5727 1624 5772 33
1639 5709 1896 5787 Congregationis

1152 5811 1397 5867 memoratorum
1420 5801 1629 5865 cardinalium
1651 5801 1797 5882 illiusque
1811 5820 1896 5883 prae·

1151 5897 1224 5960 ieoti
1245 5914 1301 5977 pro
1322 5904 1463 5974 tempora
1483 5895 1599 5973 pariter
1616 5895 1779 5960 existentis
1800 5896 1897 5960 direc-

1765 6043 1792 6087 54

1808 551 1867 616 425
1917 547 2016 609 3133.
2037 548 2105 606 ttttt
