4880 6982
311 563 501 618 An.o.1708
551 559 610 624 ilio
1050 571 1116 618 run.
1140 567 1231 617 roua.
1255 565 1296 615 os
1317 569 1346 614 r.
1370 565 1399 614 r.
1425 569 1506 616 rans
1528 567 1549 615 1.

530 701 562 755 et
582 691 759 755 absolutum
782 690 849 752 iore
875 696 1056 764 censentes,
1078 687 1274 767 supplicatio·

529 786 621 848 nibus
642 785 708 847 eius
729 784 857 846 nomine
878 784 966 846 nobis
986 798 1079 861 super
1100 783 1158 845 lxoc
1171 780 1275 845 bumi-

530 878 602 940 liter
622 877 772 958 porrectis
794 876 945 951 inclinati,
968 875 1195 938 venerabilium
1216 873 1274 935 lra—
1332 871 1485 934 declaret
1511 873 1679 952 collegium
1701 871 1738 933 de
1766 868 1980 949 Properando
2003 868 2080 932 dide

529 977 615 1032 trum
637 975 819 1031 nostrorum
839 968 869 1032 S.
886 969 922 1030 lt.
936 969 970 1030 Ε.
989 968 1200 1032 cardinalium
1221 982 1275 1028 ne·
1371 965 1407 1026 io
1434 962 1512 1026 Urbe
1538 971 1722 1042 exempturo
1748 982 1768 1028 e
1789 963 1927 1042 parocho
1961 963 1992 1025 S.
2016 962 2079 1025 Aa·

530 1063 622 1138 gotiis
644 1069 675 1124 et
696 1061 975 1124 consultationibus
1001 1061 1223 1139 Episcoporum
1244 1064 1275 1120 ct
1373 1057 1465 1120 dreee
1487 1057 1523 1119 de
1544 1056 1687 1129 Fructis,
1711 1073 1784 1119 cum
1805 1055 1887 1118 rtoed
1909 1055 2079 1116 concessio·

528 1154 744 1232 Regularum,
757 1155 810 1233 qui
830 1153 1015 1216 relationem
1030 1153 1133 1216 dilecti
1149 1152 1205 1214 sslii
1220 1167 1274 1212 uo·
1371 1163 1409 1209 oc
1423 1147 1647 1225 acremotionis,
1662 1147 1806 1226 illudque
1823 1147 1947 1226 cellapii
1960 1147 2078 1208 rectori

528 1247 584 1310 stri
605 1248 726 1325 loseplxi
746 1245 858 1310 Reuati
879 1247 1020 1309 eiusdem
1041 1245 1073 1310 S.
1091 1247 1125 1309 ll.
1143 1245 1178 1306 Ε.
1203 1244 1275 1307 Gar·
1370 1241 1418 1303 cel
1439 1241 1538 1304 elteri
1559 1237 1738 1304 subiicitur
1758 1239 1813 1318 (l).

529 1339 638 1401 dinalis
661 1339 830 1419 imperialis
852 1339 1034 1418 nuncupati,
1058 1338 1131 1400 dicti
1152 1337 1275 1402 Ordinis

528 1434 609 1511 apud
629 1449 686 1494 nos
707 1439 738 1494 et
760 1432 872 1494 Sedem
896 1431 1102 1510 apostolicam
1122 1438 1276 1510 protecto·

529 1527 583 1599 ris,
606 1524 850 1604 perpenderunt,
876 1525 1016 1598 consilio,
1046 1525 1274 1602 praeinsertum

530 1617 694 1679 memorati
720 1617 866 1680 Adeodati
893 1615 1005 1696 prioris
1040 1616 1191 1694 generalis
1225 1617 1276 1678 de·

529 1717 664 1786 cretum,
680 1726 753 1772 cum
765 1710 909 1772 omnibus
921 1716 952 1771 et
962 1709 1093 1787 singulis
1108 1709 1140 1771 in
1151 1725 1189 1770 eo
1203 1725 1272 1772 con·

531 1805 637 1878 tentis,
660 1805 841 1866 auctoritate
864 1803 1037 1882 apostolici,
1061 1811 1171 1864 tenore
1191 1818 1277 1881 prae-

528 1899 678 1968 sentium,
701 1897 934 1971 confirmamus,
964 1902 995 1958 et
1015 1895 1219 1975 approbamus
1241 1895 1276 1956 il-

528 1990 613 2069 lique
624 1989 810 2052 inviolabilis
820 1988 1000 2067 apostolicae
1015 1988 1171 2050 firmitatis
1181 1988 1276 2050 robur

530 2082 707 2157 adiicimus,
730 2098 764 2143 ac
790 2097 900 2143 omnes
927 2087 958 2142 et
978 2080 1118 2156 singulos
1149 2081 1226 2142 iuris
1246 2089 1277 2142 et

1653 683 1752 750 XXV.

1531 1407 1716 1476 caedens
1739 1410 1799 1476 ΡΡ.
1824 1409 1871 1476 xl.

1451 1531 1487 1598 ad
1510 1537 1681 1614 perpetuant
1708 1532 1751 1599 rei
1776 1532 1956 1600 memorien.

1372 1708 1440 1784 gl.
1465 1709 1556 1784 Cum,
1579 1709 1658 1774 sicut
1680 1711 1864 1788 accepimus,
1891 1707 1962 1770 licet
1983 1707 2079 1770 lelicls
2119 1721 2251 1768 taurana
2282 1721 2317 1765 ιι

1333 1803 1553 1864 recordationis
1573 1802 1717 1864 Urbanus
1738 1802 1793 1864 ΡΡ.
1812 1801 1889 1864 Vlll.
1904 1801 2080 1880 praedeces·
2097 1773 2319 1874 Effssfi'ffl'wfil

1332 1911 1383 1956 sor
1404 1901 1522 1970 noster,
1546 1911 1602 1974 per
1622 1896 1769 1974 quasdam
1791 1911 1861 1958 suas
1881 1911 1975 1973 super
1995 1909 2078 1956 erec·
2097 1885 2319 1998 ξξζῖἧῑξξῇζζ

1332 1989 1418 2049 tione
1448 1988 1569 2066 collegii
1596 2004 1652 2050 seu
1677 1987 1837 2050 seminarii
1864 1987 2020 2066 apostolici
2041 1987 2079 2048 de
2098 1997 2136 2031 ¹¹⁰
2098 1987 2318 2097 pamthgugg

1332 2080 1528 2159 Propaganda
1540 2081 1613 2143 Fide
1625 2080 1741 2144 Urbani
1753 2081 1924 2160 nuncupati
1935 2079 1973 2142 de
1983 2079 2077 2153 Urbe,
2098 2049 2317 2192 ffiffiuriwm'

343 2567 482 2616 clausulae.

314 3769 514 3834 Derogatiocon·

298 3824 446 3872 trariorum.

529 2174 602 2236 iacti
623 2173 771 2248 delectus,
785 2173 810 2234 si
825 2173 878 2250 qui
894 2174 1026 2251 desuper
1045 2173 1277 2250 quomodolibet

531 2267 772 2341 intervenerint,
784 2265 974 2344 supplemus
987 2265 1069 2326 salva
1082 2273 1185 2327 tamen
1197 2281 1277 2326 sem-

529 2377 584 2438 per
613 2361 646 2422 in
674 2359 847 2438 praemissis
889 2357 1073 2420 auctoritate
1101 2357 1277 2435 Congrege-

529 2454 623 2514 tionis
645 2451 827 2514 eorumdem
850 2450 1070 2514 cardinalium.

569 2547 589 2622 ἓ
609 2547 638 2608 3.
661 2547 868 2608 Decernentes
890 2545 1010 2606 easdem
1032 2550 1208 2622 praesentes
1228 2544 1278 2606 lit-

529 2647 609 2702 teras
631 2639 745 2713 tlrmas,
768 2637 883 2700 validas
902 2643 932 2697 et
948 2637 1082 2698 efficaces
1096 2637 1231 2700 existere
1245 2645 1276 2698 et

529 2734 606 2810 iore,
628 2746 761 2809 suosque
783 2731 936 2809 plenarios
951 2737 982 2792 et
996 2731 1135 2806 integros
1150 2729 1276 2792 eliectus

528 2826 634 2888 sortiri
654 2832 686 2887 et
716 2824 870 2898 obtinere,
893 2840 927 2885 ac
948 2823 1019 2897 illis,
1038 2822 1074 2884 ad
1096 2839 1172 2901 quos
1192 2837 1278 2899 spec-

529 2926 573 2980 tat
602 2926 634 2980 et
664 2916 812 2996 spectabit
841 2917 874 2979 in
905 2915 1064 2990 loturum,
1097 2915 1277 2994 plenissime

529 3011 703 3088 suffragari,
724 3017 755 3071 et
775 3009 812 3070 ab
833 3009 877 3071 eis
898 3009 1070 3087 respective
1092 3008 1278 3070 inviolabili-

532 3112 579 3167 ter
590 3103 758 3175 observari,
774 3102 876 3180 sicque
889 3102 920 3162 in
932 3100 1106 3180 praemissis
1121 3115 1176 3178 per
1187 3089 1276 3179 quos-

531 3213 666 3275 cumque
696 3197 811 3260 iudices
842 3194 1012 3256 ordinarios
1044 3199 1074 3254 et
1105 3193 1275 3269 delegatos,

532 3292 626 3353 etiam
647 3305 808 3352 causarum
823 3287 925 3365 palatii
939 3285 1096 3364 apostolici
1110 3285 1276 3360 auditores,

532 3383 659 3446 iudicari
680 3391 712 3444 et
731 3381 856 3443 deliniri
887 3380 1017 3454 debere,
1039 3396 1071 3440 ac
1098 3379 1225 3441 irritum
1246 3387 1278 3440 et

532 3475 637 3549 inane,
649 3475 674 3535 si
687 3491 776 3536 secus
789 3489 882 3552 super
896 3473 942 3534 his
956 3488 972 3532 a
988 3486 1155 3550 quoquam,
1169 3471 1278 3549 quavis

532 3569 723 3643 auctoritate,
745 3567 878 3629 scienter
893 3566 943 3627 vel
965 3565 1156 3640 ignoranter,
1179 3567 1277 3626 conti·

533 3661 613 3736 gerit
634 3660 790 3722 attentari.

573 3755 592 3829 g
613 3753 642 3814 l.
665 3751 735 3814 Non
751 3751 942 3814 obstantibus
956 3750 1143 3829 praemissis,
1158 3767 1192 3813 ac
1206 3765 1279 3814 con-

531 3848 622 3910 stitut
610 3845 748 3908 tionibus
768 3851 800 3905 et
821 3843 1065 3906 ordinationibus
1092 3843 1276 3923 apostolicis,

532 3955 666 4013 necnon,
690 3945 843 4018 quatenus
872 3953 948 4015 opus
968 3937 1018 4010 sit,
1045 3936 1221 4014 provinciae
1246 3941 1277 3997 et

532 4032 655 4095 Ordinis
686 4031 932 4110 praedictorum,
962 4028 1055 4090 etiam
1083 4029 1276 4104 iuramento,

530 4124 768 4188 confirmatione
787 4123 959 4202 apostolici,
978 4120 1029 4184 vel
1051 4122 1159 4200 quavis
1182 4121 1277 4183 tirmi-

531 4225 592 4278 tate
612 4216 669 4278 alib
690 4217 856 4290 roboratis,
885 4214 1009 4276 statutis
1030 4221 1062 4276 et
1081 4213 1278 4276 consuetudi-

530 4310 633 4384 nibus,
657 4308 827 4387 privilegiis
852 4321 987 4386 quoque,
1011 4305 1139 4368 indultis
1155 4305 1276 4368 etlitte·

530 4403 573 4464 ris
588 4402 759 4480 apostolicis
773 4403 807 4462 ln
822 4401 1013 4462 contrarium
1036 4399 1277 4502 praemissorom

530 4495 762 4574 quomodolibet
783 4493 944 4567 concessis
967 4493 1156 4556 confirmatis
1177 4499 1209 4553 et
1230 4491 1278 4552 in-

530 4589 666 4664 novatis3
689 4588 800 4666 quibus
824 4587 969 4648 omnibus
991 4593 1022 4647 et
1042 4584 1187 4661 singulis,
1210 4583 1276 4645 illo·

529 4697 602 4742 rum
624 4687 747 4744 tenores
761 4678 973 4758 praesentibus
988 4694 1044 4757 pro
1059 4677 1148 4754 plene
1171 4683 1202 4738 et
1215 4676 1277 4738 sul·

530 4774 670 4835 sicienter
696 4773 846 4852 expressis
867 4788 902 4833 ac
927 4772 962 4833 ad
991 4770 1125 4832 verbum
1153 4770 1276 4831 insertis

529 4865 690 4940 habentes,
713 4866 776 4926 illis
790 4864 862 4926 alias
884 4865 917 4925 in
932 4880 988 4926 suo
1003 4862 1115 4924 robore
1134 4877 1276 4940 perman-

529 4959 622 5032 suris,
645 4961 680 5021 ad
702 4959 942 5037 praemissorum
959 4957 1116 5029 eiiectum,
1133 4955 1188 5015 hac
1209 4954 1276 5016 rice

530 5051 701 5126 dumtaxat,
727 5051 899 5130 specialiter
924 5057 955 5113 et
984 5065 1126 5128 expresse
1151 5049 1276 5124 deroga-

529 5161 612 5220 mus3
636 5145 810 5223 ceterisque
832 5143 993 5206 contrariis
1016 5141 1273 5220 quibuscumque.

569 5239 681 5300 Datum
711 5237 826 5298 Rornae
856 5235 935 5314 apud
968 5235 998 5296 S.
1028 5233 1153 5294 Mariam
1184 5232 1278 5294 lllaio-

530 5349 608 5406 rem,
635 5332 693 5394 sub
714 5330 829 5392 annulo
857 5328 1029 5403 Piscatoris,
1057 5325 1108 5387 die
1131 5341 1196 5386 xxv·
1224 5343 1276 5388 au-

530 5427 613 5503 gusti
648 5441 825 5500 noscunt,
862 5422 1058 5504 pontificatus
1092 5420 1191 5483 nostri
1223 5437 1275 5483 an·

529 5535 571 5581 no
592 5536 662 5580 vrrr.

1332 2189 1414 2236 anno
1442 2174 1667 2236 lncarnationis
1688 2174 1866 2236 Dominicae
1887 2188 2056 2236 xrocxxvrx.
2069 2218 2077 2247 ,

1332 2265 1474 2330 kalendis
1495 2268 1630 2344 augusti,
1644 2267 1841 2346 pontificatus
1861 2267 1910 2328 sni
1924 2281 2007 2328 anno
2021 2282 2078 2340 ru,

1332 2359 1461 2434 litteras,
1494 2360 1576 2422 inter
1597 2359 1666 2434 alia,
1690 2360 1808 2423 dictum
1836 2359 2003 2436 collegium
2023 2375 2079 2422 seu

1331 2453 1699 2531 seminarium,illiusque
1709 2467 1903 2528 oeconomos,
1912 2460 2078 2528 rectorem,

1332 2545 1501 2620 ministros,
1514 2554 1728 2624 praeceptores
1739 2553 1770 2608 et
1781 2546 1922 2608 alumnos
1933 2561 1989 2624 pro
2001 2553 2078 2608 tem-

1332 2653 1407 2716 pore
1428 2639 1605 2713 existentes,
1623 2639 1813 2718 illorumque
1827 2637 2020 2712 domesticos,
2036 2637 2081 2700 oi·

1333 2730 1446 2793 ficiales
1466 2739 1497 2795 et
1519 2732 1689 2806 ministros,
1706 2732 1743 2794 ab
1761 2732 1846 2794 omni
1868 2731 2078 2795 iurisdictione

1333 2833 1408 2889 tunc
1422 2833 1453 2888 et
1467 2841 1522 2903 pro
1543 2831 1684 2902 tempore
1705 2824 1799 2886 etiam
1814 2825 1973 2888 existentis
1984 2825 2033 2887 sui
2047 2833 2080 2888 et

1332 2918 1543 2980 Romanorum
1565 2917 1751 2980 Pontificum
1776 2933 1988 2981 successorum
2009 2935 2081 2981 suo-

1333 3026 1405 3073 rum
1415 3011 1449 3071 in
1461 3009 1538 3071 dicta
1549 3009 1632 3072 Urbe
1643 3010 1747 3071 ricarli
1761 3010 1795 3072 in
1806 3009 2017 3089 spiritualibus
2027 3025 2080 3086 ge-

1332 3103 1446 3166 neralis
1456 3101 1639 3165 auctoritate
1648 3103 1811 3181 apostolica
1821 3103 1985 3178 exemerit,
1993 3103 2079 3182 ipsis-

1333 3213 1394 3276 que
1413 3195 1542 3272 collegio
1566 3211 1622 3258 seu
1646 3195 1822 3271 seminario,
1846 3196 1970 3270 rectori,
1992 3197 2078 3258 scho-

1333 3288 1459 3363 laribus,
1480 3289 1741 3368 praeceptoribus,
1763 3289 1929 3365 magistris,
1949 3303 2078 3352 oecono-

1333 3383 1404 3458 mis,
1420 3381 1772 3454 officialibusministris
1783 3388 1815 3443 et
1829 3382 1977 3460 personis,
1987 3388 2022 3444 ut
2032 3379 2079 3462 (Ξ)

1333 3474 1582 3553 quibuscumque
1602 3474 1792 3554 privilegiis,
1815 3475 2077 3554 exemptionibus,

1333 3565 1539 3640 libertatibus,
1561 3565 1772 3640 facultatibus,
1795 3565 1902 3642 gratiis
1923 3573 1954 3627 et
1975 3564 2079 3627 indul·

1333 3660 1383 3733 tis,
1396 3659 1509 3738 quibus
1520 3659 1577 3720 alia
1588 3660 1794 3735 germanicae,
1803 3658 1940 3736 anglicae
1952 3667 1982 3720 et
1993 3674 2079 3735 grae-

1333 3768 1385 3814 cae
1412 3751 1574 3814 nationum
1602 3749 1730 3826 collegia
1757 3752 1790 3814 in
1819 3752 1902 3814 Urbe
1927 3751 2080 3829 praedicti

1334 3845 1494 3918 instituta,
1517 3844 1706 3923 illorumque
1728 3851 1879 3920 rectores,
1912 3843 2077 3918 scholares,

1334 3945 1555 4016 praeceptores,
1569 3937 1721 4014 magistri,
1735 3936 1906 4013 oeconomi,
1923 3935 2078 4010 officiales,

1333 4029 1469 4092 ministri
1485 4036 1515 4091 et
1530 4045 1690 4108 personae,
1706 4031 1816 4108 quotis
1838 4029 1929 4092 modo
1948 4030 2078 4092 uteban-

1335 4131 1395 4198 tur,
1419 4123 1618 4202 potiebantur
1639 4130 1669 4185 et
1691 4123 1875 4200 gaudebant,
1898 4140 1931 4185 ac
1952 4123 2010 4198 uti,
2027 4138 2078 4202 po-

1335 4215 1385 4278 tiri
1406 4223 1437 4277 et
1457 4217 1592 4293 gaudere
1602 4222 1746 4294 poterant
1760 4223 1791 4278 et
1806 4224 1930 4295 possent
1950 4231 2081 4295 quomo-

1333 4309 1476 4372 delibet
1469 4325 1502 4370 m
1524 4307 1679 4383 futurum,
1702 4323 1767 4370 non
1788 4307 1890 4370 solum
1911 4307 1947 4368 ad
1969 4323 2079 4370 eorum

1333 4401 1440 4475 instar,
1453 4401 1504 4463 sed
1521 4417 1619 4479 aeque
1636 4400 1847 4479 principaliter
1861 4407 1892 4462 et
1906 4399 2078 4478 paritormi·

1334 4502 1381 4556 ter
1393 4494 1424 4555 in
1440 4481 1584 4556 omnibus
1599 4501 1630 4554 et
1650 4509 1704 4572 per
1720 4493 1824 4554 omnia
1839 4493 1885 4555 uti
1900 4499 1931 4554 et
1945 4492 2079 4569 gaudere

1333 4587 1483 4664 valerent,
1499 4586 1578 4650 dicta
1599 4587 1781 4649 auctoritate
1799 4585 1974 4660 indulserit,
1990 4586 2079 4648 adeo·

1333 4695 1394 4758 que
1408 4681 1508 4742 eidem
1520 4679 1660 4756 collegio,
1673 4679 1782 4756 vigore
1793 4679 1905 4742 indulti
1919 4679 2078 4741 huiusmo-

1333 4773 1363 4835 di
1384 4789 1418 4834 ac
1433 4773 1559 4851 insuper
1574 4773 1801 4834 nonnullorum
1820 4776 2014 4835 decretorum
2029 4771 2079 4832 die

1333 4880 1422 4926 xxxx.
1433 4866 1538 4944 aprilis
1552 4881 1586 4927 ac
1601 4865 1651 4927 die
1665 4880 1722 4926 xxr.
1740 4864 1864 4941 augusti
1879 4881 2044 4926 uucxxvxr.
2062 4881 2078 4924 a

1334 4958 1664 5034 congregationetunc
1677 4956 1998 5020 existentiums.R.E.
2008 4958 2080 5020 Car-

1332 5049 1484 5113 dinalium
1506 5050 1638 5127 negotiis
1659 5050 1872 5128 Propagandae
1889 5050 1974 5112 Fidei
1994 5065 2079 5127 prae-

1332 5142 1428 5220 positi
1450 5141 1616 5218 editorum,
1640 5149 1669 5205 et
1684 5161 1700 5205 a
1715 5143 1896 5206 recolendae
1910 5145 2079 5204 memoriae

1333 5235 1513 5297 Innocentio
1542 5237 1619 5313 Papa
1640 5237 1679 5298 X·
1707 5237 1939 5315 praedecessore
1964 5236 2079 5313 pariter

1333 5335 1439 5388 nostro
1460 5328 1716 5407 approbatorum,
1739 5328 1970 5406 exemptionem
1991 5344 2007 5386 a
2029 5343 2079 5406 pa-

1332 5421 1442 5496 rocho,
1465 5437 1499 5482 ac
1524 5421 1572 5483 ius
1602 5421 1780 5500 sepulturae
1811 5437 1866 5499 pro
1892 5420 2026 5482 alumnis
2048 5428 2078 5481 et

1333 5513 1485 5576 ministris
1516 5514 1613 5592 ipsius
1634 5513 1757 5590 collegii
1783 5513 1866 5576 intra
1890 5513 1974 5575 illius
1994 5520 2078 5591 septa

570 5787 599 5842 (ll
615 5785 652 5831 lix
667 5785 722 5832 Bul.
738 5789 762 5831 P.
779 5786 810 5832 de
825 5789 850 5832 Ρ,
866 5789 892 5833 F.
909 5796 965 5844 pag.
981 5789 1030 5842 253,
1044 5787 1131 5832 collat.
1148 5789 1195 5832 etc.
1212 5785 1273 5831 Vide
1329 5784 1399 5842 Fide,
1414 5785 1506 5831 datum
1526 5787 1624 5829 Romae
1639 5794 1670 5828 ex
1684 5781 1792 5828 aedibus
1813 5783 1836 5826 s.
1852 5783 1876 5825 ο.
1893 5778 1934 5825 die
1948 5789 1994 5826 xxx.
2011 5789 2078 5825 mar·

530 5851 557 5900 in
571 5855 684 5900 secunda
698 5856 773 5911 parte
787 5855 866 5900 huius
881 5867 920 5914 op.
936 5856 1070 5900 decretum
1087 5857 1109 5898 S.
1122 5859 1145 5899 e.
1157 5855 1271 5910 deP1·op.

1329 5853 1360 5898 til
1374 5862 1552 5899 mocccuxxtu.

1371 5922 1400 5977 (2)
1416 5919 1575 5966 particulam
1592 5924 1623 5964 ut
1637 5929 1684 5964 nos
1698 5917 1825 5964 addimus,
