4844 6990
294 521 347 572 An.
362 519 392 571 0.
414 519 482 573 1738
533 515 591 580 196

717 697 901 768 clametis
925 699 984 765 ΡΡ.
1006 697 1063 764 llll.

632 837 669 904 ad
692 842 863 920 perpetuam
889 836 932 904 rei
958 834 1137 902 memoriam.

282 1039 426 1194 figgofflb
429 1040 496 1140 ει13ῑὶ1
554 1028 572 1101 ἓ
596 1027 623 1088 1.
649 1027 730 1090 11116
755 1044 810 1105 pro
832 1035 917 1106 parte
946 1027 1049 1088 dilecti
1071 1024 1126 1088 filii
1149 1021 1259 1100 Ignatii

295 1147 496 1194 rosoruraasra-
516 1120 627 1182 Fadilla
656 1121 759 1183 fratris
784 1137 926 1198 expresse
954 1118 1098 1199 professi,
1121 1117 1153 1178 in
1175 1114 1260 1176 sacri

283 1201 497 1301 fflffifflffg}
516 1213 670 1290 theologia
692 1214 843 1290 magistri,
872 1214 1050 1291 provinciae
1077 1211 1130 1275 SS.
1155 1208 1260 1270 Nomi·

283 1307 356 1409 [³3³³
387 1308 497 1356 cottam-
515 1307 564 1368 nis
596 1307 663 1368 lesu
691 1307 866 1370 llexieanae
897 1305 1019 1369 Ordinis
1048 1304 1259 1367 cremitarum

328 1393 334 1408 '
516 1399 618 1462 Sancti
641 1399 807 1476 Augustini
831 1398 1037 1478 procuratoris
1063 1399 1099 1459 ad
1121 1394 1260 1474 specialia

515 1491 638 1568 negotia
659 1493 757 1567 missi,
780 1493 868 1554 nobis
889 1492 1065 1570 expositum
1087 1489 1157 1564 fuit,
1180 1485 1259 1566 quod

515 1586 549 1648 in
570 1585 649 1648 dicti
670 1587 830 1663 provincia
851 1587 964 1648 abusus
986 1584 1074 1646 valde
1096 1581 1259 1644 observan-

517 1680 576 1741 tiae
599 1678 737 1754 regulari
765 1679 1013 1758 prae-indiciales,
1032 1692 1158 1754 ¹nempe
1179 1673 1259 1753 qnod

515 1772 608 1850 aliqui
623 1773 760 1849 religiosi
777 1773 910 1851 inquieti
925 1780 955 1834 et
970 1787 1080 1850 parum
1096 1770 1259 1832 observan-

518 1865 577 1926 tiae
597 1866 645 1927 sui
667 1867 803 1928 instituti
825 1874 976 1928 amatores
991 1864 1198 1926 obedientiam
1212 1879 1260 1922 re-

516 1959 753 2038 verentiamque
773 1977 805 2020 ac
827 1959 1052 2022 subiectionem
1067 1959 1131 2019 suis
1147 1955 1260 2036 praela·

517 2051 556 2112 tis
578 2052 694 2114 debitos
716 2051 961 2130 parvifacientes,
978 2050 1012 2110 ad
1029 2051 1174 2112 coenobia
1189 2048 1260 2110 alic·

517 2160 589 2206 1111
619 2145 770 2208 Ordinem
801 2145 851 2206 rel
888 2144 1173 2230 congregationum
1209 2149 1262 2204 aut

516 2237 747 2312 institutorum,
764 2245 926 2316 praetextu
947 2237 1122 2299 evadendae
1143 2235 1263 2297 violen-

518 2329 577 2390 tiae
599 2336 629 2389 61
650 2329 817 2406 effugiendi
850 2331 988 2407 rigorem
1015 2345 1145 2392 suorum
1171 2344 1261 2407 supe-

517 2425 647 2497 riorum,
671 2423 862 2500 eonfugiant,
896 2425 1101 2502 irrepserant3
1125 2431 1167 2496 61,
1191 2421 1261 2482 11661

516 2517 691 2593 superiores
726 2519 873 2595 praedicti
901 2535 916 2578 a
949 2518 1092 2596 praelatis
1127 2531 1261 2578 conven-

437 2619 442 2628 '
519 2616 620 2684 tuum,
643 2611 696 2673 ubi
721 2612 868 2690 praedicti
896 2612 1031 2689 religiosi
1062 2610 1261 2688 confugiunt,

517 2711 623 2783 petant
636 2713 671 2768 ut
688 2707 844 2784 patiantur
859 2709 940 2785 quod
956 2707 1102 2784 obligatio
1117 2708 1261 2770 obedien-

517 2799 548 2860 di
570 2801 702 2879 propriis
727 2801 955 2879 superioribus,
979 2810 1009 2862 et
1030 2819 1062 2862 se
1082 2819 1115 2864 se
1136 2802 1171 2863 ad
1194 2818 1262 2880 pro·

517 2895 582 2972 pria
608 2895 752 2956 coenobia
783 2895 984 2968 restituendi,
1009 2897 1187 2972 intimetur,
1212 2897 1262 2958 rel

518 2989 600 3066 quod
632 2987 700 3048 illos
730 2989 862 3066 propriis
887 2990 1099 3067 superioribus
1125 2992 1259 3066 tradant,

518 3087 667 3142 neutrum
688 3080 823 3142 obtineri
849 3081 939 3154 solet,
962 3088 1166 3160 protestantes
1188 3083 1261 3145 ulio·

518 3187 588 3234 rum
610 3173 760 3236 Ordinum
777 3173 827 3234 rel
841 3174 1120 3250 congregationum
1141 3183 1193 3237 611
1214 3177 1263 3237 in·

516 3267 699 3329 stitutorum
722 3267 859 3346 praelati,
878 3268 929 3330 ubi
950 3269 1023 3332 dieti
1038 3271 1174 3347 religiosi
1190 3287 1263 3332 cou-

518 3361 656 3438 iugiunt,
684 3364 805 3424 eosdem
835 3363 968 3438 gaudere
995 3364 1194 3426 immunitate
1215 3381 1263 3425 re-

518 3453 607 3530 fugii,
630 3461 661 3515 61
688 3464 915 3532 consequenter
937 3474 952 3516 6
973 3457 1097 3535 proprio
1129 3458 1262 3535 praelato

519 3564 583 3610 non
604 3564 691 3625 posse
717 3549 853 3623 61116111,
883 3549 998 3626 requiri
1020 3558 1072 3611 ant
1098 3550 1261 3624 notificari,

519 3648 628 3718 utpote
649 3641 680 3701 in
703 3641 804 3703 alieno
826 3642 983 3703 territorio
1006 3643 1187 3718 existentes,
1210 3658 1262 3703 ne-

519 3749 580 3810 que
601 3734 777 3811 superiores
797 3734 931 3796 aliorum
955 3733 1106 3798 Ordinem
1128 3738 1262 3815 praedie-

520 3836 624 3888 torum
646 3826 757 3888 debere
778 3827 873 3890 dictos
898 3827 1065 3905 religiosos
1081 3828 1263 3906 confugien-

518 3926 565 3980 tes
586 3919 721 3982 tradere:
746 3927 777 3982 et
799 3921 830 3982 in
853 3921 959 3983 eadem
981 3923 1172 4001 expositione
1193 3923 1264 3986 sub-

519 4015 625 4077 111611
646 4012 727 4092 qnod
743 4013 874 4076 dilectus
889 4015 983 4076 etiam
999 4016 1081 4077 filins
1097 4017 1264 4078 modernus

519 4110 605 4189 prior
636 4107 832 4188 provincialis
863 4109 1041 4186 provinciae
1073 4119 1103 4172 61
1142 4111 1263 4173 Ordinis

519 4203 748 4282 praedictorum
769 4201 801 4262 11
816 4202 973 4278 angustias
988 4203 1105 4281 positus
1120 4205 1156 4265 ad
1172 4221 1265 4267 1616-

519 4297 648 4358 rabilem
680 4295 809 4357 fratrem
841 4295 1029 4358 modernum
1056 4297 1265 4376 archiepisco-

520 4403 596 4468 pum
619 4389 810 4451 illexicanum
829 4388 913 4450 illius
935 4391 1023 4466 regni
1041 4406 1203 4468 proregem
1219 4408 1266 4453 re-

519 4497 646 4543 cursum
669 4481 781 4542 habere
802 4490 923 4544 coactus
944 4481 1056 4558 fuerat,
1073 4493 1107 4545 ut
1128 4485 1157 4545 ei
1179 4486 1265 4545 auxi-

520 4573 600 4634 lium
621 4573 744 4649 regium
768 4575 994 4652 impertiretur,
1011 4591 1072 4654 quo
1093 4577 1266 4655 dispersum

521 4682 649 4743 gregem
670 4669 706 4728 ad
728 4667 809 4728 ovile
830 4668 947 4745 proprii
968 4668 1091 4731 Ordinis
1106 4669 1264 4745 reducere,

520 4761 631 4822 611116
657 4767 778 4822 tantum
807 4759 909 4821 medio
941 4762 1044 4823 relatis
1071 4763 1266 4842 praeiudiciis

522 4867 685 4915 occurrere
708 4862 825 4932 posset3
849 4870 921 4916 oum
942 4862 1046 4916 autem
1072 4855 1266 4916 1111111616-

523 4953 595 5020 1661,
618 4945 711 5024 quod,
734 4947 757 5008 si
781 4947 967 5009 1166616116
989 4946 1055 5008 asili
1080 4957 1132 5010 611
1154 4947 1266 5025 refugii

522 5039 674 5115 religiosis
695 5047 807 5118 pateat,
834 5039 973 5102 funditus
994 5039 1155 5120 disciplina
1177 5057 1266 5118 regu-

523 5133 595 5194 laris
621 5151 655 5195 ac
681 5133 781 5195 debita
804 5133 933 5212 propriis
959 5135 1172 5212 superioribus
1196 5135 1267 5196 obe-

523 5227 637 5288 dientia
659 5233 816 5301 corruant,
839 5243 960 5288 necnon
983 5227 1082 5309 iurgia
1104 5235 1135 5288 et
1156 5227 1268 5289 discor-

523 5321 589 5382 diae
610 5320 693 5382 inter
719 5321 894 5398 superiores
919 5321 1088 5398 respective
1113 5319 1267 5383 Ordinum

524 5429 595 5476 oum
626 5413 829 5476 saecularium
863 5414 1004 5476 scandalo
1035 5413 1141 5492 procul
1174 5413 1267 5475 dubio

525 5509 696 5586 pullulent:

308 5612 505 5676 1111111116-
564 5603 632 5678 §2
657 5603 761 5676 Porro,
785 5607 886 5664 11111
908 5601 996 5662 malis
1021 5616 1266 5676 occurreremus,

290 5671 506 5818 {ffiffssrffi
525 5711 579 5774 per
600 5711 656 5756 nos
678 5695 822 5758 declarari
845 5710 1043 5772 summopere
1068 5693 1266 5768 desiderabat,

291 5771 505 5881 ffifflfflffi
523 5787 604 5866 qnod
626 5787 714 5850 dictis
731 5787 881 5863 religiosis
895 5789 931 5848 ad
946 5795 1121 5849 conventus
1136 5787 1266 5846 aliorum

524 5880 675 5944 Ordinum
697 5881 747 5942 161
769 5880 1048 5957 congregationum
1070 5879 1120 5940 161
1145 5878 1269 5940 institu-

1032 533 1095 577 luit.
1121 533 1211 576 PON'l'·
1236 532 1275 576 1111
1297 533 1325 576 P·
1351 530 1379 576 F·
1405 531 1486 576 PARS
1508 530 1529 574 1.

1318 653 1422 710 torum
1448 649 1700 726 confugientibus
1735 647 1918 710 immunitas
1949 646 2062 724 refugii

1317 757 1371 802 seu
1393 739 1458 802 asili
1474 741 1605 804 minime
1619 743 1818 819 suffragetur,
1840 742 1893 804 sed
1908 758 1923 802 6
1938 741 2063 820 proprio

1315 833 1477 912 superiore
1506 834 1689 898 iudicialiter
1709 851 1746 898 ex
1774 835 1876 898 alieno
1903 840 2063 896 conuentu

1317 927 1532 1006 unusquisque
1553 928 1799 1006 confugientium
1817 928 1995 990 huiusmodi
2011 943 2062 989 ex-

1317 1021 1409 1098 trabi,
1431 1023 1518 1084 etad
1542 1024 1718 1102 proprium,
1749 1038 1947 1102 quocumque
1967 1021 2063 1100 privi-

1317 1115 1397 1190 legio
1412 1116 1606 1193 regularibus
1621 1133 1762 1182 concesso
1778 1119 1835 1181 bac
1848 1117 1881 1178 in
1896 1123 1984 1194 parte
1998 1130 2062 1177 non

1317 1209 1468 1284 obstante,
1493 1210 1597 1272 reduci
1619 1211 1728 1288 possit:
1752 1209 1833 1290 quod
1855 1210 1881 1272 si
1897 1211 1969 1272 dicti
1992 1209 2063 1272 reli·

1319 1301 1394 1378 giosi
1426 1303 1524 1366 adbuc
1552 1303 1683 1366 rebelles
1708 1306 1741 1366 in
1767 1305 1903 1381 parendo
1931 1303 2062 1382 propriis

1317 1396 1541 1474 superioribus
1563 1399 1598 1458 ad
1620 1415 1712 1462 suum
1731 1405 1923 1460 conventum
1938 1395 2064 1457 eosdem

1318 1487 1468 1553 redeundi
1484 1491 1677 1568 iubentibus,
1693 1498 1905 1571 perseverent,
1922 1489 1972 1551 161
1990 1489 2064 1552 dicti

1317 1587 1492 1664 superiores
1512 1602 1564 1648 eos
1587 1587 1670 1648 tituli
1691 1585 1804 1662 refugii
1826 1585 2011 1663 recipientes
2033 1593 2064 1648 et

1317 1679 1469 1744 auxilium
1492 1688 1682 1759 praestantes
1703 1679 1834 1758 propriis
1851 1681 2064 1758 superioribus

1318 1775 1439 1836 tradere
1453 1776 1626 1850 renuerint,
1643 1776 1770 1853 utrique
1784 1789 1909 1852 poenas,
1923 1773 2064 1850 fugitivis

1317 1873 1348 1928 et
1370 1883 1477 1930 eorum
1500 1869 1673 1930 fatrtcribus
1694 1875 1724 1929 et
1747 1867 1972 1946 protectoribus
1994 1883 2063 1929 nec·

1318 1975 1381 2024 non
1404 1961 1571 2024 rebellibus
1593 1972 1623 2025 et
1644 1963 1894 2024 inobedientibus
1915 1978 1970 2040 per
1986 1967 2064 2024 1616

1319 2055 1522 2134 apostolicam
1554 2053 1663 2118 Sedem
1696 2056 1862 2133 impositas,
1892 2056 1957 2134 ipso
1985 2055 2064 2118 iacto

1318 2155 1348 2210 et
1370 2148 1483 2226 absque
1515 2147 1571 2210 alia
1597 2148 1803 2210 declaratione
1829 2148 1992 2212 incurrere
2013 2149 2065 2210 de·

1318 2242 1425 2304 beant:

1358 2337 1377 2410 ἓ
1398 2336 1427 2398 3.
1452 2334 1511 2397 Nos
1533 2336 1704 2414 supplicem
1726 2334 1867 2396 libellum
1890 2334 1978 2396 nobis
1996 2349 2065 2412 por·
2097 2346 2213 2410 ‚nacon
2235 2357 2309 2412 rega-

1319 2438 1440 2492 rectnm
1466 2431 1501 2492 ad
1529 2429 1810 2506 congregationem
1836 2428 2063 2490 venerabilium
2084 2403 2309 2553 ξξὲξιῖἓοῑῇιέξξῖ

1319 2521 1451 2584 fratrum
1473 2529 1655 2584 nostrorum
1676 2521 1707 2584 S.
1732 2522 1767 2584 R.
1789 2521 1823 2582 Ε.
1853 2521 2064 2584 cardinalium
2084 2518 2181 2607 grum
2208 2521 2307 2556 ‘⁰¹¹¹¹⁵·

1319 2615 1452 2692 negotiis
1480 2624 1510 2678 et
1536 2615 1814 2678 consultationibus
1843 2615 2064 2692 cpiscoporum

1319 2717 1350 2772 et
1374 2709 1575 2786 Regularium
1604 2709 1806 2787 praepositam
1834 2707 2025 2780 remisimus,
2048 2724 2064 2767 a

1319 2819 1377 2882 qua
1399 2803 1555 2864 emanavit
1569 2801 1729 2864 decretum
1746 2802 1873 2876 tenoris,
1890 2801 1942 2880 qui
1963 2799 2065 2878 sequi-

1320 2906 1382 2972 tur,
1405 2895 1564 2958 uidelicet:

1358 3087 1447 3149 Sarra
1470 3085 1674 3162 congregatio
1697 3083 2019 3146 eminentissimorum
2033 3091 2064 3144 et
2092 3097 2306 3160 1611111611-

1319 3175 1651 3242 reverendissimorum
1674 3177 1704 3242 S·
1732 3177 1767 3238 ll.
1796 3179 1830 3238 E.
1856 3177 2064 3240 cardinalium
2084 3150 2305 3266 {lffissffiffll

1319 3273 1451 3349 negotiis
1476 3279 1506 3334 et
1533 3271 1811 3334 consultationibus
1842 3271 2064 3349 Episcopornm
2083 3257 2306 3366 {gffifflsffigffi

1318 3375 1350 3427 et
1373 3365 1575 3441 Regularium
1596 3365 1784 3442 praeposita,
1807 3365 1843 3426 ad
1865 3379 1958 3441 quam
1978 3381 2066 3426 sanc·
2084 3363 2305 3462 ssr'rffiglsassssfflsffi

1320 3459 1456 3520 tissimus
1483 3457 1627 3520 dominus
1653 3466 1759 3518 noster
1786 3457 1956 3535 supplicem
1979 3457 2065 3519 libel-
2084 3469 2305 3534 constringamus

1321 3554 1387 3615 lum
1410 3552 1544 3625 remisit,
1568 3551 1684 3612 attenta
1706 3550 1857 3612 relatione
1882 3523 2306 3636 6111161116-ξξηῆῗὲξῖἓ181110

1319 3645 1390 3706 simi
1411 3645 1529 3716 111161,
1546 3643 1671 3722 praefati
1686 3643 1811 3706 Ordinis
1826 3646 1904 3722 apud
1922 3644 2065 3707 Sanctam

1321 3738 1432 3802 Sedem
1463 3737 1662 3814 protectoris,
1693 3744 1871 3798 remutare
1902 3737 2065 3815 perpensi,

1320 3829 1468 3904 decrerit,
1491 3829 1649 3906 regulares
1678 3829 1771 3890 unius
1799 3829 1970 3906 religionis,
1994 3845 2065 3891 con-

1320 3924 1476 4000 fugientes
1491 3924 1525 3984 ed
1542 3923 1681 3984 ecclesias
1696 3931 1727 3984 et
1742 3923 1929 3984 monasteria
1940 3921 2066 3986 alterius

1321 4016 1492 4092 religionis,
1514 4014 1725 4092 superioribus
1740 4015 1882 4092 propriae
1903 4014 2066 4091 religionis

1322 4109 1445 4172 restitui
1466 4109 1579 4170 debere
1600 4125 1615 4167 a
1638 4107 1778 4186 praelatis
1800 4107 1927 4170 alterius
1944 4108 2066 4185 religio-

1323 4203 1388 4278 nis,
1421 4203 1457 4286 611
1488 4215 1623 4279 quorum
1653 4200 1795 4262 ecclesias
1822 4208 1853 4262 61
1881 4201 2066 4264 monasteria

1322 4295 1518 4372 confugiunt,
1534 4293 1680 4372 praestito
1703 4300 1806 4355 tamen
1829 4293 1866 4354 ab
1887 4294 1995 4356 iisdem
2017 4312 2069 4358 su-

1323 4388 1495 4467 perioribus
1529 4385 1778 4463 couiugientinm
1809 4387 2004 4462 iuramento,
2037 4397 2068 4451 et

1323 4481 1399 4544 16611
1420 4480 1608 4556 obligatione
1635 4479 1672 4539 de
1693 4481 1843 4541 servanda
1869 4480 2068 4542 immunitate

1323 4573 1524 4636 ecclesiastica
1539 4579 1570 4634 61
1586 4573 1623 4633 de
1643 4572 1836 4634 restituendo
1852 4571 2068 4649 confugientes

1323 4665 1471 4745 praelatos
1492 4665 1629 4727 ecclesiis
1644 4663 1695 4726 vel
1716 4664 1923 4738 monasteriis,
1940 4666 1976 4727 ad
1990 4681 2069 4743 quae

1323 4759 1544 4834 confugerunt,
1568 4773 1637 4819 casu
1658 4773 1719 4834 quo
1734 4757 1963 4836 procedendum
1978 4758 2017 4818 sit
2032 4757 2068 4818 ad

1323 4868 1436 4930 poenas
1457 4849 1628 4928 corporales
1647 4850 1775 4912 carceris
1790 4850 1944 4929 perpetui,
1960 4851 2069 4912 mortis

1323 4953 1354 5007 et
1375 4944 1554 5006 triremium
1575 4951 1701 5021 propter
1721 4943 1831 5006 delicta
1846 4944 1883 5005 ab
1904 4944 1976 5022 ipsis
1997 4959 2069 5006 cort·

1324 5037 1515 5114 fugientibus
1537 5036 1717 5112 commissa;
1740 5051 1838 5110 66616,
1853 5035 1880 5096 61
1901 5035 1959 5114 ipsi
1978 5051 2068 5114 supe-

1323 5132 1422 5192 riores
1444 5130 1612 5207 procedere
1627 5129 1776 5190 deberent
1797 5127 1833 5188 ad
1856 5145 1968 5207 poenas
1990 5129 2069 5191 ordi·

1324 5225 1437 5296 uarias,
1460 5231 1491 5284 et
1512 5223 1547 5283 ad
1565 5222 1791 5283 correctionem
1806 5220 1999 5297 regularium
2014 5237 2068 5299 per

1324 5317 1560 5378 constitutiones
1586 5315 1708 5379 Ordinis
1734 5315 1949 5393 praescriptas:
1980 5316 2068 5378 cuius

1324 5412 1368 5471 rei
1392 5409 1555 5472 declaratio
1576 5409 1611 5469 ad
1633 5409 1844 5470 definitorium
1868 5408 2067 5486 provinciale,

1325 5504 1386 5578 vel,
1403 5503 1455 5566 ubi
1472 5503 1548 5565 illud
1565 5502 1749 5577 meminerit,
1766 5503 1801 5564 ad
1818 5501 1983 5562 consilium
1998 5515 2069 5564 con·

1325 5604 1439 5658 ventus
1460 5596 1618 5674 spectabit.
1642 5596 1729 5670 Quod
1743 5596 1780 5670 si,
1797 5595 1929 5658 constitu
1950 5594 2069 5670 regula-

1325 5705 1373 5750 res
1395 5689 1612 5765 confugientes
1635 5703 1746 5766 poenas
1768 5688 1928 5750 dumtaxat
1950 5687 2069 5748 ordina-

1325 5783 1384 5842 rias
1405 5789 1436 5843 et
1457 5798 1511 5860 per
1533 5780 1770 5842 constitutiones
1798 5779 1920 5842 Ordinis
1946 5779 1982 5840 ad
2004 5795 2068 5840 cor-

1325 5877 1495 5940 rectionem
1517 5873 1716 5953 praescriptas
1737 5871 1921 5951 promereri,
1944 5871 2070 5951 praelati
