4844 6990
679 1081 949 1192 INDEX
987 1079 1544 1190 RUBRICARUM

1011 1368 1223 1379 ...—----—

907 1849 1220 1924 INNOCENTIUS
1248 1851 1313 1918 XI.

340 2059 552 2124 Consrtnurto
573 2056 595 2118 l.
620 2055 788 2120 Confirmat
809 2052 970 2116 decretum
992 2050 1084 2112 mini-

397 2153 453 2214 stri
476 2149 627 2229 generalis
648 2157 679 2211 et
699 2147 901 2236 commissarii
926 2145 1083 2208 indiarum

398 2245 520 2309 Ordinis
541 2243 673 2306 fratrum
694 2242 849 2304 llinorum
870 2239 975 2303 Sancti
990 2239 1083 2300 Fran-

396 2339 468 2402 oisci
488 2338 527 2399 de
547 2337 756 2410 Obseruando,
779 2351 840 2413 quo
870 2332 1003 2396 stabilita
1025 2330 1083 2394 luit

397 2431 580 2495 alternative
601 2429 789 2492 electionum
807 2429 839 2489 in
855 2425 1020 2506 provinciis
1035 2423 1084 2485 ln-

398 2525 518 2587 diarum
539 2520 791 2586 Occidentalium.
814 2535 886 2598 pap.
910 2519 939 2579 5.

338 2617 372 2680 44.
390 2619 560 2682 Confirmat
574 2615 734 2678 decretum
745 2614 855 2693 prioris
867 2611 1019 2690 generalis
1030 2609 1083 2674 Or·

396 2711 476 2772 dinis
491 2709 700 2772 Eremitarum
715 2707 819 2771 Sancti
831 2705 1010 2782 Augustini,
1022 2719 1083 2782 quo

398 2805 463 2882 lpse
484 2804 660 2866 moderatus
681 2800 738 2864 luit
762 2800 981 2862 alternatiram
1003 2799 1085 2860 inter

397 2897 508 2959 iratres
530 2897 562 2957 in
585 2895 729 2973 Hispania
745 2902 832 2956 natos
847 2901 877 2954 et
892 2893 966 2954 alios
983 2891 1086 2954 Griot·

398 2992 443 3053 los
465 2990 561 3052 dictos
582 2988 760 3066 provinciae
774 2987 929 3063 Quitensis
945 2985 977 3047 in
992 2983 1085 3046 lndiis

396 3082 651 3147 Occidentalibus.
674 3081 707 3143 8:

338 3177 385 3240 lll.
403 3177 563 3240 Habentur
577 3183 659 3238 ratae
674 3183 704 3238 et
719 3176 827 3237 firmae
842 3176 1006 3238 electiones
1020 3187 1087 3234 om·

398 3286 464 3345 nes,
487 3270 580 3332 etiam
598 3269 720 3344 dubiae,
736 3285 843 3348 quaen
859 3268 1004 3331 iratribus
1019 3282 1087 3328 ere·

396 3364 481 3426 mitis
503 3363 606 3426 Sancti
627 3362 794 3440 Augustini
816 3363 848 3425 in
864 3361 1002 3440 capitulis
1017 3376 1086 3441 pro-

398 3456 580 3519 vincialibus
601 3457 758 3520 indiarum
779 3457 872 3530 finnt,
892 3454 990 3516 donec
1011 3453 1085 3514 illuc

398 3551 577 3629 pervenerit
598 3551 707 3629 prioris
728 3549 779 3611 vel
800 3548 906 3611 vicarii
932 3545 1085 3624 generalis

398 3645 436 3706 de
457 3645 493 3706 lis
514 3643 666 3706 contraria
687 3641 837 3704 delinitio.
864 3641 911 3704 12.

338 3737 388 3802 lV.
412 3740 455 3800 Ad
478 3738 660 3816 petitionem
682 3735 875 3798 vicariorum
900 3733 1085 3813 Apostolico-

398 3847 468 3894 rum
483 3839 649 3908 patronum
664 3829 826 3891 constituit
840 3829 1024 3890 missionum
1040 3826 1085 3888 Si·

398 3925 544 3988 nensium
566 3923 597 3986 S.
620 3923 792 4001 losephum.
820 3923 865 3983 44.

339 4019 376 4082 V.
393 4020 523 4081 Romam
534 4017 788 4095 advocatseptem
800 4015 1008 4078 missiouarios
1019 4013 1050 4077 S.
1061 4014 1083 4075 l.

397 4113 430 4174 in
452 4110 534 4173 Sinis
549 4112 709 4188 degentes,
724 4125 812 4188 quos,
828 4109 884 4171 boc
899 4109 1022 4172 decreto
1037 4124 1086 4171 co·

398 4205 500 4282 gnito,
533 4203 619 4266 iubet
649 4204 753 4265 statim
780 4202 818 4264 ab
839 4202 923 4263 omni
953 4217 1085 4264 munere

398 4297 584 4361 missionarii
604 4295 769 4374 abstinerl;
791 4295 918 4358 modum
939 4295 1086 4374 praescri-

399 4392 444 4454 bit
465 4391 684 4471 promulgandi
698 4391 874 4466 decretum3
889 4389 998 4450 statuit
1014 4390 1087 4450 mis·

397 4485 547 4546 sionarios
574 4485 788 4548 iuramentum
815 4489 969 4561 praestare
996 4482 1086 4546 debe-

400 4595 443 4640 re.
469 4578 516 4640 td.
1071 4621 1075 4628 .

339 4672 390 4736 vt.
413 4671 568 4752 Approbat
582 4672 702 4736 decreta
717 4670 748 4734 S.
764 4673 895 4734 Rituum
911 4674 1085 4750 congrega·

399 4767 504 4842 tionis,
526 4768 563 4830 de
591 4767 627 4828 iis
655 4782 733 4845 quae
758 4768 790 4828 in
814 4768 911 4830 causis
936 4768 1084 4830 beatifica·

399 4863 523 4924 tionum
544 4868 575 4922 et
602 4861 874 4924 canonizationum
901 4859 1085 4924 Sanctorum

399 4955 547 5017 servanda
567 4964 651 5018 sunt.
676 4955 722 5018 49.

340 5048 398 5112 Vll.
423 5049 594 5113 Goullrmat
624 5048 745 5112 decreta
776 5049 878 5112 omnia
899 5067 915 5111 a
936 5050 1084 5127 magistro

400 5143 539 5220 generali
569 5143 700 5205 fratrum
733 5143 941 5206 Eremitarum
962 5143 1084 5206 Ordinis

326 5298 328 5305 ,
400 5236 504 5300 Sancti
524 5235 692 5313 Augustini
711 5252 767 5315 pro
788 5253 860 5315 pace
880 5239 1029 5300 servanda
1050 5239 1084 5299 in

400 5331 558 5410 provincial
578 5329 716 5405 Qultensi
737 5331 827 5393 edita.
850 5331 899 5392 26.

341 5423 417 5488 Vlll.
441 5423 612 5488 Confirmat
632 5423 776 5501 quasdam
803 5425 1012 5486 ordinationes
1033 5441 1085 5502 ge·

400 5517 513 5579 neralis
540 5516 662 5580 Ordinis
688 5518 898 5580 Eremitarum
925 5518 955 5581 S.
980 5520 1086 5594 Augu-

398 5611 473 5674 stini
495 5611 573 5674 circa
594 5609 759 5674 electiones
779 5612 976 5689 superiorum
996 5618 1027 5674 et
1042 5611 1085 5673 ol·

401 5703 548 5766 fecialium
569 5703 602 5765 in
623 5703 764 5780 Quitensi
784 5704 913 5783 aliisque
928 5703 1084 5766 indiarum

401 5797 579 5876 provinciis.
603 5797 652 5859 39.

342 5891 393 5955 444.
411 5891 558 5954 Extendit
571 5892 732 5954 decretum
746 5891 857 5971 prioris
868 5891 1021 5968 generalis
1032 5891 1086 5956 Or-

402 5986 482 6048 dinis
503 5985 711 6048 Eremitarum
738 5986 839 6050 Sancti
861 5985 1027 6064 Augustini
1048 5985 1086 6048 de

1198 2050 1436 2126 consanguineis
1458 2057 1489 2112 et
1509 2052 1650 2115 affinibus
1678 2055 1828 2138 religiosis
1849 2057 1885 2118 ad

1197 2142 1396 2204 ltiscalceatos
1408 2143 1664 2221 congregationis
1679 2147 1840 2227 Hispaniae
1854 2157 1886 2212 et

1197 2235 1354 2296 Indiarnm
1376 2235 1515 2298 eiusdem
1536 2237 1667 2301 Ordinis.
1690 2241 1741 2302 42.

1137 2330 1176 2392 X.
1199 2329 1361 2392 Ordinario
1384 2330 1509 2393 Cbiensi
1530 2333 1698 2397 committit
1712 2343 1747 2397 nt
1761 2337 1819 2398 sub
1834 2353 1885 2399 en·

1197 2423 1485 2486 communicationis
1513 2426 1610 2503 poena
1637 2427 1813 2504 probibeat,
1845 2447 1885 2493 ne

1198 2517 1267 2596 quis
1290 2517 1366 2578 bona
1388 2518 1564 2580 blonasterii
1585 2519 1706 2582 Ordinis
1728 2522 1758 2584 S.
1783 2523 1886 2584 basilii

1198 2611 1358 2674 ininsula
1387 2611 1530 2674 Patbmos
1557 2613 1702 2692 surripiat
1727 2615 1777 2676 vel
1798 2633 1885 2678 occu·

1197 2712 1260 2784 pet,
1284 2711 1314 2768 et
1342 2712 1376 2768 nt
1404 2705 1622 2784 occupantibus
1651 2709 1882 2771 restitutionem

1198 2799 1377 2878 praecipiat:
1411 2799 1496 2861 lubet
1528 2799 1621 2861 etiam
1653 2809 1687 2862 ut
1718 2803 1885 2879 quotannis

1199 2891 1411 2972 praesentium
1433 2892 1593 2954 literarum
1615 2893 1822 2971 promulgatio
1839 2895 1885 2959 in-

1198 2993 1343 3049 novetur.
1366 2985 1415 3048 44.
1673 3003 1675 3010 ·

1139 3081 1189 3144 xl.
1215 3081 1362 3144 Concedit
1382 3079 1494 3142 rectori
1515 3080 1635 3158 collegii
1650 3081 1783 3144 fratrum
1797 3083 1886 3146 Prae·

1198 3174 1370 3238 dicatorum
1388 3174 1420 3236 in
1435 3174 1574 3249 Quitensi
1589 3176 1746 3254 provincia
1762 3175 1886 3240 laculta-

1198 3276 1263 3330 tem
1277 3268 1456 3332 conterendi
1471 3268 1593 3346 publice
1605 3269 1717 3344 gradus
1730 3269 1887 3332 scholasti-

1197 3379 1248 3424 cos
1270 3362 1302 3423 in
1324 3361 1484 3424 nonnullis
1508 3359 1687 3440 disciplinis,
1710 3361 1809 3426 donec
1831 3364 1886 3425 ibi·

1198 3455 1269 3516 dem
1284 3454 1422 3530 erigatur
1434 3453 1625 3516 Universitas
1639 3454 1824 3518 studiorum.
1835 3457 1884 3518 44.

1139 3548 1203 3612 Xll.
1228 3546 1328 3624 Erigit
1349 3546 1536 3609 academiam
1557 3545 1588 3608 S.
1613 3547 1748 3610 Tbomae
1763 3549 1887 3613 Ordinis

1199 3639 1448 3703 Praedicatorum
1469 3640 1603 3702 civitatis
1624 3641 1757 3704 Monilan
1782 3643 1814 3704 in
1837 3643 1885 3704 in·

1198 3734 1272 3798 sulis
1292 3733 1473 3811 Philippinis
1495 3734 1526 3795 in
1549 3733 1704 3812 publicam
1725 3733 1819 3796 studii
1834 3751 1886 3813 ge-

1200 3825 1311 3889 neralis
1333 3827 1584 3888 Universitatem.
1607 3827 1657 3889 46.

1140 3921 1215 3988 lllll.
1248 3919 1479 3997 indulgentiam
1514 3921 1654 3983 concedit
1688 3919 1885 3986 visitantibus

1199 4017 1346 4080 Sanctum
1381 4013 1448 4076 lesu
1484 4013 1597 4076 Christi
1633 4013 1670 4074 b.
1704 4014 1740 4076 Ν.
1779 4013 1885 4096 Sepul-

1199 4112 1321 4174 chrum.
1344 4108 1393 4171 49.

1140 4205 1412 4272 Attendimus
1440 4204 1599 4266 decretum
1627 4203 1796 4266 Cardinalis
1817 4219 1886 4283 pro-

1199 4300 1325 4362 tectoris
1347 4297 1426 4360 circa
1452 4296 1685 4373 abrogationem
1712 4297 1886 4360 commissa·

1199 4393 1320 4456 riorum
1348 4389 1543 4468 generalium
1566 4405 1621 4468 pro
1649 4391 1817 4467 provinciis
1837 4389 1886 4452 ln-

1198 4489 1320 4549 diarnm
1353 4483 1559 4548 Orientalium
1597 4483 1719 4548 Ordinis
1753 4483 1885 4547 iratrum

1199 4582 1356 4643 illinornm
1377 4575 1480 4640 Sancti
1497 4577 1650 4640 Francisoi
1665 4578 1702 4641 de
1717 4578 1886 4642 Observan-

1200 4676 1250 4737 tia.
1275 4673 1351 4736 lbid.

1139 4768 1205 4832 llll.
1222 4767 1376 4846 Approbat
1390 4766 1565 4844 Collegium
1580 4767 1763 4830 missionum
1775 4766 1882 4831 Ordin.

1199 4864 1306 4940 llinor·
1323 4861 1426 4925 Obser.
1444 4859 1476 4922 S.
1490 4861 1640 4923 Francisci
1655 4859 1884 4924 instituendum

1198 4958 1418 5019 inconvento
1449 4954 1480 5018 S.
1512 4955 1618 5018 Crucis
1650 4955 1687 5017 de
1717 4955 1885 5030 Queretaro

1197 5049 1374 5129 provinciae
1395 5050 1433 5114 de
1459 5048 1639 5112 llecboacan
1668 5049 1701 5110 ln
1723 5047 1883 5124 America;

1199 5142 1408 5208 commissarii
1422 5141 1527 5204 Novae
1538 5142 1699 5221 Hispaniae
1714 5140 1792 5204 illud
1803 5157 1884 5204 com-

1197 5239 1297 5301 mittit
1318 5237 1488 5314 custodiae3
1511 5235 1634 5312 regulas
1655 5249 1711 5313 pro
1731 5249 1768 5296 eo
1789 5252 1805 5296 a
1827 5236 1884 5297 mi-

1197 5331 1295 5394 nistro
1317 5329 1455 5407 generali
1476 5328 1598 5393 Ordinis
1623 5327 1793 5407 propositas
1814 5344 1884 5390 con-

1199 5425 1310 5486 firmat.
1334 5423 1384 5487 52.

1138 5517 1217 5581 xvi.
1240 5516 1412 5580 Confirmat
1433 5517 1593 5580 decretum
1608 5517 1744 5578 ministri
1759 5529 1885 5592 genera·

1197 5609 1235 5670 lis
1255 5608 1377 5671 Ordinis
1398 5605 1429 5669 S.
1453 5608 1605 5692 Francisci
1628 5609 1665 5671 dc
1685 5607 1884 5674 Obseruantia

1198 5701 1276 5764 circa
1290 5702 1523 5778 abrogationem
1537 5701 1821 5764 commissariorum
1832 5716 1884 5763 eu-

1198 5811 1401 5876 ropaeorum,
1433 5804 1464 5857 et
1494 5795 1609 5857 iudices
1640 5793 1884 5874 appellationum

1197 5906 1253 5969 pro
1274 5889 1442 5969 provinciis
1462 5886 1491 5950 S.
1511 5889 1641 5951 Antonii
1656 5895 1687 5949 et
1701 5887 1885 5966 Conceptio·

1198 5985 1246 6046 nis
1267 5984 1300 6044 B.
1324 5983 1364 6046 44.
1388 5983 1422 6046 V.
1448 5985 1480 6046 in
1502 5983 1637 6044 Brasilia.
1661 5981 1710 6045 54.
