4878 6982
136 587 202 644 An.
215 591 248 644 G.
269 588 337 642 1697

367 737 528 800 rogamus;
551 722 723 803 ceterisque
738 725 899 788 contrariis
914 726 1112 805 quibuscum·

367 831 438 892 que.

408 910 520 972 Datum
540 911 671 988 Romae,
704 911 783 990 apud
813 913 843 976 S.
871 912 996 976 Mariam
1023 914 1113 976 111313-

368 1019 436 1065 rem
457 1004 515 1068 sub
532 1004 649 1066 annulo
672 1005 842 1079 Piscatoris,
864 1005 912 1068 die
933 1015 1115 1085 13333133]-

368 1095 432 1158 bris
444 1115 624 1174 nocueris,
642 1100 838 1178 pontificatus
853 1101 951 1162 nostri
966 1117 1112 1162 333333.

684 1385 794 1447 XXIII.

371 1553 545 1646 Confirmet
578 1577 607 1631 et
639 1571 773 1632 1333331
807 1571 953 1647 plurimo
989 1569 1115 1630 decreto

410 1662 673 1741 Compreqotiomis
698 1663 835 1726 Coracilii
860 1678 957 1740 sopor·
979 1660 1114 1724 celebro-

410 1756 496 1816 tiome
517 1755 702 1826 missorum,
726 1754 794 1816 omo
816 1770 889 1816 com
911 1754 1044 1818 illorum
1066 1753 1116 1816 de·

408 1847 599 1918 clorotiomc,
616 1845 844 1924 approbatione
860 1855 890 1910 et
906 1847 1115 1910 innovatione

409 1941 548 2002 ciusdem
572 1938 836 2020 Corcprepota'omis
858 1941 914 2021 (1).

497 2123 750 2194 ΙΝΝΟΟΕΝῘΙυὸ
774 2124 992 2193 ΕΡ180οΡ118

560 2277 667 2327 seruus
689 2277 844 2327 serrorum
867 2260 929 2340 llei,

492 2395 528 2463 ad
551 2402 722 2480 perpetuam
746 2397 789 2462 rei
813 2397 996 2464 memoriam.

132 2603 354 2712 grssgffffc‘ssnceh'h
411 2601 430 2675 ἓ
453 2599 480 2662 1.
504 2597 612 2678 Nuper
637 2617 652 2658 a
681 2599 929 2676 congregatione
958 2598 1119 2660 venerabi-

132 2709 294 2774 auerornarc
308 2710 355 2754 ur·
372 2693 450 2756 lium
477 2692 610 2754 fratrum
637 2700 819 2754 nostrorum
840 2691 872 2754 S.
895 2692 931 2752 ll.
956 2691 990 2751 Ε.
1016 2691 1118 2753 Cardi-

132 2765 355 2870 ffinfflst·ss‚ssflss
373 2785 491 2848 nalium
503 2785 632 2848 Consilii
644 2785 819 2848 Tridentini
830 2786 1037 2864 interpretum
1049 2800 1118 2862 pro-

133 2872 174 2916 111
188 2881 242 2917 ¹¹¹·
261 2869 339 2915 ΒΜ
372 2879 498 2942 dierunt
525 2878 646 2940 decreta
667 2879 785 2940 tenoris
812 2877 1012 2956 intrascmpti,
1035 2877 1121 2940 vide-

371 2973 458 3036 licet:

411 3067 467 3128 «l.
491 3065 573 3127 hli'as
600 3079 693 3142 super
717 3063 924 3126 celebratione
954 3063 1119 3125 missarum

373 3177 407 3222 ao
425 3158 635 3238 prohibitione
661 3156 727 3218 illas
748 3155 927 3218 moderandi
951 3174 1007 3218 seu
1028 3155 1119 3218 redu·

372 3251 463 3314 cendi
477 3250 591 3329 absque
606 3249 691 3312 Sedis
702 3249 892 3327 Apostolicae
903 3249 1036 3325 lieentia,
1049 3267 1122 3312 nec·

373 3361 437 3406 non
464 3358 557 3420 super
586 3341 767 3404 earumdem
788 3343 937 3405 oneribus
965 3343 1122 3421 perpetuis

372 3437 584 3514 suscipiendis,
599 3443 631 3498 et
646 3435 863 3511 religiosorum
885 3451 1018 3498 numero
1041 3435 1120 3504 ultra

373 3529 511 3592 redditus
531 3537 562 3591 et
576 3535 736 3590 consuetas
757 3529 967 3607 eleemosynas
983 3527 1120 3590 locorum

373 3621 566 3699 regularium
596 3637 659 3682 non
687 3621 844 3695 habendo,
872 3629 1056 3684 emanarunt
1084 3621 1121 3682 ab

374 3718 429 3778 hac
450 3717 532 3777 sacra
554 3716 803 3792 congregatione
827 3715 856 3778 S.
870 3717 906 3777 Il.
921 3717 956 3776 E.
977 3716 1123 3780 Cardine-

374 3809 453 3870 lium
475 3809 604 3871 Concilii
619 3808 794 3870 Tridentini
814 3809 1036 3886 interpretum,
1052 3827 1122 3872 auc-

375 3905 497 3965 toritate
519 3919 574 3980 per
595 3901 692 3964 1311313
719 3902 938 3964 reeordationis
961 3903 1121 3966 Urbanum

374 3993 486 4073 Papam
502 3994 579 4056 lllll.
597 3993 642 4054 illi
656 3993 828 4071 specialiter
842 3995 999 4070 attribute,
1016 4011 1121 4074 quam-

374 4087 464 4166 plura
485 4087 606 4149 decreta
627 4085 744 4148 tenoris
765 4089 942 4164 sequentis:

156 4199 358 4246 3333333333
415 4179 536 4242 ›Gum
566 4195 656 4256 saepe
683 4179 844 4256 contingat
875 4180 908 4240 in
939 4181 1123 4258 quibusdam

136 4261 236 4301 ²⁰¹¹¹¹¹¹¹
375 4274 513 4337 ecclesiis
534 4280 597 4335 tam
617 4288 768 4350 magnum
778 4273 943 4336 missarum
966 4274 1123 4338 celebran-

375 4368 484 4430 darum
516 4381 686 4428 numerum
713 4383 752 4427 ex
780 4368 873 4428 uariis
904 4368 1123 4430 defunctorum

376 4461 489 4524 relictis
504 4468 557 4522 aut
572 4461 697 4537 piorum
716 4459 921 4538 eleemosynis
942 4463 1123 4540 impositum

375 4570 453 4628 esse,
466 4561 501 4616 ut
522 4553 583 4614 illis
604 4569 659 4632 pro
674 4553 806 4629 singulis
828 4553 935 4616 diebus
956 4555 1124 4632 praescrip·

375 4647 414 4710 tis
429 4653 586 4724 nequeant
599 4647 751 4721 satisfieri,
769 4655 799 4707 et
815 4653 919 4708 tamen
934 4664 1014 4708 noua
1030 4663 1124 4709 onera

377 4741 542 4801 missarum
556 4739 589 4799 in
605 4738 668 4800 dies
682 4739 906 4816 suscipientem
923 4741 1057 4818 indeque
1072 4741 1124 4801 1131

282 4841 283 4845 ’
376 4840 412 4894 ut
439 4833 605 4912 depereant
627 4831 694 4908 piae
722 4831 904 4892 testantium
936 4831 1123 4905 voluntates,

377 4924 521 4986 obstricta
542 4923 788 4986 benefactoribus
810 4923 885 4986 sides
906 4924 1053 4998 violetur,
1074 4925 1124 4986 de-

377 5015 557 5080 tunctorum
578 5017 698 5078 animae
711 5017 864 5092 suliragiis
880 5017 1054 5095 priventur,
1078 5034 1125 5079 eo-

378 5112 477 5174 elesiis
498 5111 620 5174 debitus
641 5111 841 5172 subtrahatur
861 5111 975 5184 cultus,
992 5127 1025 5172 ac
1045 5111 1125 5173 chri-

377 5205 535 5279 stifideles,
549 5204 635 5280 gravi
648 5202 789 5265 scandalo
811 5203 922 5277 allecti,
940 5203 1126 5281 plerumque

378 5314 394 5356 a
408 5297 561 5358 similibus
576 5296 733 5358 charitatis
748 5295 892 5373 operibus
907 5297 1124 5372 retrahantur3

378 5406 449 5451 cum
470 5389 517 5450 his
538 5389 627 5450 malis
654 5389 826 5450 maximum
849 5389 931 5449 inter
958 5397 1059 5451 cetera
1084 5389 1128 5449 lo-

378 5491 523 5544 mentum
544 5481 687 5561 praebeat
707 5489 760 5542 aut
781 5482 862 5558 quod
884 5481 916 5555 ii,
944 5481 997 5558 qui
1021 5482 1127 5542 missas

378 5591 469 5654 supra
481 5576 563 5636 31333
584 5573 779 5636 celebrandas
800 5574 984 5651 suscipiunt,
1000 5582 1126 5652 sperent

420 5774 593 5830 (1111313311.
613 5773 640 5818 13
663 5775 758 5818 secret.
780 5777 852 5818 Brev.
876 5777 904 5818 ln
924 5774 1069 5819 Innocentii
1083 5777 1123 5818 XI.

379 5844 460 5886 const
476 5841 513 5884 ed.
529 5851 703 5894 3333333333,
717 5841 759 5884 die
776 5845 789 5884 4
803 5841 876 5896 maii,
897 5841 986 5898 pontii.
1003 5851 1057 5895 xit,
1072 5840 1126 5897 agi-

381 5909 426 5953 tur
439 5908 470 5952 de
484 5907 573 5952 missis
594 5907 788 5960 defunctorum:
808 5911 834 5952 et
850 5909 876 5951 in
891 5907 971 5952 huius
991 5907 1124 5952 Pontillcis

379 5976 460 6020 33331.
476 5973 515 6020 ed.
531 5985 665 6031 mnoxcrx,
680 5973 762 6020 (11321
783 5974 884 6031 aprilis,
902 5974 992 6032 pontif.
1012 5975 1125 6030 v111.,de

999 609 1209 658 innocencius
1229 607 1288 656 xtt.

1839 598 1894 663 173
1946 603 2044 658 3130.
2066 605 2134 662 1697

1167 726 1234 788 11133
1254 726 1341 788 breui
1362 725 1397 788 ad
1419 728 1596 806 pauciorem
1611 746 1781 793 numerum
1795 747 1811 791 a
1826 749 1914 812 supe-

1169 818 1301 882 rloribus
1326 819 1491 882 reductum
1512 823 1567 898 iri,
1591 833 1644 886 aut
1666 825 1746 902 quod
1767 825 1913 901 ecclesiis,

1168 919 1251 974 sorte
1283 912 1485 989 pecuniarum
1518 915 1700 994 absumpta,
1728 916 1916 995 plerumque

1169 1004 1251 1064 nuda
1282 1012 1464 1066 remaneant
1489 1020 1583 1066 onera
1610 1009 1775 1070 nilssarum
1802 1009 1915 1087 absque

1170 1095 1232 1158 ullo
1244 1097 1470 1172 emolumento,
1487 1109 1540 1161 aut
1554 1102 1636 1177 quod
1651 1101 1846 1180 eleemosyna
1861 1118 1916 1181 pro

1169 1188 1230 1250 illis
1252 1189 1442 1254 celebrandis
1463 1193 1502 1253 sit
1524 1193 1598 1255 adeo
1620 1195 1723 1256 tenuis
1740 1201 1775 1256 ut
1797 1195 1916 1256 33313-

1169 1281 1227 1344 3113
1247 1282 1450 1346 inveniantur
1470 1284 1525 1362 qui
1540 1284 1637 1348 velint
1659 1287 1730 1349 huic
1743 1304 1777 1350 se
1792 1288 1917 1350 muneri

1169 1374 1338 1449 subiicere,
1361 1383 1392 1437 31
1414 1376 1550 1440 redditus
1572 1379 1715 1441 ecclesiae
1736 1387 1789 1442 aut
1811 1397 1916 1442 mona-

1169 1467 1256 1544 sterii
1277 1469 1351 1529 adeo
1374 1469 1480 1545 exigui
1495 1480 1529 1532 ut
1544 1473 1681 1534 sacerdos
1703 1487 1759 1550 pro
1780 1489 1917 1536 necessa—

1171 1560 1215 1620 rie
1236 1561 1289 1621 sual
1306 1564 1531 1624 sustentatione
1553 1563 1642 1626 novis
1656 1581 1690 1626 se
1704 1568 1850 1628 oneribus
1865 1567 1918 1628 ob·

1169 1652 1325 1728 stringere
1356 1655 1573 1733 compellatur:
1604 1673 1686 1719 sacra
1711 1659 1917 1736 congregatio

1171 1745 1381 1808 Cardinalium
1408 1747 1537 1810 Concilii
1566 1749 1739 1812 Tridentini
1766 1753 1917 1830 interpre-

1172 1845 1251 1912 tum,
1273 1839 1535 1916 animadvertens,
1559 1841 1708 1904 lecturam
1726 1860 1758 1905 se
1774 1861 1841 1906 rem
1856 1846 1918 1906 Deo

1171 1931 1394 2007 gratissimam,
1417 1932 1618 2012 charitatique
1640 1952 1673 1998 ac
1701 1937 1834 1998 iustitiae
1855 1954 1920 1998 ma·

1171 2023 1257 2084 sime
1277 2031 1526 2100 consentaneam,
1543 2027 1567 2088 si
1583 2043 1639 2104 pro
1661 2027 1783 2090 viribus
1803 2035 1919 2106 satagat

1172 2116 1255 2178 bunc
1276 2119 1476 2179 teterrimum
1496 2120 1627 2182 abusum
1649 2137 1666 2182 e
1683 2121 1850 2183 christiana
1870 2138 1918 2183 re-

1171 2209 1292 2287 publica
1306 2211 1484 2286 convellere
1499 2219 1592 2292 atque
1606 2215 1770 2290 eradicare,
1787 2217 1918 2278 auctori·

1173 2309 1234 2364 1313
1243 2304 1428 2365 sanctissimi
1441 2303 1558 2366 domini
1574 2308 1672 2368 nostri
1685 2307 1799 2370 Urbani
1814 2309 1919 2371 divina

1103 2395 1104 2398 ’
1171 2395 1366 2471 prouidentia
1387 2396 1484 2474 Papae
1506 2397 1583 2460 lllll.
1608 2399 1666 2461 sibi
1682 2401 1855 2477 specialiter
1875 2409 1918 2464 at-

1171 2489 1297 2563 tributal,
1321 2487 1513 2568 inlrascm‘pta
1535 2491 1655 2554 decreta
1677 2493 1786 2556 edidit:

1213 2597 1235 2640 r.
1258 2584 1301 2644 hc
1322 2582 1423 2659 primo
1444 2584 1581 2646 districte
1597 2585 1739 2664 prohibet
1759 2595 1851 2664 atque
1873 2588 1919 2649 in·
1978 2613 2056 2656 memo
2076 2609 2150 2656 raau-

1172 2675 1294 2736 terdicit
1316 2691 1355 2736 ne
1377 2675 1517 2754 Episcopi
1539 2678 1571 2739 in
1593 2668 2073 2764 (11333333313333313,ξξξξυῖ,’,ἷθΡῧι
2091 2665 2152 2709 ⁹¹¹⁵·

1173 2775 1226 2829 aut
1248 2769 1407 2842 generales
1429 2769 1462 2828 in
1484 2771 1625 2848 capitulis
1643 2773 1852 2850 generalibus
1869 2775 1920 2836 vel

1174 2859 1245 2920 alias
1256 2861 1484 2938 quoquomodo,
1498 2865 1648 2926 reducant
1662 2881 1756 2926 onera
1772 2866 1834 2926 ulla
1848 2867 1922 2928 mis-

1172 2969 1278 3016 sarum
1299 2954 1566 3030 celebrandarum,
1582 2963 1634 3018 aut
1648 2966 1716 3034 post
1738 2957 1821 3020 idem
1842 2959 1921 3020 Con-

1174 3045 1283 3108 cilium
1305 3047 1458 3124 imposita,
1474 3056 1527 3110 aut
1542 3050 1575 3110 in
1591 3049 1700 3111 limine
1721 3049 1920 3126 fundationis,
1973 3111 1979 3122 ,

1174 3139 1227 3200 sed
1249 3155 1304 3218 pro
1324 3139 1372 3201 bis
1387 3141 1532 3204 omnibus
1554 3143 1737 3204 reducendis
1753 3143 1923 3205 331313113-

1175 3231 1278 3294 randis
1309 3233 1360 3294 vel
1391 3236 1618 3297 commutandis
1649 3235 1686 3296 ad
1717 3236 1922 3316 Apostolicam

1175 3323 1288 3386 Sedem
1308 3335 1499 3402 recurratur,
1517 3344 1605 3405 quae,
1621 3345 1655 3390 re
1676 3329 1842 3406 diligenter
1856 3346 1924 3407 per·
1950 3364 1952 3366 -

1175 3419 1288 3496 specta,
1311 3419 1342 3480 io
1362 3425 1477 3482 statuet
1498 3423 1579 3498 quod
1611 3423 1710 3498 magis
1731 3423 1764 3482 in
1794 3423 1923 3484 homino

1176 3512 1320 3588 expedire
1335 3511 1545 3590 arbitrabitun
1562 3514 1700 3592 alioquin
1716 3515 1921 3590 reductiones,

1176 3605 1420 3680 moderationes,
1450 3608 1710 3669 commutationes
1730 3608 1922 3684 huiusmodi,

1175 3697 1201 3758 si
1222 3714 1295 3776 quas
1317 3707 1423 3760 contra
1439 3699 1531 3761 huius
1552 3701 1770 3777 prohibitionis
1791 3702 1924 3764 formam

1176 3791 1244 3854 lieri
1264 3793 1443 3869 contigerit,
1472 3793 1601 3854 omnino
1622 3794 1725 3857 nullas
1746 3803 1838 3875 atque
1859 3797 1923 3856 ina-

1177 3901 1231 3946 nes
1252 3885 1400 3948 decernit.

1217 3997 1250 4042 u.
1275 3981 1402 4054 Deinde,
1419 3980 1471 4042 ubi
1487 3996 1542 4058 pro
1557 3981 1698 4058 pluribus
1713 3983 1814 4044 missis
1829 3983 1923 4046 etiam
2016 4019 2064 4062 rot
2086 4015 2154 4062 cara-

1176 4075 1316 4136 eiusdem
1346 4075 1502 4152 qualitatis
1530 4075 1721 4138 celebrandis
1751 4077 1921 4156 stipendia,
1942 4065 2156 4178 gfigltlgrffig

1177 4176 1465 4246 quantumcumque
1487 4168 1658 4244 incongrua
1674 4176 1704 4230 31
1718 4170 1841 4246 exigua,
1858 4171 1922 4232 sive
1942 4175 2041 4221 huntur
2055 4186 2099 4230 nro
2112 4175 2155 4220 de·

1176 4263 1214 4324 ab
1228 4279 1292 4324 uno
1307 4263 1373 4324 3133
1387 4279 1403 4321 3
1417 4261 1558 4340 pluribus
1579 4265 1717 4341 personis
1733 4263 1841 4325 collata
1858 4261 1923 4325 lue·
1943 4228 1969 4274 ω
1984 4228 2153 4286 eleemosyna.

1178 4365 1253 4419 runt
1268 4363 1320 4417 aut
1335 4355 1534 4418 conterentur
1550 4357 1582 4417 in
1599 4357 1743 4418 futurum
1761 4357 1924 4424 sacerdoti-

1177 4447 1246 4524 1133,
1264 4448 1408 4523 ecclesiis,
1431 4449 1584 4526 capitulis,
1603 4447 1752 4523 collegiis,
1768 4448 1925 4526 hospitali-

1179 4545 1246 4620 1133,
1262 4543 1469 4617 societatibus
1483 4541 1689 4618 monasteriis,
1705 4543 1923 4620 conuentibus

1179 4637 1480 4714 congregationibus,
1494 4635 1637 4697 docilibus
1651 4653 1685 4698 ac
1700 4636 1773 4698 locis
1788 4636 1845 4714 piis
1856 4637 1925 4714 qui-

1178 4733 1381 4810 buscumque,
1400 4739 1461 4792 tam
1472 4731 1679 4793 saecularibus
1696 4747 1789 4810 quam
1804 4730 1926 4808 regula·

1179 4825 1275 4900 ribus,
1287 4842 1370 4887 sacra
1382 4825 1655 4901 Congregatiosub
1666 4825 1870 4886 obtestatione
1882 4824 1926 4885 di-

1179 4919 1245 4982 3131
1261 4920 1365 4982 iudicii
1379 4920 1504 4980 mandat
1519 4927 1549 4980 et
1564 4919 1721 4998 praecipit,
1738 4927 1772 4980 ut
1787 4918 1926 4980 absolute
1965 4977 1968 4983 ,
1984 4989 1988 4998 .

1180 5021 1225 5075 tot
1250 5015 1360 5075 missae
1382 5013 1594 5087 celebrentur,
1618 5019 1693 5090 quot
1714 5013 1749 5075 ad
1772 5012 1926 5073 rationem

1179 5107 1345 5168 attributae
1356 5106 1570 5183 eleemosynae
1582 5107 1785 5184 praescriptae
1796 5106 1924 5181 luerint,

1181 5202 1257 5262 itaut
1272 5200 1408 5278 alioquin
1421 5200 1453 5273 ii,
1467 5201 1503 5261 ad
1514 5215 1589 5277 quos
1605 5201 1753 5277 pertinet,
1766 5215 1839 5260 suae
1850 5199 1927 5262 obli-

1181 5295 1296 5370 gationi
1318 5309 1381 5354 non
1403 5292 1606 5368 satisfaciant,
1625 5293 1768 5370 quinimo
1790 5294 1927 5370 graviter

1180 5394 1318 5466 peccent,
1342 5393 1372 5448 31
1394 5385 1430 5446 ad
1452 5386 1683 5447 restitutionem
1707 5395 1865 5448 cenentur.

1220 5497 1268 5541 nr.
1292 5481 1323 5542 ld
1346 5495 1420 5541 vero
1444 5486 1479 5540 ut
1501 5479 1613 5542 deinde
1638 5481 1820 5543 observetur
1841 5497 1928 5545 exeo·
1960 5487 2170 5570 pquggiaomj

1180 5573 1254 5647 tius,
1276 5589 1360 5634 sacra
1381 5572 1589 5648 Congregatto
1610 5572 1718 5635 eadem
1746 5576 1928 5639 auctoritate
1946 5569 2156 5614 ¹¹¹³f³l⁰⁰³¹¹l¹¹t

1180 5773 1268 5820 missis
1282 5775 1465 5832 parochorum.
1481 5774 1538 5819 Etsi
1553 5773 1620 5820 istae
1634 5779 1715 5820 const.
1730 5775 1880 5833 pertineant
1894 5778 1926 5822 ed

1179 5851 1345 5885 communem
1367 5841 1542 5898 disciplinam,
1558 5844 1646 5887 tannen
1666 5854 1726 5888 oum
1741 5855 1771 5887 33
1786 5844 1817 5887 de
1832 5844 1927 5900 quibus

1180 5906 1321 5962 disponunt
1336 5907 1498 5952 observanda
1513 5907 1566 5952 sint
1582 5909 1663 5953 etiarn
1678 5910 1705 5953 in
1721 5909 1891 5955 missionibus
1901 5915 1927 5956 31

1180 5975 1404 6022 333333331333131
1419 5975 1538 6033 debeant,
1554 5987 1598 6022 eas
1612 5977 1758 6022 referimus.
