4866 6980
983 569 1192 616 fudocltn'rlus
1214 572 1257 616 Xl.

347 696 486 757 caverint
508 694 637 766 Summo
668 695 819 778 Pontifici,
842 711 873 766 at
901 701 976 758 tunc
997 695 1089 758 etiam

346 809 408 856 non
429 795 544 872 statim,
557 799 608 860 sed
631 807 792 876 expectare
812 799 894 877 quod
914 797 967 858 diu
989 791 1091 872 pulse-

347 899 409 966 tur;
432 890 553 964 nam,si
575 893 786 969 perdurabunt
807 891 953 954 miracula
969 899 1000 952 et
1020 907 1091 970 sup-

347 983 526 1064 plicantium
549 985 724 1061 instantiae,
748 993 815 1047 turn
844 985 991 1048 Summus
1013 985 1091 1046 Pon-

347 1077 440 1154 tifex,
469 1079 494 1140 si
517 1080 545 1141 ei
570 1080 743 1156 ridebitur,
773 1081 940 1142 committit
971 1097 1089 1142 causam

347 1188 448 1234 sacrae
470 1173 728 1251 congregationi:
752 1173 832 1250 ideo,
848 1175 873 1236 si
896 1175 936 1236 ita
959 1174 1091 1238 Sanctis-

346 1265 424 1326 simo
450 1265 553 1329 risum
581 1265 692 1341 fuerit,
720 1269 840 1335 censuit
873 1267 980 1330 eadem
1007 1286 1089 1331 sacra

347 1360 554 1436 congregatio
584 1360 834 1423 commissionem
865 1378 929 1424 non
960 1379 1026 1425 esse
1050 1362 1090 1424 si-

347 1453 501 1530 gnandam
523 1453 582 1516 nisi
604 1462 672 1534 post
693 1455 830 1534 elapsum
846 1464 969 1535 tempus
985 1457 1089 1518 decern

347 1563 538 1610 annoruma
570 1549 619 1610 die
645 1549 900 1629 praesentationis
931 1565 1090 1629 processus

347 1641 527 1703 auctoritate
542 1642 696 1704 ordinarit
710 1643 859 1717 fabricati,
876 1650 906 1704 et
920 1659 991 1706 eum
1006 1660 1090 1723 prae-

346 1733 466 1796 cedenti
489 1735 626 1812 rigorosa
647 1737 835 1799 discussione
862 1737 1000 1800 eiusdem
1021 1753 1090 1817 pro-

347 1829 1090 1910 cessuscumscripturaecsummarioetinsuper

347 1922 458 1984 habitis
480 1929 547 2001 post
568 1923 757 1985 decennium
778 1941 794 1984 a
816 1925 863 1986 die
884 1923 1090 1986 fabricationis

347 2016 429 2078 illius
451 2017 540 2078 novis
562 2017 679 2097 litteris
696 2018 918 2096 Episcoporurn
933 2018 1091 2096 circaper·

345 2109 584 2172 crebescentiam
605 2109 704 2172 famae
724 2111 892 2173 sanctitatis
913 2119 944 2174 et
959 2111 1089 2173 miracu-

346 2202 449 2264 lorum
470 2219 503 2265 ac
526 2203 697 2265 devotionis
718 2204 823 2282 populi
839 2203 930 2266 enixe
944 2221 1000 2284 pro
1020 2205 1091 2268 bea-

346 2295 513 2358 tificatione
536 2303 565 2357 et
594 2297 828 2359 canonizatione
849 2298 1005 2374 instantis,
1029 2299 1087 2361 nisi

345 2395 451 2450 tamen
474 2389 506 2450 in
529 2389 629 2469 aliqua
650 2392 736 2452 causa
753 2409 791 2453 eu
811 2392 1017 2468 peculiaribus
1032 2393 1090 2454 cir-

345 2483 541 2544 cumstantiis
551 2500 634 2546 sacra
649 2485 853 2561 Gangregado
866 2485 1089 2547 existimaverit

344 2575 502 2655 anticipari
524 2577 611 2656 posse
632 2585 755 2655 tempus
770 2579 802 2640 in
818 2579 1006 2642 discussione
1020 2595 1089 2658 pro·

343 2687 486 2735 cessunm
501 2671 681 2733 auctoritate
695 2672 849 2734 ordinaria
865 2672 1087 2746 coniectorum,

344 2769 375 2825 et
398 2764 614 2828 Sanctissimus
635 2765 693 2828 hoc
713 2765 938 2843 approbaverit.
992 2817 998 2828 .

133 2867 324 2913 oceanusque
383 2873 452 2918 rur.
467 2857 500 2919 ln
516 2859 614 2920 causis
628 2873 791 2920 servorum
802 2859 868 2931 llei,
882 2865 953 2919 ante
967 2859 1087 2920 decreta

123 2920 216 2964 decreta
243 2921 274 2964 llr

120 2973 145 3016 ni
167 2975 222 3018 t'lll-

114 3025 200 3072 ductis.

246 2919 324 3019 ald?
343 2950 439 3012 letters
460 2951 678 3013 recordationis
699 2951 814 3013 uiuant
838 2949 915 3012 virt.
933 2951 1089 3013 introduc-

344 3045 392 3118 tis,
416 3059 479 3106 non
500 3045 667 3120 signentur
688 3044 917 3106 commissiones
938 3061 1089 3106 reassum-

342 3137 471 3216 ptionis,
489 3137 548 3199 nisi
563 3138 648 3216 prius
662 3154 718 3217 per
737 3153 853 3200 sacram
869 3137 1087 3214 congregatio-

341 3245 414 3291 nem
426 3233 609 3294 examinatis
620 3231 822 3311 processibus,
833 3240 895 3293 tam
907 3233 1088 3294 auctoritate

341 3325 496 3388 ordinarit
517 3325 674 3401 conlectis,
698 3341 790 3404 quam
815 3325 997 3387 anctoritate
1018 3341 1087 3404 apo·

339 3421 456 3494 stolica,
479 3426 632 3498 quatenus
652 3419 762 3480 adsint.

129 3521 323 3568 caesaraeum·
381 3529 424 3574 ru.
455 3514 533 3575 Cum
559 3511 592 3574 in
614 3511 738 3573 decreto
765 3511 960 3590 approbator
990 3511 1087 3575 felicis

104 3574 213 3620 cialibus
232 3575 321 3621 testifi-

103 3629 322 3675 cauonccusana.
341 3605 559 3668 recordationis
579 3606 701 3668 Urbano
730 3603 809 3668 lllll.
832 3607 881 3668 die
902 3595 960 3666 xn'.
984 3608 1086 3668 martii

103 3682 322 3739 mitittelqllirell·

102 3733 145 3780 dis.

341 3715 512 3771 unctura,
535 3700 683 3777 impresso
706 3699 737 3760 in
759 3698 863 3760 libello
883 3715 951 3777 pag.
975 3699 1025 3774 57,
1041 3717 1086 3760 sa-

340 3809 388 3854 cra
411 3793 618 3872 congregatio
645 3791 846 3870 (cognoscens
871 3794 951 3870 quod
974 3793 1006 3854 in
1030 3794 1085 3854 hac

340 3903 384 3961 re,
408 3894 516 3966 utpote
537 3885 727 3963 gravissima,
749 3885 809 3948 rite
829 3893 995 3964 sancteque
1016 3902 1085 3964 pro-

339 3980 510 4042 cedendum
526 3977 585 4059 est)
606 3979 958 4058 prohibueritomnibus
979 3987 1009 4041 et
1023 3981 1085 4045 sin-

340 4075 419 4152 gulis
440 4075 580 4154 personis
603 4071 813 4134 ecclesiasticis
840 4081 903 4134 tam
924 4073 1084 4136 saeculari-

338 4169 395 4230 bus
415 4183 509 4246 quam
530 4166 735 4243 regularibus,
748 4167 947 4246 quantumvis
961 4167 1083 4246 speciali

338 4261 410 4324 nott
431 4261 544 4338 dignis,
556 4277 597 4324 ne
610 4260 742 4326 audeant
757 4275 859 4340 perse
874 4261 924 4323 rel
940 4277 994 4340 per
1009 4261 1083 4322 alios

337 4371 444 4434 capere
467 4354 702 4418 informationes
729 4371 823 4434 super
848 4357 1010 4419 sanctitate
1031 4363 1083 4417 aut

338 4449 493 4512 miraculis
520 4448 666 4524 alicuius,
690 4463 748 4512 nec
768 4449 833 4511 ullo
860 4449 950 4512 modo
975 4451 1081 4528 exqui-

339 4559 405 4604 rere
420 4551 472 4604 aut
483 4542 624 4604 obtinere
637 4543 672 4604 ad
688 4543 773 4605 hunc
788 4543 933 4605 effectum
949 4545 1082 4606 extraiu-

1144 693 1263 758 ferendi
1278 695 1378 759 eidem
1392 695 1574 774 promoturi,
1591 663 1698 758 debeat
1711 689 1890 755 huiusmodi

1145 809 1260 856 munus
1281 793 1520 870 diligentissime
1540 813 1573 858 ac
1593 794 1765 859 cumomni
1786 795 1890 871 rigore

1145 887 1322 967 adimplere,
1339 905 1373 950 ac
1386 889 1565 962 summaria,
1582 906 1660 969 quae
1674 890 1775 952 solent
1790 905 1805 948 a
1820 903 1890 968 pro-

1145 981 1337 1044 curatoribus
1359 982 1438 1057 fieri,
1462 989 1624 1061 antequam
1646 983 1726 1062 typis
1740 983 1889 1045 manden-

1146 1081 1206 1149 tur,
1219 1073 1356 1138 conferat
1370 1091 1442 1138 cum
1456 1077 1658 1154 processibus,
1671 1077 1831 1139 subsecuta
1847 1082 1889 1136 at·

1145 1170 1307 1232 testatione
1328 1169 1409 1247 quod
1432 1169 1550 1232 luerint
1577 1185 1632 1247 per
1653 1171 1755 1248 ipsum
1776 1170 1888 1243 revisa,

1143 1271 1175 1326 et
1198 1262 1229 1323 in
1251 1261 1389 1342 quolibet
1403 1263 1477 1326 folio
1493 1279 1524 1326 se
1540 1263 1719 1341 subscribat,
1736 1264 1888 1327 eamdem-

1144 1374 1205 1436 que
1226 1359 1419 1436 diligentiam
1431 1357 1608 1422 conferendi
1628 1373 1699 1421 cnm
1721 1359 1887 1436 exemplari

1146 1454 1353 1532 manuscripto
1365 1454 1477 1516 iterum
1494 1453 1582 1517 faciat
1596 1463 1756 1534 postquam
1771 1455 1889 1518 fuerint

1146 1549 1387 1626 impresseram
1402 1547 1509 1611 iterata
1523 1547 1749 1628 subscriptione
1763 1549 1796 1612 in
1812 1550 1887 1624 dne,

1144 1658 1237 1718 quarn
1264 1642 1470 1720 subsequatur
1493 1643 1677 1721 subscriptio
1698 1651 1729 1705 et
1748 1643 1887 1719 sigillum

1144 1735 1317 1812 secretarii3
1341 1751 1398 1797 nec
1419 1743 1490 1798 ante
1511 1737 1678 1815 praedictas
1693 1736 1888 1815 subscriptio-

1145 1844 1199 1888 nes
1221 1829 1337 1905 possint
1359 1835 1420 1891 tam
1442 1831 1609 1892 summaria
1629 1846 1720 1908 quarn
1743 1829 1890 1892 informa·

1146 1922 1245 1984 tiones
1276 1922 1441 1999 publicari,
1472 1923 1529 1985 sub
1558 1924 1745 2000 gravissimis
1770 1925 1887 2002 poenis,

1145 2023 1207 2077 tam
1229 2015 1326 2094 quoad
1349 2017 1562 2094 postulatores,
1576 2034 1668 2097 quarn
1682 2019 1775 2080 etiam
1790 2017 1887 2096 quoad

1145 2110 1373 2188 impressorem,
1386 2109 1512 2171 arbitrio
1522 2127 1622 2173 sacrae
1633 2111 1889 2188 congregationis

1144 2219 1197 2265 seu
1225 2202 1464 2265 eminentissimi
1485 2203 1656 2267 cardinalis
1677 2205 1820 2283 praefecti
1842 2207 1889 2266 in·

1145 2297 1297 2373 iligendis.
1321 2296 1466 2374 idemque
1488 2297 1703 2376 subpromotor
1724 2297 1889 2376 (quatenus

1145 2389 1207 2468 ipse
1229 2389 1372 2451 dominus
1393 2397 1564 2468 promotor,
1581 2407 1619 2451 ex
1640 2390 1782 2468 diligenti
1798 2399 1828 2454 et
1843 2408 1888 2454 ac-

1144 2483 1246 2544 curata
1267 2483 1421 2546 acrisione
1449 2499 1649 2562 processuum
1677 2499 1769 2562 quam
1791 2484 1889 2547 facere

1144 2575 1231 2650 solet,
1255 2578 1462 2639 necessarium
1483 2578 1533 2638 vel
1562 2586 1773 2656 opportunum
1794 2577 1888 2641 duse-

1143 2668 1196 2746 rit)
1211 2677 1354 2731 teneatur
1369 2670 1450 2731 alind
1466 2672 1671 2734 summarium
1686 2671 1888 2734 obiectionale

1143 2761 1178 2822 ad
1191 2763 1473 2841 comprobationem
1482 2766 1710 2844 oppositionum
1722 2768 1885 2841 conticere,

1143 2854 1224 2933 quod
1244 2871 1326 2916 sacra
1344 2857 1546 2932 congregatio
1557 2856 1728 2934 plurimum
1742 2860 1887 2936 expedire

1143 2947 1300 3024 cognoscit
1314 2947 1349 3008 ad
1365 2949 1422 3009 lroc
1437 2955 1471 3010 ut
1493 2949 1606 3010 veritas
1616 2950 1713 3026 magis
1724 2950 1884 3012 elucescat.

1144 3041 1182 3102 Et
1203 3055 1258 3119 pro
1277 3041 1415 3120 quolibet
1429 3057 1571 3120 processu
1587 3041 1747 3104 abeodem
1761 3043 1887 3122 subpro-

1143 3143 1263 3198 motore
1293 3137 1516 3211 examinando,
1547 3137 1578 3198 in
1607 3137 1746 3216 quolibet
1777 3139 1885 3216 dubio,

1142 3230 1335 3308 persolvatur
1345 3229 1374 3292 ei
1388 3229 1576 3308 stipendium
1589 3231 1694 3295 decem
1706 3232 1885 3296 ducatorum

1142 3325 1208 3386 auri
1231 3325 1451 3402 praescriptum
1479 3327 1510 3387 in
1533 3325 1663 3388 decretis
1692 3328 1887 3406 generalibus
1978 3386 1979 3390 ,

1142 3433 1209 3495 pag.
1227 3417 1277 3492 62,
1290 3433 1360 3480 cum
1375 3417 1581 3482 declaratione
1596 3428 1699 3482 tamen
1715 3425 1808 3500 quod,
1824 3439 1887 3484 res-

1141 3519 1231 3591 pectu
1253 3529 1451 3591 processuum
1473 3515 1655 3577 auctoritate
1675 3517 1835 3595 apostolici
1853 3519 1884 3580 in

1141 3607 1240 3684 specie
1268 3605 1321 3683 qui
1349 3605 1463 3684 pluries
1489 3604 1525 3666 ad
1553 3607 1709 3670 diversum
1741 3611 1885 3672 ellectum

1141 3699 1312 3761 examinari
1334 3699 1456 3775 debent,
1480 3702 1598 3762 dictum
1624 3702 1810 3779 stipendium
1834 3703 1884 3767 de-

1141 3791 1250 3854 beatur
1280 3809 1335 3871 pro
1356 3793 1455 3855 tribus
1481 3793 1582 3855 dubiis
1615 3803 1746 3870 tantum,
1774 3811 1885 3876 nempe

1140 3885 1240 3964 primd
1255 3887 1322 3948 viee
1336 3887 1458 3965 quando
1480 3887 1654 3966 disputatur
1674 3887 1823 3964 validitas,
1838 3907 1884 3952 se-

1141 3980 1240 4043 cunda
1261 3981 1328 4044 vice
1342 3982 1463 4060 quando
1479 3983 1652 4060 disputatur
1666 3985 1702 4046 de
1718 3983 1885 4046 virtutibus

1140 4089 1194 4136 seu
1209 4075 1247 4136 de
1262 4077 1410 4153 martyrio
1425 4084 1456 4137 et
1471 4077 1558 4138 causa
1579 4077 1732 4155 martyrii,
1750 4083 1781 4138 et
1796 4079 1884 4152 tertia

1140 4168 1206 4229 rice
1221 4169 1343 4246 quando
1355 4169 1529 4246 disputatur
1543 4169 1579 4229 de
1594 4170 1761 4244 miraculis,
1778 4187 1883 4248 quam·

1139 4261 1186 4322 vis
1214 4262 1439 4340 disputationes
1461 4261 1589 4324 alicuius
1611 4279 1648 4324 ex
1670 4263 1758 4326 dictis
1784 4264 1883 4326 dubiis

1139 4353 1254 4432 pluries
1275 4355 1415 4417 reiterari
1436 4355 1607 4432 contingat,
1623 4371 1677 4419 seu
1700 4357 1807 4419 eadem
1829 4359 1882 4420 du-

1138 4447 1186 4508 bia
1206 4445 1237 4509 in
1253 4448 1388 4510 diversas
1403 4449 1609 4526 inspectiones
1624 4465 1678 4527 pro
1693 4449 1819 4512 faciliori
1836 4467 1884 4512 re-

1138 4540 1293 4604 solutione
1313 4542 1502 4605 dividantur.

1830 548 1867 610 21
1920 545 1974 598 An.
1988 545 2019 598 Ο.
2040 545 2109 598 1678

337 4634 458 4696 diciales
485 4633 716 4696 testificationes
743 4641 795 4697 aut
821 4633 1081 4713 subscriptiones
1179 4651 1222 4695 ru.
1246 4636 1285 4696 Et
1306 4636 1376 4714 quia
1391 4637 1538 4698 materiae
1550 4639 1682 4714 gravitas
1697 4638 1832 4716 exposcit
1848 4647 1882 4701 ut
1902 4648 2016 4744 racor¹t³3u
2020 4655 2114 4745 Suffi-

335 4729 392 4791 sub
413 4729 519 4807 poenis
535 4729 661 4790 arbitrio
682 4729 778 4808 ipsius
792 4745 893 4791 sacrae
909 4729 1082 4806 Congrega·
1137 4735 1342 4806 pertractetur
1363 4737 1394 4791 et
1415 4729 1566 4806 dirigatur
1580 4747 1595 4790 a
1611 4731 1686 4792 viris
1700 4739 1791 4793 notae
1812 4747 1880 4810 pro·
1902 4755 1973 4797 rarat
1987 4724 2114 4809 attgenurs'

338 4821 428 4883 tionis
452 4821 644 4898 inlligendis;
668 4821 743 4883 illud
758 4823 972 4884 confirmando
994 4823 1082 4885 iussit
1138 4821 1252 4894 bitatis,
1275 4823 1484 4899 experientiae
1498 4831 1528 4884 et
1540 4824 1678 4901 peritiae,
1702 4827 1823 4888 censuit
1837 4843 1883 4886 sa·
1901 4815 1935 4902 fil,
1952 4805 2113 4922 ffiiffiffissssl

336 4915 417 4992 quod
438 4915 616 4976 huiusmodi
643 4915 887 4978 extraiudieiales
916 4917 1081 4978 attestatio-

337 5025 391 5070 nes
413 5025 476 5070 non
503 5007 605 5070 solum
634 5009 753 5086 exquiri
775 5018 828 5071 aut
856 5011 989 5072 obtineri
1017 5027 1081 5072 non

338 5101 469 5176 valeant,
491 5101 543 5164 sed
566 5117 671 5162 rursus
699 5102 779 5179 quod
802 5103 952 5166 hactenus
973 5105 1081 5166 obten-

338 5203 394 5270 tae,
417 5194 537 5256 sivein
559 5192 702 5255 futurum
731 5195 927 5271 obtinendae,
954 5213 1017 5258 non
1040 5197 1082 5258 fa·

336 5287 417 5349 ciant
438 5287 573 5366 aliquem
595 5286 724 5364 gradum
746 5287 946 5366 probationis,
963 5307 1020 5352 nec
1034 5290 1082 5352 in-

336 5381 396 5442 seri
417 5381 534 5459 possint
559 5381 591 5442 in
619 5381 810 5459 processibus
840 5387 903 5443 tam
929 5383 1081 5444 ordinaria

336 5490 430 5552 quam
450 5473 610 5552 apostolica
631 5475 812 5536 auctoritate
834 5475 1024 5538 fabricandis.

115 5575 317 5622 oaoncriouser
377 5585 408 5628 x.
432 5566 654 5646 Subpromotor
676 5567 745 5630 fidei
767 5585 782 5627 a
801 5569 973 5630 reverendo
995 5577 1080 5648 patre

105 5630 230 5684 stipiendio
254 5629 319 5676 sub-

104 5683 257 5734 ,Jmmororg
288 5681 318 5728 n·
337 5667 513 5738 promotore
538 5659 718 5738 deputatus,
752 5660 802 5723 cui
823 5675 901 5721 onus
928 5661 1080 5722 incumbit

104 5736 148 5784 dei.

336 5753 436 5832 primo
456 5752 524 5814 loco
538 5753 688 5831 spoliandi
703 5762 733 5816 et
749 5754 946 5816 examinandi
961 5769 1079 5831 proces-

335 5862 387 5908 sus
407 5844 458 5926 (ex
480 5845 592 5924 quibus
619 5848 733 5924 pendet
759 5847 1023 5909 beatificationum
1049 5856 1079 5910 et

336 5939 606 6002 canonizationum
619 5937 803 6019 substantia)
823 5940 859 6002 ad
875 5939 1019 6002 effectum
1033 5953 1081 6000 re-

1137 4931 1185 4975 cra
1199 4915 1415 4990 congregatio,
1432 4918 1512 4994 quod
1528 4918 1564 4979 ad
1575 4918 1802 4980 conficiendum
1819 4926 1880 4980 tarn
1901 4911 1993 4959 ⁸2⁰¹¹⁰l

1137 5006 1371 5069 informationes
1393 5009 1425 5069 in
1448 5009 1525 5071 iacto
1539 5025 1632 5087 quam
1652 5011 1830 5086 summaria,
1848 5012 1881 5073 in

1137 5101 1247 5178 quibus
1259 5101 1417 5179 potissime
1428 5103 1567 5165 consistit
1578 5120 1739 5166 causarum
1749 5103 1879 5182 pondus,

1136 5201 1333 5256 assumantur
1353 5195 1454 5256 solum
1469 5205 1683 5274 procuratores
1700 5197 1820 5273 collegii
1836 5213 1880 5258 sa-

1136 5288 1180 5350 cri
1201 5287 1305 5366 palatii
1326 5289 1500 5366 apostolici,
1523 5289 1687 5352 tribuendo
1715 5291 1882 5368 postulato-

1136 5381 1220 5442 ribus
1251 5381 1426 5444 libertatern
1457 5384 1593 5460 eligendi
1617 5401 1657 5444 ex
1685 5383 1766 5445 dicto
1790 5391 1881 5446 coetu

1136 5491 1228 5552 quem
1250 5475 1421 5552 voluerint,
1444 5475 1612 5538 dummodo
1632 5477 1762 5555 quilibet
1784 5493 1821 5538 ex
1837 5477 1881 5538 eis

1136 5583 1200 5629 non
1222 5567 1316 5647 possit
1335 5569 1444 5630 eodem
1460 5577 1599 5648 tempore
1613 5569 1799 5649 patrocinari
1815 5571 1880 5648 plu-

1135 5677 1184 5722 res
1204 5678 1307 5724 causas
1328 5678 1420 5739 quam
1443 5670 1585 5740 quatuor,
1608 5663 1644 5724 ad
1659 5663 1716 5726 boc
1731 5671 1766 5726 ut
1779 5667 1822 5724 eis
1838 5663 1881 5723 fa-

1135 5755 1223 5816 cilius
1244 5771 1368 5834 operam
1390 5757 1462 5818 darc
1482 5757 1612 5834 possin-t,
1635 5757 1693 5820 sub
1714 5758 1811 5835 poena
1833 5757 1880 5818 in-

1135 5846 1300 5908 habilitatis
1321 5847 1453 5926 amplius
1473 5849 1626 5911 scribendi
1642 5849 1674 5911 in
1690 5865 1794 5912 casum
1808 5865 1879 5912 con·

1136 5940 1351 6014 trarentionis,
1364 5947 1396 6002 et
1416 5941 1505 6004 liceat
1526 5942 1662 6020 partibus
1683 5943 1715 6004 in
1731 5959 1879 6022 quocum-
