1290 1819
343 185 355 202 ‘2
577 189 609 202 tun.
621 189 667 201 nonr-
680 188 700 201 nn
710 189 726 201 1>-
737 189 752 201 r.
764 190 806 202 niis
816 189 827 202 t.

343 224 363 235 ui.
371 219 414 239 Quod
422 220 477 235 ceteris
484 219 591 239 praeferantur
598 219 627 235 tilii
634 223 690 235 eorum

352 243 415 259 servitia
425 243 459 262 regi
469 243 505 258 alias
516 243 616 258 exhibuerint
625 247 653 258 seu
664 247 690 258 ex-

343 268 383 282 eant.

346 293 369 305 ni.
381 289 424 308 Quod
435 289 531 309 collegiales,
543 290 569 309 qui
580 289 690 309 ingredientur

343 313 445 329 seminarium
456 313 471 329 S.
480 313 526 332 Petri,
532 313 564 328 sint
572 313 588 329 in
595 314 645 328 aetate
652 313 689 328 duo-

344 336 365 351 im
374 340 458 354 annorum,
465 336 536 356 inibique
543 338 633 351 remanmnt
641 340 690 355 usque

344 359 422 375 decimum
433 359 518 379 septimum
525 363 553 375 seu
561 359 639 374 decimum
650 361 690 374 octa-

343 386 355 398 n
368 386 437 401 annum,
448 384 463 398 et
474 382 533 398 discant
548 382 664 402 grammaticam
674 384 690 397 et

343 406 414 422 toricam

344 433 359 444 xa
370 429 413 448 Quod
424 429 480 445 exinde
491 431 570 445 transeant
578 429 596 445 ad
605 428 690 448 collegium

345 452 411 471 Ioannis,
422 452 476 472 ibique
484 454 557 468 maneant
565 452 613 468 donec
624 452 690 472 philoso-

344 480 369 491 am
380 480 397 491 ae
406 479 457 491 sacros
467 480 534 491 canones
544 476 632 491 didicerint.

343 503 353 514 i.
364 499 407 517 Quod
417 498 472 514 abinde
483 501 561 514 transeunt
569 499 586 514 ad
594 498 689 518 praedictum

343 523 399 542 legium
410 522 425 538 S.
434 522 483 541 Pauli,
491 524 508 538 ut
516 522 574 542 praxim
587 523 690 537 sacramento—

343 550 352 561 n
359 548 375 561 et
382 550 435 561 rerum
443 550 482 565 quae
489 546 507 561 ad
514 545 626 565 perfectionem
634 545 690 565 optimi

343 569 414 585 lesiastiei
424 571 461 584 sunt
472 569 556 584 necessaria
569 569 628 584 discant
638 568 661 588 (l)
672 568 689 584 ad

343 595 388 608 actum
399 594 416 608 ut
427 592 495 612 perfecte
502 592 553 607 idonei
564 592 582 608 ad
593 592 667 607 beneficia
674 594 690 607 et

343 616 364 631 cia
375 618 427 631 curata
438 618 520 635 ceteraque
528 615 582 631 munia
590 615 689 631 ecelesiastica

343 639 385 655 unda
396 639 469 657 evadant,
477 639 535 658 quique
544 639 614 654 assistere
624 639 690 655 debeant

344 662 362 678 tis
373 662 469 682 temporibus
479 662 546 677 servitiis
556 662 628 678 eeclesiae
639 663 691 678 cathe-

343 685 362 701 lis
372 689 389 701 ac
399 685 456 701 divinis
466 685 520 701 officiis
531 685 612 701 interesse.

343 713 358 724 ιι.
370 708 412 727 Quod
423 708 435 723 si
446 708 532 727 collegiales
545 708 577 724 divi
588 708 630 724 Pauli
640 713 690 725 sacer·

343 731 363 747 ali
368 732 456 747 charactere
464 731 520 747 initiati
528 731 592 750 iuerint,
598 734 614 747 et
619 732 690 748 assistant

343 755 401 770 ralibus
406 754 506 770 conlerentiis
511 754 576 774 aliisque
583 755 661 771 exercitiis
667 759 691 771 ec-

343 778 410 796 siastieis,
422 777 444 793 eis
454 777 471 793 ad
483 778 558 793 maiorem
569 778 668 798 splendorem
675 780 691 794 et

343 803 431 820 gumentum
441 805 450 816 a
460 801 501 816 dieto
507 801 573 820 collegio
583 802 690 817 subministra-

343 829 360 840 ur
373 824 411 840 illud
427 824 467 843 quod
481 824 559 840 sufficiens
573 825 603 840 erit
614 825 662 840 etiam
672 825 691 841 ad

345 847 435 863 duationem
445 847 567 863 baccalaureatus
578 848 594 863 in
603 848 667 867 artibus,
675 850 691 864 et

344 870 400 886 maiori
414 870 487 886 facultate
497 871 513 886 in
527 871 580 886 eodem
592 871 657 890 collegio
667 876 691 887 re*

343 895 390 909 neant
401 895 479 913 tamquam
491 894 558 913 hospites
564 898 607 910 more
618 894 691 914 collegio·

343 921 353 932 n
360 917 447 936 Hispaniae,
453 917 548 936 obligatione
555 917 587 936 tali,
594 920 611 933 ut
618 918 631 933 si
638 921 691 938 postea

343 940 386 956 ,ditus
397 940 506 956 ecclesiasticos
511 942 527 955 et
537 940 610 956 beneficia
621 941 691 957 ecclesia-

343 968 354 979 za
370 963 476 982 obtinuerint,
489 965 504 979 et
515 964 595 979 commode
608 965 691 980 restituere

344 988 391 1002 erunt
401 986 416 1002 id
428 986 469 1006 quod
479 986 507 1002 illo
518 987 592 1006 temporis
602 988 651 1007 spatio
662 988 692 1003 dis-

343 1009 412 1028 inierunt,
422 1009 441 1025 ab
452 1009 488 1029 ipsis
499 1009 518 1025 sit
532 1010 628 1030 iaciendum,
640 1013 655 1026 et
666 1015 690 1026 eo-

343 1037 352 1048 n
365 1033 411 1048 modo
422 1035 506 1048 teneantur
519 1034 604 1049 sacerdotes
618 1034 691 1053 praedicti

345 1056 423 1071 rationem
433 1058 498 1071 centum
510 1057 623 1076 quinquaginta
633 1059 692 1077 pataca-

343 1083 353 1095 u
363 1083 391 1099 pro
402 1079 471 1099 quolibet
484 1083 533 1098 anno,
544 1080 585 1099 quod
596 1084 628 1096 non
640 1081 691 1096 solum

347 1102 399 1118 debito
409 1102 518 1121 conscientiae,
528 1103 577 1123 posita
588 1103 659 1119 beneficii
670 1108 692 1120 as-

343 1125 402 1144 utione,
418 1129 475 1141 verum
489 1126 536 1141 etiam
547 1128 562 1141 et
574 1126 650 1145 iustitiae,
662 1122 696 1147 qua*

343 1148 388 1169 npelli
400 1149 465 1168 possint,
474 1149 557 1165 restituere
568 1151 651 1165 teneantur
661 1150 692 1166 col-

344 1172 358 1187 io
368 1176 443 1192 expensas
453 1172 471 1188 ad
482 1173 559 1189 tationem
567 1175 633 1189 taxatam
641 1178 649 1188 a
657 1174 692 1189 lun-

343 1200 376 1211 ore.

343 1223 367 1234 m.
378 1221 394 1235 et
407 1219 468 1235 ultimo.
483 1219 525 1238 Quod
540 1224 559 1235 ex
571 1220 625 1236 eadem
638 1220 692 1236 biblio-

343 1243 361 1258 ca
374 1243 445 1262 superius
458 1243 506 1258 relata
519 1247 546 1262 per
560 1243 692 1263 praedecessorem

345 1266 413 1282 edictum
426 1266 522 1281 sufficienter
537 1266 580 1282 libris
590 1267 654 1286 aliisque
666 1271 693 1282 nc—

343 1289 386 1305 sariis
402 1289 459 1305 relerta
469 1293 486 1305 ac
497 1290 565 1308 munita,
577 1290 617 1305 idem
630 1291 692 1309 praede—

343 1316 368 1328 sor
375 1312 460 1332 prohibuit¹
469 1317 490 1328 ne
497 1312 532 1328 libri
541 1312 631 1328 huiusmodi
638 1314 693 1333 quavis

347 1336 391 1351 causa
402 1336 427 1351 vel
435 1338 516 1355 praetextu
526 1336 545 1351 ab
554 1336 571 1351 ea
582 1336 660 1352 ullatenus
667 1341 692 1352 ex-

343 1359 405 1374 huntur.

343 1382 347 1401 ξ
358 1382 373 1398 2,
385 1382 424 1398 Cum
434 1384 493 1400 autern,
502 1382 542 1397 sicut
553 1382 606 1397 eadem
617 1383 693 1403 expositio

343 1405 429 1425 ›iungebat,
441 1405 490 1421 dictus
502 1405 595 1420 Emmanuel
609 1406 693 1426 Episcopus

343 1428 390 1447 ›itula,
402 1430 457 1444 statuta
469 1430 484 1443 et
495 1428 600 1444 ordinationes
613 1429 693 1445 huiusmo-

345 1456 376 1471 quo
382 1452 442 1467 firmius
449 1451 533 1467 subsistant
539 1453 554 1467 et
559 1454 643 1468 serventur
650 1457 693 1468 exae-

343 1479 355 1493 s,
366 1474 457 1494 apostolicae
467 1474 590 1490 confirmationis
599 1478 661 1491 nostrae
668 1480 693 1496 pa-

344 1528 354 1543 i)
361 1528 418 1540 vernum
425 1529 478 1540 aucant
485 1529 549 1541 marmus,

717 219 783 235 trocinio
794 220 889 236 communiri
899 224 999 241 summopere
1009 220 1090 237 desideret:

717 246 751 261 nos,
763 242 810 262 ipsius
821 243 928 259 Emmanuelis
936 244 1006 263 Episcopi
1016 244 1057 259 votis
1063 244 1092 259 hae

718 265 734 281 in
745 270 768 284 re.
783 268 860 285 quantum
873 271 910 282 cum
923 267 989 282 Domino
1003 271 1091 287 possumus,

717 289 822 305 favorabiliter
835 294 906 305 annuere
916 290 994 309 volentes.
1006 294 1073 310 eumque
1083 294 1092 305 a

717 311 798 331 quibusvis
808 313 978 332 excommunicationis,
986 313 1092 333 suspensionis

717 336 733 350 et
744 335 828 354 interdicti,
839 336 904 356 aliisque
914 336 1019 352 ecclesiasticis
1029 338 1093 352 senten-

718 358 749 376 tiis,
760 359 830 374 censuris
841 361 857 374 et
867 359 927 378 poenis,
937 364 945 375 a
955 359 990 375 iure
1000 359 1025 375 vei
1036 359 1055 375 ab
1065 360 1093 375 lio-

718 381 766 400 mine,
778 382 832 401 quavis
845 383 924 398 occasione
935 383 961 398 vel
971 383 1016 399 causa
1026 383 1068 402 latis,
1079 383 1092 398 si

717 404 774 424 quibus
784 405 901 425 quomodolibet
912 406 994 422 innodatus
1005 406 1063 425 existit,
1074 406 1092 422 ad

718 427 790 444 eflectum
796 429 902 448 praesentium
909 429 989 445 dumtaxat
996 433 1093 449 consequen-

717 451 761 470 dum,
772 451 829 467 harum
842 452 883 468 serie
894 452 992 468 absolventes
1005 455 1020 468 et
1033 453 1092 468 absolu-

718 476 752 489 tum
763 474 796 490 iore
806 477 892 494 censentes,
904 475 1040 495 supplicationibus
1050 476 1092 491 illius

718 498 782 513 nomine
789 498 833 514 nobis
838 502 886 518 super
893 499 922 514 hoc
930 499 1011 515 humiliter
1018 499 1093 519 porrectis

718 520 794 540 inclinati,
806 522 825 537 de
835 522 949 538 venerabilium
957 522 1023 538 lratrum
1032 524 1093 538 nostro-

718 548 754 559 rum
761 544 777 560 S⁴
784 544 801 560 R.
809 545 825 560 E.
835 545 941 561 Gardinalium
952 545 1017 561 concilii
1028 545 1093 561 Triden-

718 567 746 583 tini
758 568 861 587 interpretum
872 568 943 587 consilio,
951 570 967 584 et
974 568 1033 584 attenta
1040 568 1093 584 dilecti

718 590 745 606 tilii
753 591 802 606 nostri
810 591 851 606 Petri
859 591 931 607 Matthaei
942 592 1012 607 eiusdem
1023 592 1039 608 S.
1047 592 1065 607 R.
1074 592 1091 607 E.

718 614 802 630 Cardinalis
815 614 891 630 Petruccii
902 615 993 634 nuncupati,
1004 619 1012 630 a
1024 615 1092 635 Congre-

718 637 779 656 gatione
789 637 881 653 eorumdem
893 637 1000 653 cardinalium
1010 638 1028 654 ad
1039 638 1092 654 huius-

718 660 759 676 modi
767 660 848 679 negotium
857 660 978 676 examinandum
986 661 1060 681 deputati,
1069 666 1092 677 re-

718 683 783 702 visione,
795 683 877 703 praeiserta
889 684 960 703 capitula,
974 686 1030 700 statuta
1041 687 1058 700 et
1068 689 1093 701 or-

718 706 814 725 dinationes,
831 707 923 723 auctoritate
936 707 1026 727 apostolica,
1038 710 1092 723 tenore

718 730 829 749 praesentium,
837 730 948 746 confirmamus
958 733 974 746 et
984 731 1091 750 approbamus,

718 753 779 772 illisque
797 753 891 769 inviolabilis
906 754 998 773 apostolieae
1015 754 1093 770 firmitatis

718 776 766 791 robur
781 776 870 792 adiicimusz
881 776 923 792 salva
935 779 988 792 tamen
1003 781 1066 797 semper
1076 778 1092 793 in

718 799 806 818 praemissis
816 800 907 815 auctoritate
919 802 1014 816 memoratae
1024 800 1094 820 Congre-

719 822 784 841 gationis
795 822 906 838 Cardinalium.

738 845 748 864 ἓ
758 845 773 860 3.
785 845 893 864 Decernentes,
902 846 962 862 easdem
973 849 1061 866 praesentes
1068 847 1094 863 lit-

719 870 759 883 teras
774 873 835 888 semper
848 869 909 888 iirmas,
926 869 983 885 validas
997 872 1012 885 et
1025 870 1093 886 efficaces

718 891 786 907 existere
796 894 812 907 et
822 892 861 911 iore,
875 896 942 912 suosque
956 893 1033 913 plenarios
1044 895 1059 909 et
1070 894 1093 909 in-

719 917 770 934 tegros
781 915 845 931 effectus
855 916 907 931 sortiri
918 918 933 931 ct
944 916 1020 935 obtinere,
1028 921 1045 933 ac
1056 917 1092 936 illis.

719 938 737 953 ad
744 942 783 958 quos
790 940 848 958 spectat
855 941 871 954 et
878 943 906 958 pro
914 941 984 959 tempore
989 940 1094 959 quandocum-

719 965 749 981 que
765 961 847 981 spectabit,
859 962 875 977 in
888 962 962 978 omnibus
972 965 988 979 et
1000 967 1028 983 per
1041 964 1093 979 omnia

719 984 807 1004 plenissime
818 985 905 1005 sum-agari,
916 986 968 1006 sicque
978 986 995 1002 in
1006 987 1094 1006 praemissis

719 1012 747 1027 per
757 1012 864 1028 quoscumque
875 1009 932 1025 iudices
945 1010 1031 1025 ordinarios
1042 1012 1058 1025 et
1068 1010 1093 1026 (le

719 1031 785 1050 legatos,
797 1031 843 1047 etiam
859 1036 939 1047 causarum
953 1033 1004 1052 palatii
1015 1033 1094 1053 apostolici

719 1054 805 1073 auditores,
818 1055 883 1070 iudicari
894 1057 909 1070 et
923 1055 985 1071 deliniri
1000 1056 1066 1075 debere,
1077 1061 1094 1072 ac

719 1077 783 1093 irritum
794 1079 809 1093 et
820 1078 872 1096 inane.
880 1078 893 1093 si
900 1082 944 1094 secus
954 1083 1001 1099 super
1010 1079 1034 1095 his
1040 1084 1049 1095 a
1056 1084 1095 1099 quo-

719 1104 772 1120 quam,
778 1101 832 1120 quavis
839 1101 936 1121 auctoritate,
942 1102 1010 1118 scienter
1018 1103 1043 1118 vel
1050 1103 1093 1122 igno-

719 1125 778 1142 ranter,
789 1124 873 1143 eontigerit
883 1126 961 1141 attentari.

739 1147 749 1166 5
759 1147 774 1162 4,
786 1147 820 1162 Non
830 1147 927 1164 obstantibus
934 1149 1071 1166 constitutionibus
1079 1152 1094 1165 et

719 1170 842 1186 ordinationibus
847 1171 940 1191 apostolicis,
945 1176 967 1191 ac,
974 1174 1050 1192 quatenus
1056 1177 1094 1192 opus

719 1193 745 1212 sit,
752 1194 873 1210 seminariorum
881 1195 991 1215 praelatorum,
999 1196 1054 1212 aliisve
1061 1196 1095 1216 qui-

720 1216 781 1235 busvis,
797 1217 844 1233 etiam
859 1218 959 1238 iuramento,
975 1219 1094 1235 confirmatione

720 1240 806 1259 apostolica.
820 1241 845 1256 vel
858 1242 912 1261 quavis
925 1242 998 1258 firmitate
1010 1242 1039 1258 alia
1050 1243 1094 1258 rubn-

720 1263 764 1282 ratis,
779 1264 840 1279 statutis
856 1267 871 1280 et
887 1265 1033 1284 consuetudinibus,
1046 1266 1094 1285 privi-

720 1286 764 1306 legiis
775 1291 845 1307 quoque.
860 1287 924 1303 indultis
937 1290 953 1304 et
963 1289 1019 1304 litteris
1034 1291 1094 1309 aposto—

720 1310 753 1325 licis
764 1310 780 1325 in
791 1311 887 1326 contrarium
898 1311 1018 1330 praemissorum
1029 1316 1094 1332 quomo-

720 1333 778 1349 dolibet
788 1334 870 1353 concessis,
878 1335 974 1350 confirmatis
981 1337 996 1350 et
1007 1335 1093 1355 innovatis3

720 1356 776 1375 quibus
786 1357 859 1373 omnibus
868 1359 884 1373 et
894 1358 966 1377 siugulis,
977 1358 1040 1374 illorum
1051 1361 1094 1374 teno-

720 1383 745 1395 res
756 1380 861 1399 praesentibus
875 1385 903 1400 pro
917 1381 963 1400 plene
974 1384 989 1397 et
999 1382 1095 1398 sufficienter

721 1404 796 1422 expressis
806 1408 823 1419 ac
834 1404 853 1419 de
863 1404 911 1420 verbo
922 1405 940 1420 ad
954 1405 1019 1420 verbum
1032 1405 1095 1421 insertis

721 1426 803 1445 hahentes,
820 1427 850 1442 illis
865 1428 902 1443 alias
917 1428 934 1443 in
949 1432 977 1443 suo
990 1429 1045 1444 robore
1060 1433 1094 1448 per-

721 1450 804 1468 mansuris,
815 1450 833 1465 ad
844 1451 965 1470 praemissorum
975 1452 1054 1471 eflectum,
1067 1452 1095 1468 hac

721 1473 754 1489 vice
765 1474 850 1493 dumtaxat,
863 1474 950 1494 specialiter
961 1477 977 1491 et
987 1479 1059 1495 expresse
1069 1475 1096 1491 de-

1106 188 1133 201 Διι.
1140 189 1156 202 C.
1170 188 1209 200 1⁶97

1124 851 1203 863 Clssunlae,
