4878 6982
134 4993 284 5043 Clausulas.

1731 483 1849 618 ‘aaa

1128 711 1176 758 ces
1203 691 1373 758 ordinarios
1397 699 1428 759 et
1453 683 1618 773 delegatos,
1647 687 1741 756 etiam
1768 707 1868 755 cansa·

998 561 1138 624 caedens
1160 561 1203 622 nl.

336 686 417 752 suris
433 690 620 772 etpoenis,a
637 686 703 757 iure
725 685 774 758 tel
796 689 833 758 ab
853 692 989 770 bomine,
1002 711 1074 773 qua·

337 784 384 846 vis
398 785 555 849 occasione
569 787 620 850 rel
634 787 720 851 causa
735 787 813 864 latis,
833 789 858 850 si
874 789 985 866 quibus
1000 805 1074 868 quo·
1128 806 1199 852 rum
1219 788 1320 868 palatii
1340 789 1496 868 apostolici
1517 789 1681 862 auditores,
1698 785 1824 848 iudicari
1838 792 1869 848 et

336 878 503 940 modolibet
529 879 692 944 innodatus
715 882 835 957 existit,
866 882 902 944 ad
929 883 1074 944 ellectum
1127 881 1249 944 deliniri
1278 881 1405 958 debere,
1434 899 1468 943 ac
1496 882 1621 944 irritum
1645 889 1677 943 et
1705 880 1813 954 inane,
1842 878 1868 939 si

335 973 544 1050 praesentium
566 975 723 1037 dumtaxat
744 975 1006 1054 consequendum,
1024 975 1076 1038 ba·
1126 991 1214 1038 secns
1234 992 1326 1054 super
1346 976 1393 1036 bis
1414 992 1429 1036 a
1451 991 1617 1054 quoquam,
1638 974 1745 1052 quavis
1767 979 1867 1035 aucto·

336 1081 408 1128 rum
427 1067 507 1128 serie
534 1067 728 1130 absolventes
753 1077 783 1131 et
804 1069 978 1132 absolutum
1010 1069 1074 1131 iore
1126 1069 1227 1144 ritate,
1253 1070 1386 1132 scienter
1407 1069 1456 1130 rel
1483 1069 1677 1146 ignoranter,
1703 1065 1868 1143 contigerit

336 1169 513 1235 censentes,
549 1162 820 1240 supplicationibus
851 1165 917 1226 eins
946 1163 1074 1226 nomine
1127 1163 1283 1224 attentari.

337 1253 423 1336 nqbis
450 1270 543 1334 super
572 1256 629 1316 boc
659 1255 819 1318 humiliter
849 1257 996 1336 porrectis
1029 1257 1073 1320 in·
1167 1256 1235 1330 §b
1256 1256 1324 1319 Non
1340 1257 1532 1320 obstantibus
1547 1255 1731 1336 praemissis,
1747 1273 1780 1318 ac
1795 1270 1867 1318 oon·

336 1348 452 1422 clinati,
484 1350 521 1412 de
545 1349 769 1412 venerabilium
798 1349 929 1412 iratrum
956 1357 1073 1412 nostro·
1127 1349 1339 1414 stitutionibus
1358 1359 1389 1414 et
1413 1351 1657 1414 ordinationibus
1685 1349 1865 1429 apostolicis,

336 1457 408 1504 rum
430 1442 505 1506 S.il.
518 1442 552 1504 E.
578 1443 785 1506 Cardiualium
807 1445 938 1522 negotiis
959 1452 989 1505 et
1004 1460 1075 1506 con·
1128 1459 1249 1506 necnon
1286 1443 1383 1506 dictae
1414 1443 1669 1522 Congregationts
1704 1441 1864 1516 Caritatis,

336 1535 552 1598 saltationibus
581 1536 801 1616 Episcoporum
823 1543 853 1600 et
874 1537 1074 1614 Regularium

336 1631 598 1708 praepositorum,
629 1631 682 1709 qui
709 1632 853 1696 dilectum
887 1632 987 1694 silium
1021 1648 1075 1694 no-

335 1730 436 1786 strum
463 1725 613 1788 'rhomam
639 1726 762 1788 blaciam
788 1727 964 1790 Ferrarium
992 1725 1072 1790 tituli

338 1817 368 1880 S.
393 1818 562 1882 Clementis
583 1821 718 1882 eiusdem
741 1821 771 1883 S.
796 1820 832 1882 ll.
859 1821 893 1883 Ε.
917 1821 1073 1900 presbyte-

336 1930 408 1976 rum
437 1913 628 1976 cardinalem
660 1915 690 1977 S.
718 1914 886 1978 Clementis
917 1931 1075 1992 nuncupa·

336 2014 416 2082 tum,
431 2007 528 2071 dictae
542 2008 796 2084 congregationis
814 2010 891 2088 apud
908 2025 963 2070 nos
977 2016 1008 2070 et
1023 2008 1076 2072 Se-

336 2101 407 2164 dem
427 2100 631 2180 Apostolioam
652 2109 868 2180 protectorem,
883 2117 980 2180 super
990 2117 1075 2179 prae·

337 2194 438 2257 missis
468 2193 671 2270 audiverunt,
693 2195 839 2270 consilio,
862 2203 907 2270 ut,
939 2195 1075 2274 quando-

337 2304 470 2367 cumque
481 2299 670 2353 memoratns
684 2291 795 2352 unicus
810 2290 902 2352 irater
916 2287 1074 2368 presbyter

335 2381 557 2461 cuiuscumque
578 2399 615 2444 er
630 2381 718 2444 dictis
740 2381 938 2460 hospitalibus
954 2396 1008 2441 seu
1023 2381 1074 2443 do·

1128 1536 1221 1597 etiam
1242 1537 1427 1612 iuramento,
1444 1537 1677 1600 confirmatione
1694 1535 1865 1615 apostolica,

1127 1629 1177 1690 vel
1198 1630 1305 1708 quavis
1324 1631 1471 1694 firmitate
1485 1630 1543 1697 alta
1564 1629 1723 1704 roboratis,
1745 1628 1867 1690 statutis

1127 1727 1158 1782 et
1180 1723 1465 1797 consuetudinibus,
1488 1721 1659 1802 privilegiis
1670 1737 1804 1801 quoque,
1820 1721 1867 1782 in·

1128 1814 1220 1877 deltis
1242 1824 1273 1877 et
1295 1815 1405 1877 litteris
1429 1816 1599 1896 apostolicis
1624 1816 1657 1876 in
1677 1814 1868 1878 contrarium

1127 1909 1364 1985 praemissorum
1377 1909 1605 1987 quomodolibet
1619 1908 1779 1982 concessis,
1796 1921 1869 1969 con·

1129 2001 1257 2062 firmatis
1278 2008 1308 2062 et
1335 2001 1507 2078 innovatis3
1530 2001 1641 2080 quibus
1666 2001 1809 2064 omnibus
1837 2008 1868 2060 et

1127 2093 1269 2170 singulis,
1295 2093 1421 2158 illorum
1438 2101 1558 2157 tenores
1580 2095 1792 2174 praesentibus
1812 2107 1867 2172 pro

1128 2187 1219 2264 plene
1243 2195 1274 2249 et
1296 2188 1487 2251 sufficienter
1508 2189 1658 2268 expressis
1674 2205 1707 2250 ac
1721 2187 1757 2248 de
1771 2187 1867 2248 verbo

1128 2281 1310 2344 adverbum
1336 2283 1458 2344 insertis
1479 2282 1637 2358 babentes,
1659 2281 1720 2344 illis
1740 2281 1811 2341 alias
1833 2280 1865 2341 in

1127 2389 1183 2434 suo
1198 2373 1307 2438 robore
1330 2375 1550 2454 permansuris,
1571 2377 1606 2437 ad
1629 2374 1866 2454 praemissorum

336 2474 438 2538 mibus
458 2475 495 2536 ab
515 2475 658 2536 humanis
680 2473 859 2547 decesserit,
882 2473 959 2536 alius
980 2472 1074 2534 frater
1127 2465 1282 2542 edesium,
1298 2469 1352 2530 bac
1372 2469 1438 2532 vice
1453 2471 1622 2543 dumtaxat,
1644 2467 1815 2546 specialiter
1835 2473 1866 2528 ei

336 2583 477 2648 expresse
498 2567 651 2645 prolessus
672 2567 841 2645 praedictae
857 2567 1074 2642 Cougregatio·
1126 2573 1269 2636 expresse
1290 2563 1491 2638 derogamus,
1513 2561 1684 2640 ceterisque
1704 2560 1866 2624 contrariis

336 2659 396 2736 nis,
418 2660 451 2722 in
472 2661 554 2724 illius
576 2660 677 2722 locum
698 2661 921 2738 subrogandus,
941 2659 1073 2722 clericali
1127 2651 1382 2732 quibuscunque.

336 2755 524 2828 charactere,
546 2754 572 2816 si
596 2753 649 2816 illo
670 2757 809 2817 nondum
835 2754 999 2830 insignitus
1019 2754 1072 2828 sit,
1099 2788 1101 2797 ·
1164 2747 1183 2820 ἓ
1204 2745 1232 2806 5·
1251 2743 1402 2810 VOlumuS
1417 2755 1522 2812 aulem
1539 2757 1573 2810 ut
1587 2749 1866 2828 ealnmdemprae·

335 2847 490 2924 insigniri,
514 2853 544 2909 et
565 2847 599 2908 ad
622 2855 755 2925 quatuor
772 2849 918 2922 minores,
941 2855 1074 2926 quatuor
1125 2842 1262 2904 sentium
1280 2841 1454 2904 litterarum
1468 2843 1679 2922 transumptis,
1695 2860 1750 2906 seu
1763 2859 1867 2906 enem-

1900 549 1952 609 An.
1966 549 1995 608 0.
2017 541 2083 606 ttot

1908 1259 2094 1305 contrariorum

1885 1311 2023 1368 derogatio.

1929 2746 2001 2794 Fides
2024 2753 2093 2796 tran·

1884 2806 2050 2859 sumptorum.

334 2939 449 3002 feriatis
470 2939 521 3002 rel
542 2955 604 3002 non
626 2941 819 3015 torinnenio
841 2941 942 3014 unica,
958 2949 988 3002 et
1002 2941 1072 3002 snb·
1126 2936 1196 3015 plis,
1218 2935 1311 2998 etiam
1331 2935 1499 3014 impressis,
1521 2949 1617 2998 manu
1638 2936 1765 2998 alicuius
1780 2943 1865 2998 nota·
1919 2997 1922 3003 ,

335 3033 408 3096 inde
422 3035 458 3096 ad
472 3051 571 3098 sacros
591 3034 838 3110 subdiaconatus,
854 3035 1027 3098 diaconatus
1042 3043 1073 3098 et
1127 3029 1164 3090 rii
1189 3028 1302 3108 publici
1326 3027 1514 3106 subscriptis,
1536 3036 1566 3090 et
1586 3029 1690 3105 sigillo
1718 3045 1865 3109 personae

333 3127 561 3206 presbyteratus
581 3125 704 3189 ordines
726 3126 823 3189 tribus
843 3125 1004 3188 dominicis
1017 3143 1072 3189 seu
1126 3121 1159 3183 in
1184 3121 1382 3184 ecclesiastica
1410 3122 1559 3200 dignitate
1586 3124 1776 3186 constitutae
1797 3139 1867 3187 mu-

334 3219 400 3282 aliis
420 3219 538 3282 festivis
559 3220 665 3282 diebus
685 3219 883 3296 (nontamen
903 3219 1069 3295 continuis,
1126 3214 1211 3290 nitis,
1237 3215 1343 3278 eadem
1366 3229 1490 3292 prorsus
1506 3214 1580 3278 lides
1599 3215 1714 3296 ubique
1728 3216 1866 3280 locorum

332 3311 385 3376 sed
405 3328 528 3391 semper
541 3311 642 3390 aliquo
663 3313 810 3392 temporis
823 3313 931 3392 spatio,
947 3313 1073 3376 arbitrio
1125 3313 1189 3370 tam
1210 3307 1243 3370 in
1265 3307 1376 3371 iudicio
1397 3324 1489 3388 quam
1510 3315 1595 3370 entra
1611 3307 1687 3372 illud
1707 3311 1865 3384 habeatur,

332 3405 484 3470 Ordinarii
516 3406 708 3480 deliniendo,
739 3405 948 3485 interpolatis)
979 3408 1072 3470 etiam
1126 3417 1202 3480 quae
1223 3401 1294 3480 ipsis
1308 3402 1517 3482 praesentibus
1532 3401 1710 3479 baberetur,
1725 3404 1751 3466 si
1765 3402 1867 3468 lorent

332 3509 419 3562 cntra
439 3507 577 3578 tempora
598 3501 633 3562 ad
656 3498 685 3560 id
706 3499 804 3562 aiore
824 3507 948 3575 statuta,
970 3517 1004 3564 ac
1026 3503 1073 3562 in·
1126 3494 1278 3557 exlrtnitac
1292 3495 1342 3557 vel
1356 3503 1503 3558 ostensae.

333 3593 473 3654 terstitiis
494 3609 509 3654 a
531 3593 611 3655 dicto
633 3591 771 3656 Concilio
792 3593 974 3656 Tridentino
995 3594 1073 3656 desi-

333 3687 433 3762 gnatis
454 3686 584 3750 minime
603 3686 744 3759 serratis,
760 3686 896 3764 annique
916 3685 1071 3750 curriculo

332 3797 396 3844 non
426 3785 601 3858 expectato,
625 3779 743 3842 etiamsi
764 3779 797 3840 in
824 3795 1012 3859 unoquoque
1033 3798 1072 3843 ex

331 3873 423 3936 sacris
453 3873 612 3936 ordinibus
645 3872 805 3950 praedictis
839 3879 1004 3952 antequam
1035 3875 1070 3938 ad

332 3967 427 4030 alium
448 3972 667 4044 promereatur
680 3982 713 4028 se
734 3965 864 4028 minime
885 3969 1069 4044 exercuerit,

332 4059 500 4124 dummodo
521 4059 643 4122 nullum
658 4059 840 4122 canonicum
854 4061 883 4122 ei
901 4061 1000 4124 obstet
1015 4062 1072 4124 im-

333 4153 559 4232 pedimentum,
582 4152 708 4232 ipseque
728 4153 763 4215 ad
784 4153 814 4216 id
836 4153 965 4216 idoneus
984 4172 1072 4236 repe-

333 4247 442 4321 riatur,
465 4263 499 4308 ac
518 4246 645 4308 serratis
672 4245 744 4308 alias
764 4247 941 4324 servandis,
963 4250 1000 4312 dc
1020 4267 1071 4313 su-

332 4339 491 4417 periorum
517 4355 646 4402 suorum
677 4339 799 4402 licentia
825 4343 1017 4418 promoveri,
1039 4351 1071 4404 et

332 4439 492 4511 promotus
512 4433 545 4494 in
566 4432 627 4494 illis
647 4433 740 4494 etiam
762 4433 794 4496 in
809 4434 911 4498 altaris
932 4436 1071 4499 ministe-

332 4527 378 4590 rio
399 4525 576 4590 ministrare
597 4526 692 4588 libere
706 4535 736 4588 et
751 4527 833 4590 licite
854 4529 947 4607 possit
968 4539 998 4592 et
1019 4548 1069 4592 ra-

332 4619 403 4696 leat,
425 4619 605 4684 auctoritate
619 4619 792 4700 apostolica,
808 4630 916 4685 tenore
930 4639 1072 4702 praesen-

334 4714 429 4788 tium,
461 4713 656 4778 concedimus
682 4721 712 4774 et
740 4713 953 4791 indulgemus:
987 4718 1068 4779 salrd

331 4813 437 4870 tamen
467 4822 589 4885 semper
619 4806 652 4869 in
684 4808 858 4885 praemissis
887 4811 1069 4874 auctoritate

332 4899 583 4978 Congregationis
604 4902 784 4962 eorumdem
809 4902 1024 4968 cardinalium.

372 4997 391 5070 ἓ
411 4993 440 5056 3.
463 4995 681 5068 Decernentes,
697 4993 817 5056 easdem
838 5006 1012 5074 praesentes
1033 4998 1068 5060 li·

331 5095 410 5152 teras
429 5103 550 5167 semper
561 5087 673 5161 sumas,
690 5087 805 5149 validas
816 5090 991 5154 etellicaces
1005 5094 1070 5154 eui·

329 5190 411 5244 stere
425 5187 455 5246 et
475 5181 551 5258 lore,
572 5197 705 5260 suosque
720 5181 872 5259 plenarios
885 5190 915 5244 et
930 5184 1068 5262 integros

331 5275 456 5338 adiectus
475 5275 578 5336 sortiri
599 5280 630 5336 et
650 5274 801 5348 obtinere,
813 5291 845 5336 ac
857 5275 929 5350 illis,
942 5279 977 5340 ad
993 5295 1068 5356 quos

330 5376 444 5446 spectat
465 5375 496 5430 et
516 5384 571 5446 pro
593 5375 729 5446 tempore
743 5369 901 5446 spectabit,
918 5369 950 5432 in
969 5372 1069 5434 omni·

330 5460 387 5523 bus
401 5468 431 5523 et
445 5477 499 5541 per
513 5461 615 5524 omnia
630 5461 808 5540 plenissime
827 5462 997 5540 suffragari,
1013 5465 1069 5528 sic-

331 5570 391 5633 que
412 5555 444 5618 in
471 5554 643 5635 praemissis
673 5569 727 5633 per
754 5571 964 5634 quoscumque
992 5557 1068 5620 iudi-

371 5826 400 5880 (1)
416 5827 453 5870 Ex
466 5823 532 5870 Ball.
548 5826 616 5871 Part.
633 5827 833 5876 ‘recraesanctae
847 5829 884 5875 ed.
901 5833 973 5876 Ronr.

371 5893 401 5946 (a)
416 5891 525 5949 Reliqua
538 5892 694 5949 omittimus,
708 5895 770 5951 qula
784 5899 864 5942 const.
879 5898 968 5943 eadem
983 5901 1022 5944 eet
1037 5911 1067 5944 nc

331 5957 377 6006 illa
391 5957 461 6004 edila
475 5969 555 6015 supra
574 5971 630 6017 pag.
648 5963 693 6016 lca,
712 5962 767 6006 solo
789 5965 890 6009 rnutato
909 5963 1013 6010 nomine
1026 5977 1066 6022 pe·

435 6083 486 6132 lar.
504 6083 573 6130 dard.
588 6082 619 6132 cle
635 6084 707 6148 drop.
722 6083 783 6132 Fide
796 6085 877 6133 Partis
891 6087 909 6134 l.
924 6085 977 6136 Vol.
991 6087 1023 6136 ll.

1165 3589 1276 3650 Datum
1298 3589 1421 3663 Romae,
1443 3588 1522 3668 apud
1538 3589 1569 3654 S.
1588 3589 1726 3667 Petrum,
1742 3591 1799 3655 sub
1813 3607 1867 3654 an·

1127 3680 1202 3743 nolo
1217 3681 1390 3756 Piscatoris,
1406 3682 1455 3746 die
1469 3697 1541 3744 xxv.
1557 3683 1636 3748 iunii
1652 3701 1776 3762 mcccc,
1791 3701 1867 3765 pon-

1127 3775 1259 3838 tificatus
1280 3775 1379 3838 nostri
1399 3791 1480 3849 anno
1502 3793 1524 3838 r.

1382 3975 1617 3990 Ἥ

1468 4157 1521 4220 Vl.

1122 4343 1257 4407 draaccct
1288 4344 1401 4406 literas
1437 4341 1556 4408 Urbani
1591 4345 1681 4418 llic,
1715 4349 1865 4412 Innocen-

1164 4438 1204 4500 tii
1227 4438 1263 4500 X.
1286 4437 1486 4516 aliorumque
1507 4439 1699 4517 Pontificum
1717 4458 1775 4520 pro
1789 4445 1864 4506 clac-

1163 4531 1301 4608 moenaio
1329 4529 1364 4592 ia
1393 4529 1463 4592 orba
1492 4531 1648 4595 catholico
1679 4535 1864 4616 colligendis

1161 4624 1202 4688 od
1236 4625 1390 4688 Locorum
1426 4623 1619 4688 Sanctorum
1654 4632 1864 4694 concarnatio-

1161 4735 1231 4779 ncnc
1251 4717 1308 4800 (l).

1327 4888 1512 4958 caeneus
1535 4889 1593 4958 ΡΡ.
1617 4891 1662 4958 lll.

1240 5013 1276 5079 ed
1298 5018 1470 5096 perpetuare
1492 5013 1535 5080 rei
1561 5015 1739 5083 memorien.

1161 5189 1326 5254 Sarlratoris
1346 5197 1376 5254 et
1403 5191 1526 5254 Domini
1554 5193 1649 5254 nostri
1678 5193 1744 5256 lesu
1774 5193 1860 5258 Chri·

1120 5282 1171 5356 sti,
1194 5289 1251 5344 etc.
1274 5281 1329 5359 (ἲ).

1160 5374 1270 5436 batum
1298 5373 1422 5450 Romae,
1449 5377 1528 5454 apud
1558 5375 1587 5439 S.
1617 5373 1743 5440 Mariam
1771 5380 1861 5442 biaio·

1121 5483 1199 5542 rem,
1222 5468 1279 5530 sub
1299 5468 1417 5530 annulo
1437 5469 1605 5546 Piscatoris,
1628 5471 1678 5533 die
1692 5487 1782 5536 xvru.
1807 5491 1861 5536 no-

1121 5561 1255 5624 vembris
1277 5579 1402 5638 mocon,
1421 5563 1615 5641 pontificatus
1630 5567 1727 5628 nostri
1742 5583 1823 5630 auno
1837 5585 1859 5630 r.

1123 5830 1209 5888 tentis,
1224 5829 1268 5890 qul
1284 5835 1347 5878 tunc
1365 5831 1413 5878 suit
1428 5835 1586 5880 Barbarum
1600 5837 1632 5878 ab
1646 5833 1756 5880 Eccoestri
1773 5840 1804 5881 dc
1821 5840 1862 5880 Ob-

1121 5899 1257 5946 sei-cauea
1274 5904 1475 5948 Terraeaanctaa
1488 5905 1689 5947 corrarntsaarlara
1703 5909 1841 5954 veneralia.

1729 6095 1756 6144 Ξῖ

1905 5201 2050 5252 Exordium.
