4866 6980
348 519 402 576 An.
416 523 447 579 Ο.
468 525 536 578 1682
586 523 626 586 50

565 658 644 720 rales
658 659 694 722 ad
709 657 802 720 dictas
816 656 988 737 provincias
1008 657 1141 735 amplius
1162 657 1311 734 deputen-

566 758 629 825 tur,
645 751 805 827 uariasque
826 749 1036 811 ordinationes
1056 748 1139 823 lecit,
1155 755 1219 810 tam
1233 749 1310 810 circa

565 843 795 921 deputationem
828 841 1002 920 praesidum
1034 849 1065 902 et
1097 842 1309 915 coniudicum,

563 937 615 1014 qui
638 952 741 998 causas
773 933 1013 1014 appellationum
1043 934 1076 995 in
1105 933 1220 995 eisdem
1243 949 1310 1012 pro·

563 1027 673 1088 vinciis
701 1033 928 1103 congnosrant,
951 1033 982 1087 et
1004 1027 1066 1088 dne
1094 1027 1196 1088 debito
1218 1033 1310 1104 prout

563 1121 639 1182 iuris
665 1120 759 1182 luerit
788 1120 978 1195 terminent,
1007 1135 1100 1198 quaxn
1128 1120 1206 1181 circa
1228 1133 1311 1180 com-

562 1213 716 1274 missarios
741 1213 775 1273 ad
803 1212 969 1274 visitandas
1001 1212 1175 1291 provincias
1202 1211 1311 1272 huius·

562 1305 657 1379 modi,
673 1305 917 1384 celebrandaque
938 1304 1066 1368 illorum
1088 1303 1219 1382 capitula
1241 1318 1308 1380 pro-

562 1399 703 1460 vincialia
718 1399 858 1476 deputari
869 1397 985 1471 solitos
997 1413 1118 1458 necnon
1131 1397 1209 1458 circa
1224 1412 1309 1473 prae·

561 1489 733 1552 audentiam
754 1490 842 1552 dictis
865 1489 1055 1569 praesidibus
1070 1491 1307 1564 decernendam,

562 1589 592 1643 et
613 1583 696 1657 alias,
713 1591 804 1661 prout
819 1583 945 1645 uberius
964 1583 1145 1643 continetur
1166 1583 1198 1642 in
1214 1582 1308 1658 ipsius

561 1673 706 1736 hlderani
729 1675 868 1753 Episcopi
892 1675 1061 1737 Cardinalis
1076 1682 1106 1735 et
1128 1671 1308 1752 prot'ectoris

560 1766 671 1829 litteris
692 1768 867 1845 patentibus
881 1767 1012 1845 desuper
1027 1767 1178 1844 expeditis
1194 1767 1309 1828 tenoris

561 1861 615 1937 qui
636 1860 787 1939 sequitur,
811 1859 968 1923 videlicet:

343 1954 477 2000 secretum
489 1954 543 1998 car·
602 1952 799 2014 ‹hideranus
813 1953 980 2032 Episcopus
989 1953 1181 2016 Tusculanus
1194 1953 1304 2016 S.R.E.

330 2005 426 2052 dinalis
447 2010 543 2064 protoc-

331 2060 543 2106 arastumana
562 2045 730 2108 cardinalis
763 2045 845 2124 Cgbo
877 2045 1027 2122 seraphici
1059 2045 1180 2108 Ordinis
1210 2046 1306 2108 sancti

330 2123 359 2158 ro
374 2113 484 2159 mlnlstrl
502 2124 543 2170 ge·

331 2165 432 2212 neralls

561 2137 713 2199 Francisci
736 2139 815 2216 apud
838 2137 980 2200 Sanctam
1006 2137 1117 2200 sedem
1139 2145 1304 2215 protector,

560 2230 679 2292 dilectis
700 2230 787 2292 nobis
810 2230 841 2290 in
864 2229 987 2292 Christo
1017 2229 1153 2306 patribus
1181 2231 1307 2308 provin-

559 2322 699 2397 cialibus,
728 2321 903 2400 provinciae
924 2321 1078 2400 patribus,
1100 2323 1232 2396 custodi,
1255 2323 1306 2383 de-

560 2415 745 2488 finitoribus,
768 2412 940 2490 ceterisque
960 2413 1025 2473 aliis
1047 2414 1185 2491 patribus
1201 2421 1232 2476 et
1247 2414 1305 2476 lra-

559 2505 659 2568 tribus
674 2505 904 2584 provinciarum
920 2514 1171 2584 nuncupatarum
1182 2507 1213 2570 S.
1225 2508 1304 2569 'lho-

558 2614 626 2661 mae
646 2598 783 2676 Apostoli
799 2607 829 2660 et
844 2598 946 2660 llatris
967 2597 1020 2659 liei
1043 2599 1075 2659 in
1091 2599 1184 2662 indiis
1198 2599 1305 2663 Orien-

559 2691 679 2766 talibus,
695 2691 828 2752 salutem
843 2698 873 2752 et
887 2691 1067 2752 divinorum
1082 2692 1303 2755 charismatum

557 2785 800 2846 incrementum.
834 2785 941 2845 Frater
971 2783 1150 2846 Ambrosius
1182 2785 1219 2846 ab
1251 2786 1305 2846 hs-

557 2879 735 2956 sumptione
760 2877 936 2954 provinciae
958 2877 1062 2938 llatris
1091 2879 1145 2940 llei
1166 2887 1252 2955 pater
1273 2889 1304 2941 et

558 2970 786 3033 commissarius
820 2968 972 3046 generalis
1004 2970 1117 3032 Terrae
1151 2969 1301 3047 Sanctae,

558 3079 652 3142 quem
680 3063 891 3140 procuratorio
918 3064 1047 3124 nomine
1073 3061 1108 3123 ad
1133 3065 1302 3142 capitulum

558 3156 703 3233 generale
728 3163 759 3216 et
787 3157 822 3217 ad
845 3155 1011 3217 Romanam
1042 3153 1167 3219 Curiam
1188 3173 1244 3235 pro
1269 3175 1303 3220 u-

557 3249 698 3328 triusque
722 3256 844 3310 uestrae
865 3248 1042 3326 prouinciae
1067 3249 1201 3326 negotiis
1222 3250 1302 3314 able-

558 3343 662 3418 gastis,
685 3341 825 3404 exhibuit
847 3339 936 3403 nobis
954 3341 1099 3419 quasdam
1122 3342 1238 3405 litteras
1253 3361 1302 3422 pa-

556 3441 659 3496 tentes
673 3435 766 3512 patris
782 3433 864 3495 Petri
880 3434 989 3496 Marini
1002 3433 1145 3497 Sormani
1161 3437 1302 3499 moderni

557 3527 691 3589 ministri
703 3527 859 3603 generalis
871 3527 1303 3592 totiusOrdinissanctiFran-

556 3621 627 3682 cisci
648 3620 731 3682 datas
752 3621 784 3682 in
806 3626 963 3682 conventu
985 3620 1016 3683 S.
1039 3621 1160 3684 loannis
1181 3622 1301 3701 llegum

557 3713 669 3788 Toleti,
690 3713 749 3774 sub
769 3711 818 3774 die
839 3728 906 3774 xxx.
920 3713 992 3774 maii
1008 3729 1212 3792 nocxxxxu„
1228 3734 1302 3796 qua-

556 3821 627 3867 rum
650 3814 739 3867 tenor
759 3812 817 3880 est,
835 3807 929 3884 quod,
942 3807 1061 3868 attenta
1082 3809 1232 3886 petitione
1247 3827 1302 3889 per

555 3899 673 3960 <lictum
708 3907 938 3976 procuratorem
974 3899 1102 3962 nomine
1134 3909 1238 3966 vestro
1271 3906 1300 3966 ei

555 3989 663 4066 oblata,
680 3990 764 4065 visis,
780 3997 824 4066 et,
841 3992 963 4070 praevia
984 3993 1209 4058 consultatione
1224 4013 1302 4058 non-

554 4083 714 4146 nullorum
736 4090 860 4160 patrum
882 4084 1074 4161 graviorum,
1097 4093 1217 4150 mature
1232 4105 1300 4168 per-

553 4177 657 4254 pensis
677 4177 849 4238 ratiouibus
867 4192 923 4255 per
937 4193 992 4240 vos
1006 4189 1300 4262 procuratoremque

553 4277 694 4332 vestrum
715 4269 887 4348 praelatum
908 4271 1065 4347 exhibitis,
1093 4289 1133 4336 ne
1154 4275 1300 4353 imposte·

554 4379 625 4424 rum
646 4363 686 4424 ob
713 4364 879 4424 maximam
908 4368 1122 4444 paupertatem
1146 4375 1176 4430 et
1202 4386 1301 4447 angu-

552 4456 654 4531 stiam,
677 4472 737 4533 qua
758 4463 879 4518 vestrae
900 4443 1076 4533 provinciae
1098 4471 1297 4540 premuntur,

553 4549 754 4610 commissarii
766 4549 924 4625 generales
939 4551 974 4612 ad
990 4552 1112 4613 easdem
1126 4555 1299 4632 provincias

553 4643 755 4719 deputentur,
784 4641 937 4720 praelatus
966 4643 1113 4706 minister
1134 4649 1297 4724 generalis,

554 4740 621 4797 tum
635 4737 671 4798 ad
686 4735 845 4796 evitandos
868 4736 1018 4798 maximos
1037 4746 1180 4817 sumptas
1201 4741 1233 4802 in
1249 4743 1299 4804 de·

552 4829 713 4906 putatione
733 4838 764 4890 et
786 4829 931 4892 missione
947 4829 1102 4894 dictorum
1123 4836 1297 4896 commissa-

551 4922 672 4983 riorum
693 4922 761 4982 lieri
782 4931 956 4998 consuetos,
973 4931 1041 4985 tum
1063 4926 1156 4988 etiam
1171 4937 1206 4990 ut
1220 4929 1297 4993 elec-

553 5015 652 5075 tiones
672 5023 792 5076 vestrae
813 5015 922 5076 maiori
942 5032 1015 5078 cum
1029 5033 1101 5095 pace
1115 5037 1148 5082 ao
1162 5022 1231 5084 sine
1245 5023 1300 5085 ali-

551 5108 639 5168 cuius
660 5109 871 5186 praepotentia
898 5109 1005 5188 perlici
1026 5121 1167 5188 possent,
1190 5117 1298 5178 statuit

551 5209 643 5278 atque
664 5201 802 5263 decrevit
822 5201 916 5263 dictas
934 5205 1108 5280 provincias
1130 5217 1246 5269 vestras
1261 5209 1297 5270 ab

550 5295 726 5356 huiusmodi
747 5309 842 5356 onere
859 5303 890 5355 et
911 5297 1077 5374 dispendiis
1098 5300 1247 5376 eximere,
1263 5319 1297 5364 ac

549 5388 676 5464 proinde
701 5387 774 5449 tales
799 5388 1025 5450 commissarios
1051 5393 1211 5467 generales
1232 5411 1295 5456 non

548 5479 680 5556 amplius
701 5480 860 5558 deputare,
877 5495 934 5542 neo
952 5483 990 5543 ab
1004 5483 1069 5544 aliis
1091 5485 1295 5564 imposterum

548 5571 737 5648 deputandos
765 5571 848 5648 lore,
881 5581 973 5652 prout
1000 5575 1033 5637 iu
1067 5578 1154 5640 dictis
1182 5578 1295 5642 litteris

547 5664 724 5740 patentibus
752 5681 892 5744 expresse
923 5675 954 5729 et
979 5669 1070 5731 latius
1102 5672 1291 5736 continetur.

547 5754 690 5833 Cumque
711 5755 794 5819 idem
809 5757 904 5820 trater
925 5761 1105 5824 Ambrosius
1117 5764 1154 5825 ab
1168 5764 1294 5828 Assum-

546 5847 652 5929 ptione
668 5851 790 5912 easdem
812 5851 929 5916 litteras
944 5861 1084 5932 patentes
1105 5859 1294 5922 auctoritatis

1085 540 1151 588 lun.
1174 541 1266 588 PONT·
1290 539 1331 586 bb
1352 539 1380 584 P·
1404 539 1433 586 ι’·
1459 541 1541 587 PARS
1563 541 1584 586 l.

1367 657 1630 734 protectionisque
1657 661 1780 717 nostrae
1805 655 1915 716 robore
1942 655 2060 717 muniri
2080 663 2111 718 et

1366 748 1543 809 confirmari
1558 748 1721 810 humiliter
1734 748 1951 827 postulaverit:
1977 759 2044 822 nos,
2061 749 2112 810 str-

1366 855 1417 900 mo
1432 849 1636 917 permanente
1651 840 1785 919 ipsarum
1801 839 1975 902 litterarum
1991 848 2111 915 tenore,

1365 947 1459 1010 quem
1480 929 1530 994 hic
1544 949 1599 1010 pro
1614 933 1731 994 inserto
1752 931 1865 994 habere
1886 933 2044 1009 volumus,
2059 933 2112 994 ali-

1364 1024 1477 1102 quibus
1499 1026 1714 1086 tantummodo
1728 1041 1784 1102 pro
1798 1025 1908 1086 maiori
1929 1025 2065 1088 claritate
2080 1033 2111 1086 et

1364 1115 1493 1178 faciliori
1515 1119 1698 1199 executione
1719 1118 1891 1180 immutatis
1918 1125 2010 1196 atque
2031 1118 2111 1180 ordi-

1365 1209 1464 1284 natis,
1499 1211 1696 1272 decernimus
1728 1211 1842 1288 pariter
1866 1217 1897 1272 et
1928 1211 2111 1274 mandamus

1364 1301 1514 1378 praelatos
1534 1303 1759 1364 commissarios
1786 1303 1945 1379 generales
1966 1304 2110 1366 addictas

1362 1401 1479 1455 vestras
1494 1395 1667 1471 provincias
1682 1411 1745 1457 non
1760 1397 1892 1475 amplius
1906 1397 2046 1474 deputari
2060 1395 2112 1458 de-

1364 1487 1453 1560 bere,
1485 1497 1516 1548 et
1547 1495 1741 1566 praesentem
1771 1489 2066 1552 determinationem
2094 1505 2108 1548 a

1362 1579 1512 1640 moderno
1540 1587 1571 1641 et
1593 1596 1648 1658 pro
1671 1590 1809 1659 ternpore
1836 1581 1991 1642 existente
2014 1581 2109 1658 magi-

1361 1681 1426 1732 stro
1457 1673 1595 1748 generali
1633 1673 1856 1736 inviolabiliter
1887 1674 2109 1737 observandam

1362 1762 1438 1825 sore.
1469 1764 1514 1826 Ne
1542 1773 1646 1827 autem
1673 1765 1852 1827 earumdem
1878 1766 2109 1846 provinciarum

1362 1857 1509 1932 religiosi,
1532 1858 1653 1936 quoties
1673 1875 1689 1918 a
1711 1859 1834 1936 proprio
1855 1859 2036 1938 provinciali
2058 1859 2109 1921 vel
2160 1903 2164 1910 -

1361 1949 1536 2012 definitorio
1558 1965 1613 2028 per
1637 1952 1826 2012 sententiam
1847 1966 1879 2012 se
1900 1953 2016 2014 iniuste
2041 1967 2108 2030 gra·

1361 2042 1426 2103 vari
1448 2043 1614 2117 sentirent,
1643 2042 1858 2121 appellationis
1886 2044 2036 2108 beneficio
2063 2061 2107 2106 ca-

1361 2141 1464 2208 reant,
1498 2134 1696 2196 inhaerentes
1727 2135 1921 2214 dispositioni
1955 2136 2107 2200 dictarum

1360 2224 1538 2288 litterarum
1560 2228 1752 2304 patentium,
1786 2228 1941 2304 volumus,
1971 2237 2001 2291 et
2022 2245 2107 2308 prae-

1359 2317 1497 2380 sentium
1519 2324 1628 2380 tenore
1650 2320 1865 2398 praecipimus,
1881 2329 1916 2383 ut
1937 2322 1970 2384 in
1992 2323 2109 2401 capitu·

1360 2407 1396 2468 lis
1417 2411 1580 2488 utriusque
1608 2411 1787 2490 provinciae
1815 2429 1870 2491 per
1894 2413 2105 2476 definitorium

1359 2501 1484 2564 noviter
1506 2503 1642 2565 electum
1663 2505 1831 2582 deputetur
1852 2520 1933 2567 unus
1947 2521 1986 2568 ex
2007 2515 2107 2570 matu·

1359 2592 1492 2655 rioribus
1508 2603 1538 2656 et
1553 2597 1740 2658 doctioribus
1761 2597 1938 2676 provinciae
1957 2599 2105 2677 patribus,

1358 2687 1411 2764 qui
1435 2693 1593 2765 tamquam
1614 2705 1736 2766 praeses
1754 2689 2008 2768 appellationum,
2031 2693 2105 2754 iusi-

1359 2777 1425 2840 mul
1447 2796 1518 2842 curn
1546 2780 1614 2842 aliis
1642 2782 1761 2844 duobus
1789 2783 1927 2862 patribus
1952 2786 2106 2861 graduatis

1358 2871 1497 2933 eiusdem
1518 2889 1591 2935 suae
1612 2875 1802 2952 provinciae,
1822 2877 1876 2954 qui
1898 2876 2041 2954 religioso
2056 2893 2105 2956 ap

1358 2963 1488 3040 pellanti
1509 2980 1572 3026 non
1587 2966 1649 3028 sint
1671 2967 1811 3044 legitime
1824 2970 1969 3048 suspecti,
1989 2971 2026 3032 ab
2040 2971 2106 3050 ipso

1358 3057 1552 3134 praesidente
1572 3059 1694 3137 quoties
1715 3075 1791 3139 opus
1805 3061 1900 3124 luerit
1914 3061 2064 3140 eligendis
2075 3071 2106 3126 et

1357 3148 1539 3227 deputandis
1568 3158 1726 3230 tamquam
1752 3154 1982 3231 conludicibus,
2011 3157 2106 3234 possit

1357 3246 1388 3300 et
1409 3241 1517 3303 debeat
1539 3243 1700 3305 definitive
1722 3245 1857 3308 iudicare
1871 3255 1903 3308 et
1916 3249 2106 3311 sententiare

1358 3331 1391 3392 in
1412 3335 1510 3396 causis
1536 3336 1797 3414 appellationum,
1820 3340 1869 3401 cui
1891 3341 1928 3404 ad
1955 3340 2040 3404 huuc
2062 3341 2104 3403 el-

1357 3423 1473 3488 lectum
1501 3427 1625 3506 plenam
1651 3431 1848 3494 concedimus
1875 3433 2102 3511 auctoritatem,

1356 3520 1485 3582 serratis
1507 3521 1653 3584 omnibus
1674 3538 1753 3600 quae
1774 3523 1892 3588 luerint
1907 3527 1944 3588 tle
1959 3527 2027 3588 iure
2041 3543 2104 3590 ser·

1357 3611 1473 3688 vauda;
1507 3613 1636 3692 eiusque
1667 3617 1870 3693 praesidentis
1898 3628 1929 3680 et
1949 3621 2104 3692 dictorum

1356 3705 1554 3768 conludicum
1576 3708 1795 3772 conscientiam
1810 3711 1843 3772 in
1864 3713 2104 3776 administratio-

1357 3815 1397 3862 ne
1418 3799 1494 3862 recti
1517 3799 1621 3862 iudicii
1642 3803 1825 3878 gravissime
1845 3821 2022 3868 oneramus.
2040 3807 2103 3870 lloc

1356 3901 1461 3954 autem
1483 3893 1523 3953 ιιι
1545 3892 1691 3956 volumus
1712 3897 1888 3959 executioni
1910 3899 2100 3976 demandari,

1356 3993 1390 4046 ut
1412 3999 1532 4062 praeses
1554 4001 1625 4046 cum
1646 3987 1710 4048 suis
1728 3989 1938 4052 conludicibus
1952 3993 2056 4056 audiat
2070 4001 2102 4056 et

1356 4078 1469 4140 iudicet
1489 4093 1606 4154 causas,
1622 4095 1686 4141 non
1701 4081 1784 4144 illius
1798 4084 1974 4161 provinciae
1988 4101 2028 4147 ex
2042 4102 2102 4165 qua

1355 4170 1409 4232 ille
1429 4179 1485 4245 est,
1501 4173 1553 4234 sed
1568 4172 1705 4250 alterius,
1723 4175 1810 4238 itaut
1832 4177 1886 4255 qui
1905 4185 1951 4240 est
1972 4194 2011 4240 ex
2032 4194 2102 4257 pro-

1354 4264 1455 4324 vincii
1476 4263 1506 4326 S.
1531 4263 1665 4328 Thomas
1688 4267 1836 4330 inserviat
1864 4285 1920 4347 pro
1941 4273 2100 4349 provincie

1354 4356 1458 4418 blatris
1477 4355 1542 4432 liei,
1565 4365 1595 4419 et
1609 4373 1627 4419 e
1641 4368 1758 4422 contra.
1781 4361 1912 4436 Quodsi
1934 4365 2100 4442 contigerit
2144 4427 2146 4432 ,

1354 4448 1473 4510 dictum
1494 4451 1722 4528 praesidentem
1739 4454 1789 4516 vel
1812 4471 1866 4533 per
1887 4467 2033 4534 mortem,
2049 4459 2100 4522 xel

1353 4557 1408 4620 per
1428 4541 1608 4618 discessum,
1624 4546 1675 4607 rel
1690 4563 1745 4624 per
1759 4548 1850 4610 aliam
1871 4567 2100 4631 quamcumque

1353 4652 1474 4698 causam
1495 4636 1637 4713 delicere,
1660 4641 1857 4717 provincialis
1875 4651 1905 4704 et
1920 4645 2099 4712 definitores

1353 4727 1436 4788 illius
1457 4730 1650 4808 provinciae,
1681 4733 1734 4810 qai
1760 4749 1832 4796 eum
1860 4738 2040 4817 elegerunt,
2062 4742 2099 4806 ad

1353 4820 1479 4884 alterius
1500 4823 1701 4900 praesidentis
1723 4827 1908 4894 electionem
1929 4833 2023 4896 etiam
2047 4853 2099 4898 ex·

1354 4923 1399 4976 tra
1420 4917 1589 4994 capitulum
1609 4926 1641 4980 et
1660 4924 1934 4998 congregationem
1948 4927 2099 4992 devenire

1352 5009 1470 5086 possint
1492 5017 1523 5072 et
1544 5009 1684 5074 debeant.
1708 5013 1773 5087 Quo
1787 5023 1891 5080 autem
1905 5021 1941 5081 ad
1956 5023 2099 5084 commis·

1351 5103 1456 5176 sarics,
1479 5104 1533 5182 qui
1553 5105 1589 5168 ad
1610 5105 1775 5172 visitandas
1797 5111 1968 5187 provincias
1995 5132 2029 5177 ac
2051 5132 2098 5178 ce·

1352 5194 1496 5260 lebranda
1510 5197 1643 5274 capitula
1658 5199 1798 5278 deputari
1814 5204 1937 5282 debent,
1953 5223 2026 5270 cum
2043 5211 2098 5272 hoc

1352 5289 1511 5368 hucusque
1532 5292 1615 5353 varie
1635 5295 1835 5370 practicatum
1856 5297 1968 5375 tuerit,
1991 5302 2098 5366 volen-

1352 5389 1397 5443 tes
1418 5399 1485 5444 rem
1506 5385 1585 5446 hanc
1599 5388 1635 5448 ad
1650 5394 1779 5464 certam,
1794 5391 1937 5454 stabilem
1951 5411 1985 5456 ac
1999 5397 2097 5472 magis

1350 5491 1518 5552 congruam
1535 5479 1717 5542 methodum
1732 5481 1885 5560 redigere,
1901 5487 2097 5552 decernimus

1351 5577 1385 5628 ut
1406 5570 1611 5649 imposterum
1625 5573 1756 5637 debeant
1776 5578 1891 5639 assunn
1913 5595 1977 5642 uon
1992 5597 2031 5644 ex
2045 5584 2097 5646 illa

1350 5664 1520 5740 provincia,
1543 5665 1597 5726 ubi
1618 5665 1788 5743 capitulum
1803 5676 1849 5730 est
1862 5671 2094 5754 celebrandum,

1349 5754 1402 5816 sed
1424 5772 1463 5817 ex
1483 5757 1590 5833 attera,
1613 5763 1653 5819 ne
1675 5759 1766 5822 rebus
1787 5765 1918 5841 propriis
1933 5776 1964 5830 et
1984 5771 2095 5833 amico-

1350 5865 1421 5912 rum
1441 5849 1637 5913 solummodo
1664 5852 1897 5936 incumbentes,
1920 5861 2002 5940 leges
2023 5880 2095 5929 con-
