4848 6990
969 601 1160 646 xcexanbnn
1183 601 1249 644 lllll.
1323 628 1328 642 a

332 721 478 801 oppidum
499 723 538 782 16
559 720 696 782 Nankim
724 729 949 799 nuncupatum,
971 717 1078 796 ampli·

334 816 456 888 tudine,
486 813 646 876 fertilitate
671 821 702 876 et
731 813 991 876 commerciorum
1020 811 1079 874 116-

331 909 455 986 quentia
474 907 606 980 celebre,
624 908 655 969 in
670 907 752 968 dicto
766 906 876 985 oppido
890 908 927 968 de
942 905 1078 968 Nanlxim

332 1017 392 1062 nna
413 1000 540 1062 ecclesia
572 1001 680 1062 Beatae
702 999 824 1075 Virgini
855 1000 962 1072 dicata,
985 999 1078 1060 altera

331 1094 407 1156 inibi
438 1094 603 1166 existente,
636 1093 734 1154 maior
759 1100 791 1152 et
818 1092 1005 1170 principalis,
1029 1091 1077 1153 cui

331 1187 468 1249 eiusdem
490 1185 572 1262 regis
599 1186 740 1247 Lusitani
768 1184 953 1246 missionarii
982 1179 1079 1246 inser·

331 1280 432 1353 11661,
455 1286 486 1340 61
508 1278 540 1339 16
562 1295 621 1356 qua
643 1277 753 1339 missae
774 1287 804 1339 et
823 1278 879 1338 alia
894 1277 998 1338 divina
1014 1277 1078 1338 olli·

329 1373 375 1435 cia
395 1372 591 1434 celebrantur
613 1379 643 1433 61
664 1372 866 1434 ecclesiastica
889 1377 1078 1432 sacramenta

330 1466 597 1540 administrantur,
620 1465 803 1543 iampridem
835 1471 936 1525 616616
957 1470 987 1525 61
1008 1463 1078 1524 166-

330 1561 396 1621 11616
418 1559 540 1632 existat,
562 1574 635 1620 cum
656 1559 788 1618 sacrario
803 1557 838 1618 ad
854 1558 998 1620 divinum
1014 1555 1078 1618 cul-

332 1660 398 1714 tum
426 1651 620 1714 sufficienter
652 1652 821 1726 instruct03
855 1658 1078 1729 proptereaque

330 1747 445 1808 dictum
466 1744 614 1823 oppidum
636 1747 674 1807 16
688 1743 825 1806 Nanlxim
840 1761 855 1803 a
871 1743 1002 1806 dioecesi
1019 1743 1078 1804 116-

328 1839 494 1902 cbaonensi
525 1839 757 1912 dismembrari,
790 1845 821 1899 et
850 1838 881 1898 in
907 1837 1076 1909 civitatem,

328 1931 502 2009 dictamque
522 1932 681 1994 ecclesiam
703 1931 812 1992 Beatae
830 1929 969 2006 Virginis
984 1929 1016 1988 in
1031 1945 1078 1989 ca-

1136 733 1219 778 mam
1234 717 1415 779 cathedralis
1430 719 1575 782 ecciesiae
1591 721 1686 798 redigi
1703 721 1801 797 iaciat,
1815 739 1886 786 nec·

1137 825 1201 872 non
1231 811 1262 871 in
1291 811 1325 872 eal
1351 819 1381 873 et
1407 811 1506 874 dictae
1533 813 1667 876 civitatis
1693 817 1885 878 6661661661

1135 903 1279 966 ecclesiae
1302 901 1433 968 dioecesi
1456 912 1500 968 tot
1524 907 1701 984 dignitates,
1727 911 1886 972 canonica·

1137 1003 1186 1056 tus
1207 1005 1238 1058 et
1260 998 1460 1075 praebendas,
1482 999 1602 1076 aliaque
1623 1001 1771 1063 beneficia
1791 1003 1887 1064 eccle-

1134 1089 1263 1165 siastica,
1286 1107 1359 1152 cuin
1380 1093 1453 1154 6611
1475 1099 1505 1154 61
1527 1095 1596 1154 6166
1617 1094 1700 1169 cura,
1717 1102 1793 1172 quot
1810 1096 1885 1158 inibi

1135 1183 1241 1244 (lirino
1262 1184 1359 1246 cultui
1381 1191 1413 1245 et
1433 1184 1531 1246 dictae
1552 1187 1696 1250 ecciesiae
1710 1189 1837 1251 66111116
1852 1207 1886 1252 66

1135 1276 1328 1338 6661661661161
1363 1277 1438 1338 61611
1473 1280 1576 1342 decori
1607 1280 1664 1342 sibi
1696 1282 1885 1344 ridebuntur

1134 1370 1315 1445 convenire,
1338 1370 1376 1431 do
1398 1371 1545 1448 praedicti
1573 1373 1654 1434 Petri
1678 1381 1709 1436 et
1731 1390 1785 1452 pro
1807 1381 1886 1436 tem-

1135 1477 1208 1538 pore
1222 1462 1384 1524 existentis
1399 1463 1606 1540 Portugalliae
1620 1473 1651 1526 et
1667 1467 1883 1542 algarotorom

1135 1554 1216 1630 regis
1237 1555 1365 1616 consilio
1386 1564 1417 1617 et
1435 1574 1573 1632 assensu,
1590 1575 1623 1619 ac
1638 1561 1760 1636 praevii
1775 1577 1885 1623 eorum

1134 1649 1271 1721 congrui
1292 1649 1458 1724 dotatione,
1481 1650 1716 1729 quamprimum
1736 1653 1886 1730 1611661-

1134 1739 1204 1813 erit,
1226 1741 1327 1816 erigat
1349 1749 1379 1802 61
1401 1741 1555 1818 166111661,
1579 1760 1703 1808 necnon
1731 1746 1885 1823 episcopa·

1134 1832 1194 1892 lem
1222 1833 1485 1910 iurisdictionem,
1511 1838 1725 1900 auctoritatem
1747 1848 1779 1900 et
1800 1846 1883 1916 pote-

1133 1932 1245 1988 statem
1259 1943 1415 2001 exercere,
1432 1929 1600 2007 omniaque
1614 1937 1644 1992 et
1658 1931 1793 2008 singula,
1806 1948 1884 2009 quae

1810 589 1866 650 123
1917 587 1970 639 An.
1985 589 2015 639 Ο.
2037 587 2105 641 1690

328 2025 499 2086 tbedralem
519 2025 610 2100 erigi,
633 2033 664 2086 61
686 2025 717 2086 16
740 2025 773 2086 ea
795 2023 982 2086 catholicum
1000 2022 1078 2084 anti·
1133 2019 1262 2094 ordinis,
1286 2035 1424 2098 quaeque
1451 2021 1684 2098 iurisdictionis,
1707 2031 1737 2086 et
1758 2024 1883 2088 cuiusli-

327 2119 431 2180 stitem
453 2127 483 2180 et
504 2125 656 2196 pastorem
679 2119 840 2196 proprium
867 2116 1000 2188 institui,
1024 2115 1076 2192 qui
1134 2111 1184 2172 bet
1211 2112 1338 2174 alterius
1366 2115 1506 2176 muneris
1534 2116 1712 2195 episcopalis
1740 2125 1829 2193 sunt,
1852 2125 1883 2179 et

327 2212 398 2273 illos
417 2212 516 2273 adbuc
537 2211 652 2273 debiles
674 2211 705 2271 in
730 2212 790 2289 ipsa
806 2211 866 2271 ilde
879 2210 1075 2282 confirmare,
1133 2221 1211 2282 quae
1232 2205 1284 2265 alii
1307 2214 1369 2267 tam
1390 2207 1422 2267 in
1444 2208 1650 2284 Portugalliae
1670 2217 1703 2272 et
1723 2211 1884 2286 algaudo-

327 2315 358 2368 et
380 2305 494 2366 maiora
513 2305 678 2366 seminaria
701 2303 850 2382 plantare,
867 2302 1078 2379 dominicique
1133 2313 1204 2359 rum
1221 2299 1326 2374 regnis
1341 2306 1371 2360 et
1387 2301 1533 2362 dominiis
1548 2318 1640 2380 quam
1655 2303 1726 2365 alibi
1743 2305 1883 2367 ubicum-

327 2399 417 2460 ovilis
437 2405 519 2475 septa
541 2397 713 2472 6611116616,
735 2404 898 2474 ceteraque
917 2395 1076 2473 666111166-
1133 2405 1192 2470 que
1219 2393 1377 2454 constituti
1407 2393 1548 2472 Episcopi
1575 2395 1608 2456 in
1636 2396 1699 2457 suis
1729 2398 1881 2474 ecclesiis,

327 2493 366 2553 lia
387 2491 492 2552 omnia
513 2491 546 2552 in
569 2491 629 2551 illis
649 2490 785 2568 partibus
817 2505 961 2550 exercere
982 2487 1077 2565 possit
1132 2483 1307 2546 civitatibus
1329 2493 1360 2546 61
1385 2486 1587 2562 dioecesibus,
1611 2489 1648 2548 de
1669 2489 1738 2552 iure
1759 2499 1790 2551 et
1812 2507 1882 2552 con-

327 2594 358 2648 61
386 2585 505 2657 debeat,
533 2585 664 2646 omnino
695 2583 871 2660 expediret;
904 2580 1076 2643 devotionis
1131 2578 1309 2652 suetudine,
1333 2579 1382 2639 vel
1404 2579 1476 2640 61116
1504 2581 1733 2658 quomodolibet
1761 2601 1800 2645 ex
1821 2585 1882 2662 pri·

327 2693 400 2740 suae
421 2677 488 2738 zelo
509 2677 632 2750 ductus,
655 2675 776 2755 populis
802 2675 834 2735 in
857 2675 918 2736 illis
939 2674 1076 2752 partibus
1132 2671 1265 2746 vilegiis,
1289 2673 1393 2746 gratiis
1408 2681 1438 2734 et
1454 2673 1584 2736 indultis
1597 2691 1631 2736 ac
1646 2675 1885 2753 dispensationi-

327 2771 513 2847 degentibns
527 2771 689 2832 consulere
703 2769 876 2848 plurimum
890 2773 1074 2846 exoptasset,
1131 2764 1188 2826 bus
1209 2765 1391 2842 apostolicis,
1414 2783 1628 2846 quaecumque
1649 2769 1768 2832 luerint
1790 2772 1882 2833 etiam

328 2881 361 2926 66
382 2864 469 2927 nobis
489 2880 582 2941 super
604 2865 662 2925 boc
683 2879 738 2941 per
758 2863 824 2924 eius
839 2861 957 2923 litteras
972 2861 1075 2921 bumi-
1131 2873 1185 2936 per
1216 2857 1288 2918 alias
1320 2858 1438 2921 litteras
1469 2862 1647 2938 apostolicas
1678 2863 1722 2925 eis
1750 2866 1882 2943 desuper

327 2957 400 3018 liter
419 2956 633 3035 supplicasset:
1131 2951 1320 3014 nominatim
1341 2960 1373 3014 61
1393 2955 1426 3014 16
1446 2956 1547 3033 666616
1574 2972 1726 3031 66666666,
1748 2959 1881 3023 6661611-
1996 2939 1998 2944 ’

93 3044 309 3154 „offlfflngffig
366 3051 435 3126 52.
460 3051 574 3114 idcirco
596 3065 663 3124 nos,
685 3048 806 3112 matura
827 3063 920 3126 super
940 3047 988 3108 bis
1002 3061 1075 3108 cum
1130 3051 1193 3106 1616
1214 3055 1245 3108 61
1266 3045 1409 3109 facultate
1436 3049 1556 3110 sullulti
1582 3049 1692 3124 iacere,
1715 3051 1881 3129 atquibus

96 3109 308 3216 auioeoesfna-
326 3145 487 3208 nonnullis
521 3143 750 3206 venerabilibus
785 3142 929 3203 iratribus
961 3139 1076 3202 nostris
1130 3138 1176 3198 uti
1197 3138 1297 3200 solent
1320 3147 1350 3202 61
1371 3148 1511 3218 possunt,
1535 3141 1756 3220 parilormiter,
1783 3159 1881 3221 aeque

97 3205 239 3252 cumaena.
326 3239 356 3302 S.
377 3239 413 3300 ll.
435 3239 471 3300 E.
495 3237 708 3302 Gardinalibus
730 3235 987 3312 congregationis
1008 3250 1074 3312 par·
1130 3231 1355 3309 principaliter,
1377 3242 1408 3296 et
1429 3235 1543 3314 absque
1566 3233 1626 3297 ulla
1648 3251 1773 3312 prorsus
1795 3236 1880 3298 dilie-

326 3332 462 3394 ticularis
483 3333 520 3394 de
547 3331 744 3409 Propagandi
772 3330 846 3392 Eide
866 3343 960 3405 super
981 3327 1073 3389 rebus
1130 3325 1239 3400 166111,
1262 3327 1392 3403 perinde
1413 3344 1446 3390 ac
1466 3328 1492 3389 si
1513 3328 1570 3390 sibi
1592 3345 1717 3408 quoque
1738 3331 1881 3392 nomina·

323 3425 482 3486 indiarum
496 3424 702 3488 Orientalium
715 3421 887 3501 specialiter
900 3420 1072 3498 deputatae,
1130 3417 1186 3478 tim
1208 3425 1238 3480 61
1259 3419 1292 3480 16
1314 3421 1415 3498 666616
1434 3437 1576 3484 concessa
1596 3429 1628 3483 61
1649 3439 1790 3502 61616666
1806 3423 1880 3486 luis-

324 3516 375 3576 661
396 3515 558 3591 negotium
586 3513 868 3577 dismembrationis
888 3518 919 3574 61
945 3510 1073 3572 erectio·
1127 3518 1209 3586 sent,
1232 3511 1351 3574 etiamsi
1373 3513 1442 3575 talia
1462 3515 1526 3578 sint
1547 3531 1626 3596 quae
1643 3516 1808 3596 specialem
1824 3533 1880 3579 no-

324 3607 373 3669 nis
395 3607 572 3669 huiusmodi
587 3606 816 3668 discutiendum
831 3623 847 3666 6
863 3604 951 3666 nobis
966 3603 1074 3665 remis·
1129 3609 1191 3664 tam
1213 3609 1243 3666 et
1264 3605 1459 3667 mentionem
1480 3607 1642 3685 requirant
1663 3615 1693 3670 et
1712 3609 1771 3670 sub
1786 3625 1879 3686 gene-

323 3715 394 3764 sum
415 3699 526 3774 luerat,
549 3700 651 3762 babiti
672 3699 904 3771 deliberatione,
925 3695 1071 3774 oppidum
1128 3695 1184 3756 1611
1205 3697 1401 3759 concessione
1424 3714 1487 3762 non
1509 3701 1649 3776 1661661,
1666 3701 1699 3762 16
1721 3703 1775 3764 sual
1796 3703 1879 3766 dioe-

324 3793 515 3872 praedictum
536 3794 574 3854 de
595 3789 731 3854 Nanlxim
753 3790 915 3868 episcopali
938 3797 969 3850 et
989 3787 1072 3850 civili
1127 3789 1188 3850 cesi
1209 3791 1246 3852 de
1267 3789 1404 3854 Nanklm
1423 3790 1534 3866 166616,
1550 3808 1659 3869 gerere
1680 3803 1711 3856 et
1734 3810 1880 3858 exercere

324 3884 416 3948 titulo
437 3886 570 3960 dignum
592 3884 773 3957 iudicantes,
797 3882 916 3961 piisque
930 3881 1003 3944 dicti
1019 3881 1071 3942 Pe·
1127 3880 1225 3944 libere
1246 3890 1276 3944 et
1295 3882 1377 3945 licite
1391 3885 1486 3963 possit
1501 3893 1532 3946 61
1546 3885 1665 3962 debeat,
1681 3903 1714 3949 ac
1729 3903 1785 3966 pro
1801 3894 1878 3950 tem·

323 3981 365 4040 111
387 3979 470 4054 16616
490 3977 568 4038 16116
590 3975 725 4038 libenter
746 3983 933 4050 annuentes,
960 3977 998 4038 16
1019 3991 1071 4036 re·
1128 3989 1202 4052 6616
1221 3975 1367 4038 existenti
1390 3977 1626 4058 archiepiscopo
1640 3981 1794 4043 Goanensi
1810 3981 1878 4044 iure

324 4071 510 4134 nerabilium
549 4068 680 4132 iratrnm
719 4077 898 4130 nostrorum
933 4069 1072 4130 eiusdem
1126 4069 1363 4146 metropolitico,
1386 4078 1479 4147 prout
1500 4079 1572 4134 ante
1598 4075 1824 4151 separationem
1847 4082 1878 4136 61

324 4165 355 4228 S.
379 4165 415 4226 n.
439 4163 474 4224 Ε.
499 4161 1070 4235 (161116611661666611166166666611,
1128 4161 1434 4226 dismembrationem
1443 4163 1622 4228 huiusmodi
1634 4167 1794 4242 existebat,
1807 4167 1879 4230 sub-

324 4259 421 4337 deque
452 4255 634 4335 apostolicae
668 4255 826 4334 potestatis
857 4255 1070 4332 plenitudine,
1126 4254 1177 4329 sit,
1200 4269 1272 4316 cum
1293 4255 1365 4318 6616
1386 4264 1417 4318 61
1438 4259 1557 4332 mensa,
1580 4258 1709 4337 aliisque
1735 4259 1878 4336 insigniis

323 4349 471 4430 oppidum
492 4349 532 4410 de
557 4347 694 4411 Nanlxim
721 4350 909 4427 praedictum
933 4349 971 4410 ab
991 4349 1073 4411 ordi·
1127 4347 1359 4425 episcopalibus,
1372 4365 1496 4412 necnon
1511 4351 1764 4430 praeeminentiis
1779 4361 1809 4414 et
1824 4354 1878 4415 bo-

323 4445 409 4508 naria
430 4443 641 4506 iurisdictione
663 4443 804 4522 Episcopi
830 4434 1070 4517 llaebaonensis,
1127 4441 1267 4514 naribus,
1282 4441 1467 4520 privilegiis,
1484 4444 1745 4521 immanitatibus,
1762 4453 1793 4508 et
1810 4462 1879 4522 gra·

323 4536 486 4617 apostolica
506 4538 699 4611 auctoritate,
722 4537 1069 4615 tenorepraesentium,
1128 4534 1193 4609 tiis,
1218 4535 1430 4612 spiritualibus
1454 4543 1486 4599 61
1511 4538 1749 4616 temporalibus,
1776 4555 1877 4618 perso-

323 4638 472 4708 66166166
498 4645 713 4706 segregamus,
743 4629 925 4703 dividimus,
952 4645 1073 4707 separa·
1127 4628 1260 4703 nalibus,
1283 4629 1416 4691 realibus
1438 4637 1468 4692 et
1490 4631 1606 4707 mixtis,
1630 4633 1743 4710 quibus
1756 4640 1878 4695 ceterae

323 4739 394 4786 mus
420 4729 451 4784 61
478 4721 750 4796 dismembramns,
777 4721 928 4799 illudque,
951 4738 984 4783 ac
1005 4722 1071 4783 eius
1126 4721 1313 4784 cathedrales
1335 4723 1478 4804 ecclesiae
1493 4739 1665 4800 regnorum
1679 4735 1711 4787 et
1725 4726 1877 4788 dominio·

322 4815 442 4880 clerum
463 4823 495 4876 et
516 4815 677 4894 populum,
700 4816 798 4892 quoad
824 4814 925 4890 legem
952 4813 1072 4876 dioece-
1127 4830 1198 4876 rum
1214 4815 1440 4895 praedictorum
1455 4817 1601 4880 similiter
1616 4819 1879 4882 161616161666-

321 4923 428 4972 sanam
449 4909 486 4970 ab
509 4908 647 4986 Episcopi
663 4908 892 4970 lllacbaonensis
905 4907 1072 4986 superiori·
1126 4909 1293 4973 suetudine
1306 4917 1360 4972 aut
1372 4910 1497 4989 speciali
1508 4911 1674 4988 privilegio
1687 4929 1743 4974 seu
1758 4913 1878 4976 indulto

323 5009 395 5077 1616,
422 5001 647 5076 1611611611666,
673 5007 833 5078 potestate,
866 5001 1069 5078 subiectione,
1127 5003 1303 5082 apostolice,
1320 5004 1370 5066 161
1384 5003 1456 5066 ali'as
1470 5005 1712 5082 quomodolibet,
1730 5013 1876 5080 utuntur,

321 5095 499 5158 visitatione
516 5104 546 5158 et
561 5095 752 5157 correctione
766 5110 890 5172 prorsus
905 5095 1071 5158 eximimus
1127 5095 1290 5172 potiuntur
1311 5105 1343 5158 61
1364 5099 1510 5174 gaudent,
1527 5115 1561 5162 ac
1576 5098 1635 5173 uti,
1652 5099 1876 5176 66111161666-

321 5197 353 5252 et
374 5190 552 5263 liberamus,
567 5207 601 5252 ac
622 5188 769 5266 oppidum
784 5187 1071 5267 16Ν66111166166-
1127 5189 1200 5251 dere
1230 5197 1377 5266 poterunt
1405 5192 1636 5268 quomodolibet
1661 5193 1695 5254 in
1717 5193 1872 5269 laturum,

321 5282 439 5345 dictum
463 5281 610 5356 civitatis,
632 5281 776 5359 illiusque
809 5281 923 5343 incolas
954 5281 1070 5344 civium
1102 5281 1535 5356 ,16611611111666666111661
1561 5286 1719 5364 potestatis
1741 5286 1877 5364 plenitu-

321 5375 571 5451 6616166,111616
589 5384 619 5437 et
640 5375 759 5436 bonore
772 5373 964 5449 decoramus,
980 5375 1071 5436 illud·
1126 5374 1571 5452 dine,apostolicaauctoritate
1582 5376 1876 5456 praedictaearum·

321 5471 436 5548 quein
458 5469 630 5544 civitatem,
658 5485 736 5546 quae
757 5471 795 5530 de
821 5467 957 5530 Nankim
977 5469 1070 5530 deno·
1125 5465 1198 5528 dem
1226 5475 1335 5530 tenore
1360 5471 1582 5548 praesentium,
1605 5471 1699 5532 etiam
1726 5479 1875 5550 perpetuo

322 5564 472 5638 minetur,
495 5570 526 5624 61
546 5563 580 5624 16
601 5579 638 5624 66
658 5563 770 5625 dictam
789 5563 948 5625 ecclesiam
963 5563 1070 5624 Beatae
1125 5560 1276 5637 erigimus
1297 5570 1327 5624 et
1348 5564 1552 5627 instituimus.

322 5653 445 5732 Virgini
472 5657 601 5719 dicatam
622 5657 655 5718 in
677 5655 885 5719 cathedralem
910 5656 1069 5719 ecclesiam
1164 5658 1183 5732 ἓ
1205 5656 1233 5717 3.
1258 5658 1301 5719 Ac
1321 5659 1421 5720 eidem
1442 5659 1485 5720 sic
1506 5668 1626 5722 erectae
1656 5659 1800 5723 ecclesiae
1822 5677 1874 5740 op·
1911 5687 2021 5733 gamana
2037 5686 2106 5733 arou·

1892 5739 1955 5786 cesis
1976 5741 2036 5787 11611
2054 5741 2107 5798 epi·

321 5749 380 5812 sub
399 5749 594 5811 invocatione
620 5749 761 5811 eiusdem
788 5749 897 5811 Beatae
918 5748 1068 5826 Virginis,
1125 5749 1232 5827 pidum
1254 5753 1291 5813 de
1306 5749 1443 5814 Nankim
1456 5753 1499 5814 sic
1513 5753 1545 5814 in
1561 5754 1718 5815 civitatem
1734 5759 1873 5815 erectum
1892 5797 2017 5850 scopatae.

322 5858 378 5921 pro
399 5859 462 5904 arno
482 5841 630 5921 Episcopo
645 5843 682 5904 de
697 5841 834 5904 Naulim
849 5843 1066 5920 nuncupando,
1124 5857 1179 5919 pro
1200 5843 1335 5920 civitate,
1359 5851 1390 5905 et
1410 5843 1467 5906 alia
1495 5846 1614 5924 oppida,
1639 5857 1747 5921 castra,
1771 5846 1871 5922 villas,

322 5935 375 6015 qui
396 5935 443 5998 illi
464 5935 588 6015 praesit,
610 5953 644 5998 ac
664 5936 825 6000 ecclesiam
845 5935 943 6016 ipsam
957 5935 993 5997 ad
1009 5936 1068 5998 ior·
1126 5935 1279 5998 territoria
1302 5947 1332 5998 et
1353 5937 1510 6000 districtus
1531 5937 1629 6001 dictae
1650 5937 1796 6002 dioecesis
1813 5941 1873 6003 116-
