4848 6990
110 581 171 632 An.
194 581 312 634 O.1690

974 593 1165 642 xtssxxxbsslt
1188 595 1257 640 vill.

345 717 566 781 troversiarum
594 717 847 780 terminationem
875 717 983 794 rigore
1003 729 1088 794 prae-

342 813 438 876 sentis
459 813 558 874 nostri
579 811 692 876 decreti
718 811 863 874 distincte
885 807 1033 873 devenire
1055 814 1089 871 ct

343 906 422 970 inira
442 908 624 970 statuimus:

126 1007 163 1050 ue
183 1003 323 1052 meracum
383 1021 401 1062 c
417 1021 437 1064 ι.
454 1001 646 1066 auctoritate
661 1001 756 1078 igitur
767 1000 806 1061 ab
819 999 928 1062 eodem
943 997 997 1062 SS.
1009 995 1086 1059 O.N.

98 1059 242 1112 generalis.

343 1095 432 1158 uobis
442 1096 599 1170 attributi,
616 1097 762 1158 volumus
773 1103 865 1174 atque
880 1092 1087 1166 decernimus

344 1197 379 1252 ut
400 1191 432 1252 iu
454 1197 614 1270 posterum
646 1197 709 1252 tam
731 1197 818 1269 pater
839 1188 934 1250 irater
960 1187 1088 1248 loannes

343 1281 381 1344 de
414 1279 579 1356 Gabaleda,
612 1297 757 1360 praesens
789 1280 958 1358 generalis,
995 1293 1088 1356 quam

343 1393 450 1438 omues
478 1383 509 1438 et
536 1375 652 1452 singuli
683 1376 782 1438 lutari
803 1383 833 1436 et
860 1391 917 1452 pro
949 1381 1088 1451 tempore

343 1473 512 1534 existentes
533 1471 693 1549 generales
714 1485 801 1532 suam
826 1467 1025 1530 residentiam
1046 1464 1088 1524 la-

342 1583 412 1628 cere
432 1573 599 1628 teneantur
615 1566 647 1628 iu
669 1569 838 1636 conventu,
851 1562 943 1622 domo
964 1575 1019 1622 seu
1034 1561 1089 1620 ho-

342 1659 442 1738 spitali
463 1659 651 1737 designando
673 1658 706 1720 iu
727 1657 834 1720 loturo
849 1654 990 1735 proximo
1011 1655 1090 1731 capi-

347 1753 412 1816 tulo
424 1753 564 1830 generali
576 1769 633 1816 suo
644 1761 785 1830 tempore
796 1748 989 1824 celebrando,
1003 1749 1090 1810 cuius

343 1848 471 1910 arbitrio
500 1856 593 1926 atque
621 1845 821 1908 declarationi
842 1843 969 1905 totalem
995 1841 1088 1902 buius

342 1941 388 2002 rei
410 1940 663 2002 terminationem
694 1938 854 2001 remittere
884 1933 1086 2007 intendimus,

344 2041 435 2112 prout
460 2034 613 2112 praesenti
640 2032 763 2094 decreto
788 2029 988 2091 remittimus.
1013 2027 1088 2088 llor-

345 2137 446 2190 tamur
478 2133 582 2188 tamen
611 2135 643 2188 et
665 2127 697 2188 in
726 2125 857 2187 Domino
885 2123 1087 2185 admonemus

341 2236 449 2283 omues
471 2228 501 2282 et
521 2220 662 2297 singulos
683 2218 815 2292 vocales,
831 2218 867 2278 ad
882 2233 959 2294 quos
972 2221 1087 2293 specta·

343 2314 386 2378 bit
406 2313 488 2376 dicto
509 2313 641 2392 capitulo
663 2313 886 2385 interessent,
910 2310 987 2370 circa
1008 2309 1087 2370 hauc

341 2409 587 2484 designationem
619 2405 677 2468 loci
705 2421 760 2468 scu
787 2410 959 2467 conventus
981 2411 1012 2464 et
1033 2401 1087 2462 lto-

340 2501 468 2580 spitalis,
491 2501 520 2562 id
542 2505 696 2576 statuant,
720 2500 800 2577 quod
822 2513 877 2576 pro
898 2497 979 2558 bono
1007 2495 1087 2573 pacis

340 2613 373 2657 ac
394 2594 554 2671 religionis
574 2593 708 2655 utilitate
729 2599 760 2653 et
781 2592 975 2654 incremento
996 2603 1087 2668 expe·

340 2687 427 2750 diens
453 2702 517 2750 esse
544 2686 743 2762 censueriut;
766 2693 797 2746 et
818 2683 945 2746 iuterim
973 2697 1029 2760 pro
1050 2695 1086 2742 eo

342 2788 481 2859 tempore
502 2781 693 2842 decurrendo
716 2794 814 2856 usque
835 2777 871 2840 ad
893 2775 1028 2854 primum
1041 2791 1086 2836 ca-

340 2875 475 2953 pitulum
497 2873 641 2936 laturum
661 2871 806 2948 generale
827 2870 1023 2946 iniungimus
1037 2885 1086 2947 pa-

342 2967 382 3029 tri
403 2967 490 3028 tratri
511 2965 617 3029 loanni
640 2965 677 3026 de
699 2963 846 3028 Gabaleda
863 2963 1013 3025 moderno
1036 2977 1088 3038 ge-

341 3059 459 3134 nerali,
492 3068 527 3123 ut
559 3061 623 3138 ipse
648 3059 708 3120 und
736 3073 808 3119 cum
839 3058 901 3118 tota
927 3055 981 3117 sud
1002 3055 1086 3117 curii

340 3153 476 3216 residere
496 3161 640 3216 teneatur
654 3153 687 3213 iu
703 3157 860 3213 conventu
876 3149 927 3211 vel
946 3148 1085 3228 hospitali

339 3247 464 3322 Matriti,
486 3253 579 3326 prout
600 3246 640 3307 ibi
663 3244 798 3308 residere
818 3241 1014 3304 mandamus:

1813 581 1866 648 itt

1145 719 1230 782 iuxta
1245 719 1480 783 canstitutioues
1492 717 1613 782 Ordinis
1628 719 1835 798 componitur,
1852 721 1888 783 ad

1144 814 1290 876 ellectum
1305 820 1340 875 ut
1354 813 1389 874 ad
1413 821 1555 876 tenorem
1576 813 1890 878 dictarum‘coustitu-

1144 908 1266 970 tionum
1288 908 1351 986 ipse
1372 914 1458 988 pater
1490 907 1642 984 generalis
1662 924 1733 970 cum
1760 924 1816 970 suo
1837 907 1888 970 de-

1145 1001 1281 1064 linitorio
1312 1017 1368 1079 pro
1399 1001 1605 1064 celebratione
1635 1000 1733 1063 lutari
1764 1001 1888 1080 capituli

1144 1094 1322 1158 intermedii
1344 1095 1533 1158 determinet
1554 1110 1609 1158 seu
1630 1095 1765 1171 assignet
1786 1094 1888 1158 locum

1145 1189 1235 1251 illum
1255 1189 1321 1250 sive
1342 1196 1535 1252 conventum
1553 1189 1604 1252 vel
1624 1189 1784 1268 hospitale,
1807 1191 1887 1268 quod

1143 1282 1241 1358 magis
1262 1282 1472 1357 commodum,
1499 1281 1577 1345 utile
1598 1292 1651 1348 aut
1678 1283 1887 1346 necessarium

1143 1391 1198 1452 pro
1219 1375 1311 1436 rebus
1341 1375 1502 1451 religionis
1522 1375 1649 1452 agendis
1676 1383 1767 1454 atque
1789 1377 1890 1438 deter-

1143 1469 1300 1532 minandis
1314 1469 1416 1532 eidem
1429 1468 1609 1530 delinitorio
1624 1469 1792 1545 videbitur;
1815 1487 1889 1547 qua·

1144 1569 1235 1624 tenus
1255 1579 1343 1636 vero,
1358 1562 1410 1624 vel
1426 1563 1573 1640 temporis
1594 1563 1745 1640 augustia,
1761 1563 1812 1626 vel
1823 1580 1887 1626 mo·

1144 1663 1192 1717 tus
1214 1655 1247 1717 in
1268 1655 1420 1732 religione
1441 1657 1558 1732 exorti,
1581 1665 1612 1718 et
1633 1655 1756 1718 dissidia
1777 1658 1812 1718 ad
1835 1675 1887 1720 au-

1143 1764 1191 1810 res
1212 1755 1332 1812 nostras
1353 1766 1424 1812 cum
1452 1749 1581 1812 maximi
1601 1749 1697 1812 animi
1718 1751 1817 1813 nostri
1838 1753 1889 1815 ad·

1143 1841 1308 1904 miratione
1330 1849 1497 1920 perventa,
1520 1859 1583 1904 non
1606 1845 1824 1921 permitterent
1853 1854 1888 1908 ιιι

1143 1937 1215 1998 dicti
1235 1935 1414 1998 convocatio
1428 1936 1596 1999 delinitorii
1617 1937 1821 2002 inconvento
1836 1940 1887 2014 pel

1143 2029 1284 2108 hospitali
1297 2028 1487 2092 Cordubensi
1500 2037 1533 2093 ut
1547 2047 1639 2109 supra
1655 2033 1759 2110 peragi
1774 2041 1885 2111 posset,

1142 2133 1217 2185 tnnc
1237 2122 1271 2184 ad
1294 2123 1363 2186 illos
1383 2140 1439 2185 seu
1461 2123 1512 2185 illa
1533 2123 1675 2200 sedanda,
1689 2135 1780 2204 prout
1801 2125 1887 2190 decet

1142 2224 1173 2278 et
1194 2232 1250 2279 nos
1271 2219 1400 2281 omniuo
1422 2225 1602 2295 exoptamus
1630 2225 1723 2299 atque
1743 2221 1888 2299 praecipi-

1143 2325 1223 2384 mus,
1246 2328 1300 2390 pro
1314 2311 1370 2374 hac
1382 2311 1449 2374 vice
1463 2311 1583 2374 dictum
1602 2313 1781 2391 proximum
1803 2314 1887 2376 luta-

1142 2419 1214 2466 rum
1235 2403 1406 2482 capitulum
1427 2405 1649 2468 intermedium
1664 2406 1839 2469 celebretur
1854 2409 1886 2470 in

1141 2505 1300 2568 conventu
1325 2514 1381 2558 seu
1410 2498 1552 2577 hospitali
1579 2499 1766 2574 Matritensi,
1797 2509 1887 2580 prout

1141 2589 1194 2664 ibi,
1216 2605 1249 2651 ac
1264 2605 1328 2651 nou
1342 2589 1425 2666 alibi,
1441 2591 1517 2655 illud
1528 2592 1678 2656 celebrari
1693 2595 1884 2657 mandamus.

1142 2683 1188 2744 Ex
1208 2684 1264 2744 hac
1286 2690 1390 2748 tamen
1413 2685 1590 2764 provisione
1610 2702 1673 2748 non
1696 2687 1887 2752 intendimus

1141 2777 1317 2838 auctoritati
1338 2794 1371 2839 ac
1391 2777 1539 2853 facultati,
1553 2779 1634 2842 dicto
1655 2781 1735 2859 patri
1750 2781 1885 2858 generali

1141 2877 1171 2932 et
1192 2869 1367 2932 definitorio
1388 2873 1596 2950 competenti,
1620 2889 1678 2936 nec
1700 2875 1732 2936 iu
1754 2876 1887 2940 minimo

1140 2964 1242 3042 quoad
1273 2963 1331 3026 hoc
1359 2965 1560 3044 praeiudicari
1588 2967 1619 3030 iu
1647 2975 1807 3048 posterum
1829 2987 1887 3032 uu·

1140 3074 1252 3137 quam;
1274 3059 1327 3122 sed
1342 3074 1410 3120 eam
1424 3075 1547 3137 semper
1567 3061 1682 3123 salvam
1697 3069 1728 3123 et
1740 3063 1885 3126 intactam

1139 3167 1311 3214 remanere.
1347 3153 1377 3216 Si
1407 3168 1482 3214 vero
1512 3154 1583 3218 dicti
1604 3154 1681 3232 loci,
1712 3165 1885 3222 conventus

1137 3245 1204 3306 sive
1224 3245 1384 3324 hospitalis
1405 3247 1622 3310 determinatio
1643 3249 1693 3310 vel
1714 3250 1885 3328 designatio

140 3347 320 3411 peropacae
379 3357 447 3403 «u.
472 3339 561 3415 ltem,
584 3340 662 3402 circa
679 3338 918 3402 celebrationem
939 3335 1085 3414 capitulo·
1140 3339 1303 3400 commode
1323 3339 1391 3400 steri
1414 3337 1525 3416 valeat,
1549 3341 1665 3418 pariter
1686 3343 1786 3405 eidem
1806 3346 1884 3423 patri

108 3401 234 3446 trationis
248 3413 319 3459 capr·

106 3455 228 3500 talorum.

340 3450 410 3496 rum
442 3434 637 3510 generalium
657 3440 690 3494 et
712 3430 988 3505 intermedioruut,
1020 3430 1086 3509 pari

339 3535 444 3592 nostro
466 3533 616 3606 perpetuo
638 3526 772 3588 valituro
792 3524 916 3588 decreto
937 3524 1084 3603 praecipi-

339 3638 420 3698 mus,
443 3622 476 3684 in
497 3620 640 3684 loturum
663 3621 828 3682 servandas
849 3635 915 3680 esse
936 3619 1085 3681 constitn-

339 3717 438 3778 tiones
459 3715 580 3779 Ordinis
602 3715 635 3776 iu
656 3715 869 3792 capit.xv1.et
886 3729 1010 3789 xxxix,
1027 3713 1083 3776 hoc

338 3817 384 3872 est
404 3825 527 3888 semper
548 3816 578 3870 et
599 3809 631 3870 in
654 3817 839 3887 perpetuum
864 3809 1015 3887 praedicta
1037 3824 1083 3869 ca·

339 3903 434 3982 pitula
465 3900 645 3965 celebranda
676 3918 742 3963 esse
762 3901 795 3964 in
818 3902 896 3976 loco,
925 3909 1082 3962 conventu

337 4014 392 4060 sen
413 3995 555 4075 hospitali
570 4013 586 4056 a
601 4003 687 4076 patre
709 3995 844 4072 generali
859 3994 980 4058 Ordinis
1002 3995 1084 4056 eius·

338 4108 398 4170 qne
418 4091 595 4152 delinitorio
615 4105 671 4168 pro
694 4097 831 4166 tempore
857 4088 1009 4150 existente
1031 4086 1082 4148 de-

336 4185 502 4262 signando,
524 4183 632 4262 quavis
659 4183 772 4244 asserta
802 4183 1027 4246 cousuetudine
1049 4183 1080 4244 iu

337 4279 528 4340 contrarium
549 4294 613 4340 non
634 4277 791 4352 obstante,
815 4285 907 4357 prout
933 4278 1027 4340 etiam
1049 4279 1081 4340 in

338 4371 585 4448 congregatione
602 4371 823 4448 Episcoporum
834 4379 865 4434 et
879 4371 1081 4449 Regularium

336 4465 394 4528 sub
409 4465 458 4526 die
473 4479 550 4526 xvir.
571 4465 675 4525 martii
691 4481 889 4528 unccxxxrx.
907 4467 1081 4530 resolutum

337 4557 404 4620 luit.
418 4556 623 4634 proindeque,
636 4559 727 4620 modo
739 4558 937 4636 incipiendoa
948 4560 1082 4638 capitulo

336 4650 521 4714 intermedio
544 4657 577 4712 ut
600 4650 679 4712 inira
698 4651 890 4728 celebrando,
910 4655 1081 4731 praesentis

335 4744 452 4806 decreti
477 4751 596 4819 tenore,
612 4761 645 4806 ac
660 4745 778 4807 virtute
802 4755 923 4808 sanctae
938 4747 1081 4810 obedieu-

337 4837 407 4913 tiae,
420 4843 451 4898 et
462 4838 519 4900 sub
534 4837 641 4915 poeuis
656 4838 786 4900 interius
797 4839 1017 4916 exprimendis,
1033 4841 1080 4902 in-

334 4931 496 5007 iungimus
511 4941 542 4992 et
556 4931 738 4992 mandamus
759 4930 860 4992 eidem
880 4932 959 5009 patri
980 4931 1018 4994 ir.
1036 4933 1082 4994 lo-

334 5024 409 5086 anni
421 5025 458 5086 de
471 5023 627 5098 Cabaleda,
640 5031 676 5085 ut
686 5022 783 5102 (nulli
796 5023 896 5087 babiti
907 5025 1028 5088 ratione
1039 5026 1080 5088 al-

336 5117 432 5178 terius
453 5116 675 5195 cuiuscumque
693 5119 920 5180 convocationis
941 5120 1006 5180 sive
1019 5137 1035 5181 a
1049 5137 1082 5182 se

334 5211 400 5272 sire
414 5210 451 5272 ab
469 5209 548 5284 aliis,
570 5225 765 5288 quacumque
786 5212 977 5288 auctoritate,
993 5229 1081 5292 supe·

335 5304 474 5366 rioritate
505 5310 536 5364 et
567 5303 778 5365 iurisdictione
810 5305 951 5380 munitm,
980 5306 1081 5368 forsan

334 5413 416 5458 anuo
437 5396 578 5474 proxime
597 5397 696 5474 elapso
711 5396 817 5470 iactae,
834 5415 908 5477 quas
925 5409 1080 5477 tamquam

335 5507 389 5567 pro
412 5505 475 5551 nou
497 5489 583 5551 iactis
604 5489 710 5552 baberi
725 5497 757 5550 et
775 5491 893 5554 nullius
915 5492 1034 5554 roboris
1049 5509 1082 5556 ac

335 5582 487 5646 momenti
508 5597 573 5644 esse
600 5581 745 5646 volumus
767 5592 858 5662 atque
886 5586 1082 5664 mandamus)

334 5675 449 5750 statim,
472 5675 547 5736 risis
578 5676 804 5754 praesentibus,
827 5694 860 5738 se
881 5678 1017 5740 conterat
1045 5680 1080 5740 ad

335 5775 526 5831 coruveutum
546 5785 601 5830 seu
623 5769 772 5848 hospitale
788 5771 819 5832 in
835 5770 992 5833 civitatem
1008 5773 1082 5835 ilor-

335 5861 442 5938 duliae,
465 5861 571 5942 ibique
591 5871 740 5926 convocet
760 5879 869 5936 omues
890 5871 921 5926 et
941 5865 1081 5942 singulos

337 5962 447 6034 patres,
469 5971 524 6018 seu
546 5955 666 6032 tratres,
681 5972 720 6018 ex
735 5957 846 6036 quibus
867 5958 1080 6022 delinitorium

1139 3431 1276 3507 generali
1288 3433 1504 3512 praecipimus,
1521 3440 1556 3496 nt
1572 3450 1666 3496 novas
1681 3434 1798 3497 litteras
1813 3453 1884 3500 cort-

1138 3526 1307 3586 vocatorias
1338 3541 1394 3604 pro
1420 3527 1625 3589 celebratione
1656 3527 1728 3592 dieti
1759 3530 1885 3608 capituli

1138 3618 1317 3681 intermedii
1338 3618 1433 3699 (qnod
1454 3620 1511 3682 sub
1532 3617 1581 3682 die
1602 3637 1650 3681 111.
1675 3623 1791 3684 mensis
1811 3625 1885 3686 maii

1139 3712 1278 3789 proxime
1289 3713 1387 3776 taturi
1402 3713 1434 3778 in
1449 3713 1515 3776 loco
1531 3721 1565 3776 ut
1578 3730 1670 3792 supra
1683 3714 1883 3794 designando

1138 3806 1187 3867 vel
1210 3807 1243 3868 iu
1270 3815 1428 3868 conventu
1450 3807 1517 3868 sive
1544 3808 1686 3886 hospitali
1714 3811 1884 3874 llatriteusi

1138 3899 1259 3978 quoties
1281 3900 1496 3963 delinitorium
1510 3909 1603 3978 prout
1616 3917 1708 3980 supra
1722 3907 1885 3968 convocari

1138 4000 1282 4070 nequeat,
1305 3994 1372 4055 deri
1393 3992 1587 4074 mandamus)
1609 3996 1761 4074 expediat,
1783 4005 1813 4060 et
1827 3999 1885 4061 sub

1137 4087 1245 4166 poeuis
1280 4088 1407 4150 arbitrio
1439 4089 1577 4151 eiusdem
1607 4091 1700 4168 patris
1731 4091 1884 4168 generalis

1137 4197 1246 4243 omues
1267 4191 1298 4244 et
1318 4182 1457 4258 singulos
1485 4183 1616 4258 vocaleS,
1639 4185 1691 4262 qui
1718 4185 1831 4248 debent
1853 4194 1883 4248 et

1137 4282 1265 4352 possunt
1276 4278 1438 4340 commode
1452 4276 1600 4340 interesse
1614 4278 1811 4341 celebrationi
1828 4281 1884 4342 ltu-

1138 4369 1185 4430 ius
1216 4369 1363 4448 capituli,
1392 4379 1559 4448 convocet,
1583 4380 1617 4434 ut
1645 4389 1753 4436 omues
1780 4373 1884 4436 debito

1137 4471 1277 4542 tempore
1298 4465 1421 4528 valeant
1442 4466 1475 4526 iu
1496 4481 1597 4528 aruum
1618 4467 1801 4530 convenire:

1177 4573 1257 4622 «ιιι.
1287 4558 1374 4622 Sicut
1401 4567 1506 4622 antem
1535 4559 1566 4621 in
1595 4560 1705 4624 iisdem
1735 4561 1886 4624 coustitu-

1138 4654 1274 4716 ticoibus
1288 4652 1410 4716 Ordinis
1426 4668 1490 4730 cap.
1508 4669 1620 4716 xxxix.
1634 4653 1791 4730 statuitur,
1805 4654 1884 4716 elec-

1136 4747 1237 4809 tiones
1252 4746 1501 4824 provincialium,
1517 4745 1671 4826 priorum,
1688 4747 1883 4826 aliorumque

1136 4839 1313 4902 ollicialium
1341 4839 1491 4902 iaciendas
1520 4857 1586 4902 esse
1615 4840 1647 4900 iu
1673 4841 1805 4918 capitulo
1837 4842 1883 4901 iu·

1139 4931 1297 5006 termedo,
1320 4939 1351 4994 et
1373 4933 1439 4994 eius
1466 4933 1601 4996 officium
1626 4950 1681 5012 per
1711 4933 1882 4996 triennium

1137 5028 1248 5090 durare
1262 5043 1295 5088 ac
1316 5027 1487 5104 respective
1504 5027 1662 5090 absolvere
1685 5035 1822 5106 tempore
1836 5047 1882 5089 ca-

1136 5120 1227 5197 pituli
1255 5120 1425 5197 generalis;
1455 5121 1497 5182 ita
1526 5129 1629 5183 tamen
1659 5121 1884 5183 comutittimus

1135 5220 1168 5274 et
1188 5215 1370 5276 mandamus
1391 5215 1573 5276 servandam
1595 5230 1662 5277 esse
1688 5216 1804 5294 pariter
1825 5215 1884 5278 dis-

1136 5305 1320 5384 positionem
1351 5303 1629 5383 constitutionum,
1662 5316 1693 5370 et
1717 5309 1752 5370 ad
1775 5323 1881 5370 earum

1136 5401 1358 5480 praescriptum
1369 5401 1443 5479 eligi
1458 5417 1554 5464 novos
1570 5402 1786 5479 provinciales,
1803 5403 1883 5480 prio·

1135 5509 1183 5554 res
1206 5501 1237 5555 et
1258 5493 1400 5557 officiales
1415 5495 1447 5556 iu
1464 5495 1522 5557 boc
1542 5494 1676 5574 capitulo
1698 5495 1883 5556 intermedio

1136 5585 1884 5667 celebrando,illorumqueprovincialatus,prio-

1136 5687 1219 5742 ratus
1240 5687 1270 5740 et
1292 5679 1388 5742 officia
1411 5682 1578 5742 terminare
1593 5682 1704 5744 debere
1727 5682 1758 5742 iu
1780 5681 1882 5760 proxi-

1137 5789 1187 5834 mo
1209 5772 1343 5851 capitulo
1359 5773 1507 5850 generali,
1520 5775 1647 5853 perinde
1663 5773 1734 5836 acsi
1750 5775 1881 5838 luissent

1135 5881 1191 5928 suo
1213 5873 1353 5946 tempore
1372 5867 1481 5943 electi;
1504 5867 1546 5928 ita
1567 5875 1670 5930 mmeu
1686 5877 1719 5929 ut
1741 5868 1798 5947 ipsi
1814 5883 1883 5946 pro-

1136 5958 1300 6034 vinciales,
1334 5960 1452 6038 priores
1473 5967 1503 6023 et
1524 5959 1667 6025 officiales
1695 5960 1829 6041 gaudere
1851 5969 1882 6024 et

1919 580 1973 634 An.
1988 582 2018 635 0.
2040 583 2108 634 1690

1942 4571 1976 4614 lte
1990 4559 2113 4616 electione

1903 4621 2058 4670 officialium.
