<?xml version="1.0" encoding="UTF-8"?>
<!DOCTYPE html PUBLIC "-//W3C//DTD XHTML 1.0 Transitional//EN"
    "http://www.w3.org/TR/xhtml1/DTD/xhtml1-transitional.dtd">
<html xmlns="http://www.w3.org/1999/xhtml" xml:lang="en" lang="en">
 <head>
  <title>
</title>
<meta http-equiv="Content-Type" content="text/html;charset=utf-8" />
  <meta name='ocr-system' content='tesseract 3.04.00' />
  <meta name='ocr-capabilities' content='ocr_page ocr_carea ocr_par ocr_line ocrx_word'/>
</head>
<body>
  <div class='ocr_page' id='page_1' title='image "./iurispontificii04martgoog_0414.png"; bbox 0 0 4836 6998; ppageno 0'>
   <div class='ocr_carea' id='block_1_1' title="bbox 340 535 637 608">
    <p class='ocr_par' dir='ltr' id='par_1_1' title="bbox 340 535 637 608">
     <span class='ocr_line' id='line_1_1' title="bbox 340 535 637 608; baseline 0 -14"><span class='ocrx_word' id='word_1_1' title='bbox 340 537 393 594; x_wconf 77' lang='lat' dir='ltr'>Aa.</span> <span class='ocrx_word' id='word_1_2' title='bbox 408 539 438 596; x_wconf 83' lang='lat' dir='ltr'>O.</span> <span class='ocrx_word' id='word_1_3' title='bbox 459 541 528 595; x_wconf 80' lang='lat' dir='ltr'>itae</span> <span class='ocrx_word' id='word_1_4' title='bbox 578 535 637 608; x_wconf 66' lang='grc'>406</span> 
     </span>
    </p>
   </div>
   <div class='ocr_carea' id='block_1_2' title="bbox 556 678 1303 1768">
    <p class='ocr_par' dir='ltr' id='par_1_2' title="bbox 556 678 1303 1768">
     <span class='ocr_line' id='line_1_2' title="bbox 559 678 1302 759; baseline -0.005 -15"><span class='ocrx_word' id='word_1_5' title='bbox 559 686 607 744; x_wconf 90' lang='lat' dir='ltr'>tus</span> <span class='ocrx_word' id='word_1_6' title='bbox 622 679 726 742; x_wconf 90' lang='lat' dir='ltr'>sortiri</span> <span class='ocrx_word' id='word_1_7' title='bbox 741 687 772 742; x_wconf 87' lang='lat' dir='ltr'>ct</span> <span class='ocrx_word' id='word_1_8' title='bbox 793 678 945 755; x_wconf 87' lang='lat' dir='ltr'>obtinere,</span> <span class='ocrx_word' id='word_1_9' title='bbox 960 695 994 742; x_wconf 90' lang='lat' dir='ltr'>ac</span> <span class='ocrx_word' id='word_1_10' title='bbox 1015 679 1122 742; x_wconf 90' lang='lat' dir='ltr'>iisdem</span> <span class='ocrx_word' id='word_1_11' title='bbox 1145 693 1302 759; x_wconf 88' lang='lat' dir='ltr'>exponen·</span> 
     </span>
     <span class='ocr_line' id='line_1_3' title="bbox 559 772 1302 852; baseline 0.003 -20"><span class='ocrx_word' id='word_1_12' title='bbox 559 772 652 848; x_wconf 89' lang='lat' dir='ltr'>tibus,</span> <span class='ocrx_word' id='word_1_13' title='bbox 679 773 819 852; x_wconf 88' lang='lat' dir='ltr'>aliisque,</span> <span class='ocrx_word' id='word_1_14' title='bbox 836 775 871 836; x_wconf 90' lang='lat' dir='ltr'>ad</span> <span class='ocrx_word' id='word_1_15' title='bbox 887 789 963 852; x_wconf 91' lang='lat' dir='ltr'>quos</span> <span class='ocrx_word' id='word_1_16' title='bbox 977 779 1093 852; x_wconf 90' lang='lat' dir='ltr'>spectat</span> <span class='ocrx_word' id='word_1_17' title='bbox 1108 780 1138 836; x_wconf 91' lang='lat' dir='ltr'>et</span> <span class='ocrx_word' id='word_1_18' title='bbox 1154 788 1209 852; x_wconf 92' lang='lat' dir='ltr'>pro</span> <span class='ocrx_word' id='word_1_19' title='bbox 1225 780 1302 834; x_wconf 91' lang='lat' dir='ltr'>tem·</span> 
     </span>
     <span class='ocr_line' id='line_1_4' title="bbox 558 867 1301 946; baseline -0.001 -18"><span class='ocrx_word' id='word_1_20' title='bbox 558 883 633 944; x_wconf 91' lang='lat' dir='ltr'>pure</span> <span class='ocrx_word' id='word_1_21' title='bbox 662 869 919 946; x_wconf 82' lang='lat' dir='ltr'>quandocumque</span> <span class='ocrx_word' id='word_1_22' title='bbox 946 867 1113 946; x_wconf 90' lang='lat' dir='ltr'>spectabit,</span> <span class='ocrx_word' id='word_1_23' title='bbox 1145 867 1177 928; x_wconf 92' lang='lat' dir='ltr'>iii</span> <span class='ocrx_word' id='word_1_24' title='bbox 1201 867 1301 928; x_wconf 93' lang='lat' dir='ltr'>omni·</span> 
     </span>
     <span class='ocr_line' id='line_1_5' title="bbox 557 958 1301 1038; baseline 0 -19"><span class='ocrx_word' id='word_1_25' title='bbox 557 958 614 1020; x_wconf 90' lang='lat' dir='ltr'>biis</span> <span class='ocrx_word' id='word_1_26' title='bbox 629 966 660 1020; x_wconf 90' lang='lat' dir='ltr'>et</span> <span class='ocrx_word' id='word_1_27' title='bbox 680 975 736 1038; x_wconf 90' lang='lat' dir='ltr'>per</span> <span class='ocrx_word' id='word_1_28' title='bbox 756 960 858 1022; x_wconf 90' lang='lat' dir='ltr'>omnia</span> <span class='ocrx_word' id='word_1_29' title='bbox 880 959 1060 1038; x_wconf 82' lang='lat' dir='ltr'><strong>plenissime</strong></span> <span class='ocrx_word' id='word_1_30' title='bbox 1074 959 1248 1036; x_wconf 86' lang='lat' dir='ltr'>suffragari,</span> <span class='ocrx_word' id='word_1_31' title='bbox 1271 966 1301 1020; x_wconf 91' lang='lat' dir='ltr'>ei</span> 
     </span>
     <span class='ocr_line' id='line_1_6' title="bbox 558 1051 1300 1134; baseline 0.005 -24"><span class='ocrx_word' id='word_1_32' title='bbox 558 1051 595 1112; x_wconf 92' lang='lat' dir='ltr'>ab</span> <span class='ocrx_word' id='word_1_33' title='bbox 616 1052 659 1114; x_wconf 85' lang='lat' dir='ltr'>eis</span> <span class='ocrx_word' id='word_1_34' title='bbox 681 1054 852 1134; x_wconf 87' lang='lat' dir='ltr'>respective</span> <span class='ocrx_word' id='word_1_35' title='bbox 879 1052 1100 1116; x_wconf 89' lang='lat' dir='ltr'>inviolabiliter</span> <span class='ocrx_word' id='word_1_36' title='bbox 1125 1052 1300 1128; x_wconf 87' lang='lat' dir='ltr'>observari;</span> 
     </span>
     <span class='ocr_line' id='line_1_7' title="bbox 556 1145 1303 1226; baseline 0.003 -22"><span class='ocrx_word' id='word_1_37' title='bbox 556 1145 663 1223; x_wconf 91' lang='lat' dir='ltr'>sicque</span> <span class='ocrx_word' id='word_1_38' title='bbox 690 1145 723 1207; x_wconf 91' lang='lat' dir='ltr'>iii</span> <span class='ocrx_word' id='word_1_39' title='bbox 745 1145 918 1226; x_wconf 86' lang='lat' dir='ltr'>praemissis</span> <span class='ocrx_word' id='word_1_40' title='bbox 939 1161 993 1224; x_wconf 91' lang='lat' dir='ltr'>per</span> <span class='ocrx_word' id='word_1_41' title='bbox 1019 1160 1231 1224; x_wconf 91' lang='lat' dir='ltr'>quoscumque</span> <span class='ocrx_word' id='word_1_42' title='bbox 1255 1145 1303 1206; x_wconf 90' lang='lat' dir='ltr'>iii·</span> 
     </span>
     <span class='ocr_line' id='line_1_8' title="bbox 558 1237 1302 1316; baseline 0.003 -18"><span class='ocrx_word' id='word_1_43' title='bbox 558 1237 639 1300; x_wconf 87' lang='lat' dir='ltr'>ilices</span> <span class='ocrx_word' id='word_1_44' title='bbox 667 1237 838 1300; x_wconf 90' lang='lat' dir='ltr'>ordinarios</span> <span class='ocrx_word' id='word_1_45' title='bbox 864 1247 897 1300; x_wconf 92' lang='lat' dir='ltr'>et</span> <span class='ocrx_word' id='word_1_46' title='bbox 917 1238 1083 1316; x_wconf 88' lang='lat' dir='ltr'>delegatos,</span> <span class='ocrx_word' id='word_1_47' title='bbox 1111 1238 1207 1298; x_wconf 91' lang='lat' dir='ltr'>etiam</span> <span class='ocrx_word' id='word_1_48' title='bbox 1233 1253 1302 1300; x_wconf 91' lang='lat' dir='ltr'>caii·</span> 
     </span>
     <span class='ocr_line' id='line_1_9' title="bbox 556 1329 1301 1410; baseline -0.001 -19"><span class='ocrx_word' id='word_1_49' title='bbox 556 1345 660 1394; x_wconf 89' lang='lat' dir='ltr'>sarum</span> <span class='ocrx_word' id='word_1_50' title='bbox 682 1331 785 1409; x_wconf 88' lang='lat' dir='ltr'>palatii</span> <span class='ocrx_word' id='word_1_51' title='bbox 809 1331 964 1410; x_wconf 90' lang='lat' dir='ltr'>apostolici</span> <span class='ocrx_word' id='word_1_52' title='bbox 986 1330 1151 1404; x_wconf 81' lang='lat' dir='ltr'>auditores,</span> <span class='ocrx_word' id='word_1_53' title='bbox 1175 1329 1301 1392; x_wconf 91' lang='lat' dir='ltr'>iudicari</span> 
     </span>
     <span class='ocr_line' id='line_1_10' title="bbox 557 1422 1302 1498; baseline -0.004 -12"><span class='ocrx_word' id='word_1_54' title='bbox 557 1430 588 1486; x_wconf 91' lang='lat' dir='ltr'>et</span> <span class='ocrx_word' id='word_1_55' title='bbox 613 1423 738 1486; x_wconf 89' lang='lat' dir='ltr'>definiri</span> <span class='ocrx_word' id='word_1_56' title='bbox 759 1425 881 1498; x_wconf 90' lang='lat' dir='ltr'>debere,</span> <span class='ocrx_word' id='word_1_57' title='bbox 903 1441 937 1486; x_wconf 93' lang='lat' dir='ltr'>ac</span> <span class='ocrx_word' id='word_1_58' title='bbox 961 1424 1085 1488; x_wconf 93' lang='lat' dir='ltr'>irritum</span> <span class='ocrx_word' id='word_1_59' title='bbox 1106 1431 1137 1486; x_wconf 90' lang='lat' dir='ltr'>et</span> <span class='ocrx_word' id='word_1_60' title='bbox 1159 1423 1261 1498; x_wconf 92' lang='lat' dir='ltr'>inane,</span> <span class='ocrx_word' id='word_1_61' title='bbox 1277 1422 1302 1483; x_wconf 94' lang='lat' dir='ltr'>si</span> 
     </span>
     <span class='ocr_line' id='line_1_11' title="bbox 556 1517 1302 1598; baseline -0.001 -20"><span class='ocrx_word' id='word_1_62' title='bbox 556 1533 644 1580; x_wconf 88' lang='lat' dir='ltr'>secus</span> <span class='ocrx_word' id='word_1_63' title='bbox 664 1535 758 1598; x_wconf 92' lang='lat' dir='ltr'>super</span> <span class='ocrx_word' id='word_1_64' title='bbox 778 1519 827 1580; x_wconf 90' lang='lat' dir='ltr'>bis</span> <span class='ocrx_word' id='word_1_65' title='bbox 848 1535 865 1579; x_wconf 89' lang='lat' dir='ltr'>a</span> <span class='ocrx_word' id='word_1_66' title='bbox 886 1533 1053 1596; x_wconf 90' lang='lat' dir='ltr'>quoquam,</span> <span class='ocrx_word' id='word_1_67' title='bbox 1073 1517 1180 1596; x_wconf 83' lang='lat' dir='ltr'>quavis</span> <span class='ocrx_word' id='word_1_68' title='bbox 1201 1523 1302 1580; x_wconf 90' lang='lat' dir='ltr'>aucto·</span> 
     </span>
     <span class='ocr_line' id='line_1_12' title="bbox 558 1610 1302 1687; baseline -0.005 -13"><span class='ocrx_word' id='word_1_69' title='bbox 558 1612 660 1686; x_wconf 80' lang='lat' dir='ltr'>ritate,</span> <span class='ocrx_word' id='word_1_70' title='bbox 685 1611 818 1674; x_wconf 80' lang='lat' dir='ltr'>scienter</span> <span class='ocrx_word' id='word_1_71' title='bbox 839 1611 890 1672; x_wconf 91' lang='lat' dir='ltr'>vel</span> <span class='ocrx_word' id='word_1_72' title='bbox 917 1611 1110 1687; x_wconf 78' lang='lat' dir='ltr'>ignoranter,</span> <span class='ocrx_word' id='word_1_73' title='bbox 1136 1610 1302 1686; x_wconf 89' lang='lat' dir='ltr'>contigerit</span> 
     </span>
     <span class='ocr_line' id='line_1_13' title="bbox 558 1706 716 1768; baseline 0.006 -3"><span class='ocrx_word' id='word_1_74' title='bbox 558 1706 716 1768; x_wconf 90' lang='lat' dir='ltr'>attentari.</span> 
     </span>
    </p>
   </div>
   <div class='ocr_carea' id='block_1_3' title="bbox 348 1797 1304 1877">
    <p class='ocr_par' dir='ltr' id='par_1_3' title="bbox 348 1797 1304 1877">
     <span class='ocr_line' id='line_1_14' title="bbox 348 1797 1304 1877; baseline -0.001 -18"><span class='ocrx_word' id='word_1_75' title='bbox 348 1799 539 1845; x_wconf 68' lang='lat' dir='ltr'>Contrariorum</span> <span class='ocrx_word' id='word_1_76' title='bbox 598 1799 617 1874; x_wconf 67' lang='grc' dir='ltr'><strong>ἓ</strong></span> <span class='ocrx_word' id='word_1_77' title='bbox 638 1797 667 1859; x_wconf 84' lang='lat' dir='ltr'>i.</span> <span class='ocrx_word' id='word_1_78' title='bbox 687 1797 756 1862; x_wconf 90' lang='lat' dir='ltr'>Non</span> <span class='ocrx_word' id='word_1_79' title='bbox 776 1797 969 1860; x_wconf 84' lang='lat' dir='ltr'>obstantibus</span> <span class='ocrx_word' id='word_1_80' title='bbox 984 1797 1169 1877; x_wconf 85' lang='lat' dir='ltr'>praemissis,</span> <span class='ocrx_word' id='word_1_81' title='bbox 1185 1813 1217 1860; x_wconf 93' lang='lat' dir='ltr'>ac</span> <span class='ocrx_word' id='word_1_82' title='bbox 1232 1811 1304 1858; x_wconf 92' lang='lat' dir='ltr'>con·</span> 
     </span>
    </p>
   </div>
   <div class='ocr_carea' id='block_1_4' title="bbox 328 1853 468 1908">
    <p class='ocr_par' dir='ltr' id='par_1_4' title="bbox 328 1853 468 1908">
     <span class='ocr_line' id='line_1_15' title="bbox 328 1853 468 1908; baseline 0 -10"><span class='ocrx_word' id='word_1_83' title='bbox 328 1853 468 1908; x_wconf 82' lang='lat' dir='ltr'>derogatio.</span> 
     </span>
    </p>
   </div>
   <div class='ocr_carea' id='block_1_5' title="bbox 557 1891 1304 3652">
    <p class='ocr_par' dir='ltr' id='par_1_5' title="bbox 557 1891 1304 3368">
     <span class='ocr_line' id='line_1_16' title="bbox 557 1891 1302 1970; baseline -0.003 -18"><span class='ocrx_word' id='word_1_84' title='bbox 557 1891 770 1956; x_wconf 88' lang='lat' dir='ltr'>stitutionibus</span> <span class='ocrx_word' id='word_1_85' title='bbox 791 1899 822 1954; x_wconf 91' lang='lat' dir='ltr'>et</span> <span class='ocrx_word' id='word_1_86' title='bbox 843 1891 1088 1953; x_wconf 90' lang='lat' dir='ltr'>ordinationibus</span> <span class='ocrx_word' id='word_1_87' title='bbox 1119 1891 1302 1970; x_wconf 89' lang='lat' dir='ltr'>apostolicis,</span> 
     </span>
     <span class='ocr_line' id='line_1_17' title="bbox 558 1983 1302 2066; baseline -0.003 -20"><span class='ocrx_word' id='word_1_88' title='bbox 558 1999 696 2060; x_wconf 88' lang='lat' dir='ltr'>necnon,</span> <span class='ocrx_word' id='word_1_89' title='bbox 720 1993 872 2066; x_wconf 91' lang='lat' dir='ltr'>quatenus</span> <span class='ocrx_word' id='word_1_90' title='bbox 898 2001 974 2064; x_wconf 93' lang='lat' dir='ltr'>opus</span> <span class='ocrx_word' id='word_1_91' title='bbox 997 1984 1054 2057; x_wconf 91' lang='lat' dir='ltr'>sit,</span> <span class='ocrx_word' id='word_1_92' title='bbox 1077 1983 1302 2062; x_wconf 89' lang='lat' dir='ltr'>praedictorum</span> 
     </span>
     <span class='ocr_line' id='line_1_18' title="bbox 558 2075 1302 2154; baseline -0.003 -16"><span class='ocrx_word' id='word_1_93' title='bbox 558 2086 741 2152; x_wconf 89' lang='lat' dir='ltr'>conventus,</span> <span class='ocrx_word' id='word_1_94' title='bbox 751 2076 927 2154; x_wconf 92' lang='lat' dir='ltr'>provinciae</span> <span class='ocrx_word' id='word_1_95' title='bbox 938 2075 1109 2150; x_wconf 89' lang='lat' dir='ltr'>etOrdinis,</span> <span class='ocrx_word' id='word_1_96' title='bbox 1118 2076 1212 2138; x_wconf 89' lang='lat' dir='ltr'>etiam</span> <span class='ocrx_word' id='word_1_97' title='bbox 1223 2075 1302 2138; x_wconf 89' lang='lat' dir='ltr'>iiiia-</span> 
     </span>
     <span class='ocr_line' id='line_1_19' title="bbox 557 2168 1304 2248; baseline -0.003 -16"><span class='ocrx_word' id='word_1_98' title='bbox 557 2179 676 2246; x_wconf 91' lang='lat' dir='ltr'>mento,</span> <span class='ocrx_word' id='word_1_99' title='bbox 692 2169 928 2234; x_wconf 81' lang='lat' dir='ltr'>confirmatione</span> <span class='ocrx_word' id='word_1_100' title='bbox 942 2169 1118 2248; x_wconf 82' lang='lat' dir='ltr'>apostolica,</span> <span class='ocrx_word' id='word_1_101' title='bbox 1135 2169 1185 2230; x_wconf 93' lang='lat' dir='ltr'>vel</span> <span class='ocrx_word' id='word_1_102' title='bbox 1196 2168 1304 2246; x_wconf 89' lang='lat' dir='ltr'>quavis</span> 
     </span>
     <span class='ocr_line' id='line_1_20' title="bbox 560 2263 1302 2328; baseline -0.003 -2"><span class='ocrx_word' id='word_1_103' title='bbox 560 2264 706 2326; x_wconf 90' lang='lat' dir='ltr'>firmitate</span> <span class='ocrx_word' id='word_1_104' title='bbox 720 2263 777 2328; x_wconf 87' lang='lat' dir='ltr'>alii</span> <span class='ocrx_word' id='word_1_105' title='bbox 793 2263 939 2326; x_wconf 92' lang='lat' dir='ltr'>roboratis</span> <span class='ocrx_word' id='word_1_106' title='bbox 956 2263 1079 2326; x_wconf 90' lang='lat' dir='ltr'>statutis</span> <span class='ocrx_word' id='word_1_107' title='bbox 1094 2270 1124 2324; x_wconf 90' lang='lat' dir='ltr'>et</span> <span class='ocrx_word' id='word_1_108' title='bbox 1139 2271 1302 2325; x_wconf 90' lang='lat' dir='ltr'>cousuetu-</span> 
     </span>
     <span class='ocr_line' id='line_1_21' title="bbox 558 2357 1303 2437; baseline 0 -19"><span class='ocrx_word' id='word_1_109' title='bbox 558 2358 692 2434; x_wconf 89' lang='lat' dir='ltr'>dinibus,</span> <span class='ocrx_word' id='word_1_110' title='bbox 705 2357 875 2437; x_wconf 89' lang='lat' dir='ltr'>privilegiis</span> <span class='ocrx_word' id='word_1_111' title='bbox 887 2373 1022 2436; x_wconf 90' lang='lat' dir='ltr'>quoque,</span> <span class='ocrx_word' id='word_1_112' title='bbox 1035 2357 1165 2420; x_wconf 91' lang='lat' dir='ltr'>indultis</span> <span class='ocrx_word' id='word_1_113' title='bbox 1175 2365 1207 2420; x_wconf 91' lang='lat' dir='ltr'>et</span> <span class='ocrx_word' id='word_1_114' title='bbox 1223 2357 1303 2419; x_wconf 91' lang='lat' dir='ltr'>litte·</span> 
     </span>
     <span class='ocr_line' id='line_1_22' title="bbox 559 2451 1303 2532; baseline 0 -20"><span class='ocrx_word' id='word_1_115' title='bbox 559 2452 601 2513; x_wconf 93' lang='lat' dir='ltr'>ris</span> <span class='ocrx_word' id='word_1_116' title='bbox 621 2452 792 2532; x_wconf 91' lang='lat' dir='ltr'>apostolicis</span> <span class='ocrx_word' id='word_1_117' title='bbox 810 2451 842 2514; x_wconf 93' lang='lat' dir='ltr'>in</span> <span class='ocrx_word' id='word_1_118' title='bbox 858 2451 1049 2514; x_wconf 91' lang='lat' dir='ltr'>contrarium</span> <span class='ocrx_word' id='word_1_119' title='bbox 1063 2452 1303 2529; x_wconf 87' lang='lat' dir='ltr'>praemissorum</span> 
     </span>
     <span class='ocr_line' id='line_1_23' title="bbox 559 2543 1303 2623; baseline -0.001 -17"><span class='ocrx_word' id='word_1_120' title='bbox 559 2544 789 2623; x_wconf 84' lang='lat' dir='ltr'>quomodolibet</span> <span class='ocrx_word' id='word_1_121' title='bbox 810 2545 978 2618; x_wconf 89' lang='lat' dir='ltr'>concessis,</span> <span class='ocrx_word' id='word_1_122' title='bbox 1000 2543 1188 2606; x_wconf 85' lang='lat' dir='ltr'>confirmatis</span> <span class='ocrx_word' id='word_1_123' title='bbox 1206 2551 1238 2605; x_wconf 92' lang='lat' dir='ltr'>et</span> <span class='ocrx_word' id='word_1_124' title='bbox 1257 2544 1303 2606; x_wconf 93' lang='lat' dir='ltr'>iri·</span> 
     </span>
     <span class='ocr_line' id='line_1_24' title="bbox 560 2635 1303 2714; baseline 0 -16"><span class='ocrx_word' id='word_1_125' title='bbox 560 2636 697 2714; x_wconf 87' lang='lat' dir='ltr'>novatis;</span> <span class='ocrx_word' id='word_1_126' title='bbox 720 2635 833 2714; x_wconf 91' lang='lat' dir='ltr'>quibus</span> <span class='ocrx_word' id='word_1_127' title='bbox 853 2636 997 2698; x_wconf 92' lang='lat' dir='ltr'>omnibus</span> <span class='ocrx_word' id='word_1_128' title='bbox 1016 2643 1047 2698; x_wconf 92' lang='lat' dir='ltr'>et</span> <span class='ocrx_word' id='word_1_129' title='bbox 1066 2636 1209 2713; x_wconf 89' lang='lat' dir='ltr'>singulis,</span> <span class='ocrx_word' id='word_1_130' title='bbox 1236 2635 1303 2698; x_wconf 93' lang='lat' dir='ltr'>illo-</span> 
     </span>
     <span class='ocr_line' id='line_1_25' title="bbox 559 2729 1304 2809; baseline -0.004 -16"><span class='ocrx_word' id='word_1_131' title='bbox 559 2746 632 2793; x_wconf 91' lang='lat' dir='ltr'>rum</span> <span class='ocrx_word' id='word_1_132' title='bbox 648 2737 770 2793; x_wconf 87' lang='lat' dir='ltr'>tenores</span> <span class='ocrx_word' id='word_1_133' title='bbox 785 2729 997 2809; x_wconf 87' lang='lat' dir='ltr'>praesentibus</span> <span class='ocrx_word' id='word_1_134' title='bbox 1013 2745 1068 2808; x_wconf 94' lang='lat' dir='ltr'>pro</span> <span class='ocrx_word' id='word_1_135' title='bbox 1090 2729 1181 2808; x_wconf 90' lang='lat' dir='ltr'>plene</span> <span class='ocrx_word' id='word_1_136' title='bbox 1195 2739 1227 2792; x_wconf 93' lang='lat' dir='ltr'>et</span> <span class='ocrx_word' id='word_1_137' title='bbox 1240 2729 1304 2792; x_wconf 92' lang='lat' dir='ltr'>suf-</span> 
     </span>
     <span class='ocr_line' id='line_1_26' title="bbox 560 2822 1303 2904; baseline 0 -20"><span class='ocrx_word' id='word_1_138' title='bbox 560 2823 700 2886; x_wconf 90' lang='lat' dir='ltr'>ficienter</span> <span class='ocrx_word' id='word_1_139' title='bbox 719 2824 870 2904; x_wconf 83' lang='lat' dir='ltr'>expressis</span> <span class='ocrx_word' id='word_1_140' title='bbox 891 2839 924 2884; x_wconf 89' lang='lat' dir='ltr'>ac</span> <span class='ocrx_word' id='word_1_141' title='bbox 945 2822 982 2884; x_wconf 92' lang='lat' dir='ltr'>de</span> <span class='ocrx_word' id='word_1_142' title='bbox 1004 2823 1099 2884; x_wconf 91' lang='lat' dir='ltr'>verbo</span> <span class='ocrx_word' id='word_1_143' title='bbox 1113 2823 1149 2886; x_wconf 89' lang='lat' dir='ltr'>ad</span> <span class='ocrx_word' id='word_1_144' title='bbox 1171 2823 1303 2885; x_wconf 90' lang='lat' dir='ltr'>verbnm</span> 
     </span>
     <span class='ocr_line' id='line_1_27' title="bbox 558 2915 1304 2991; baseline 0 -13"><span class='ocrx_word' id='word_1_145' title='bbox 558 2917 684 2978; x_wconf 91' lang='lat' dir='ltr'>insertis</span> <span class='ocrx_word' id='word_1_146' title='bbox 704 2916 862 2991; x_wconf 89' lang='lat' dir='ltr'>babentes,</span> <span class='ocrx_word' id='word_1_147' title='bbox 885 2915 945 2977; x_wconf 94' lang='lat' dir='ltr'>illis</span> <span class='ocrx_word' id='word_1_148' title='bbox 966 2915 1038 2976; x_wconf 87' lang='lat' dir='ltr'>aliis</span> <span class='ocrx_word' id='word_1_149' title='bbox 1059 2915 1092 2976; x_wconf 95' lang='lat' dir='ltr'>in</span> <span class='ocrx_word' id='word_1_150' title='bbox 1113 2932 1169 2978; x_wconf 88' lang='lat' dir='ltr'>suo</span> <span class='ocrx_word' id='word_1_151' title='bbox 1193 2917 1304 2978; x_wconf 91' lang='lat' dir='ltr'>robore</span> 
     </span>
     <span class='ocr_line' id='line_1_28' title="bbox 559 3009 1302 3090; baseline 0 -18"><span class='ocrx_word' id='word_1_152' title='bbox 559 3009 787 3090; x_wconf 84' lang='lat' dir='ltr'>permansuris,</span> <span class='ocrx_word' id='word_1_153' title='bbox 814 3012 850 3071; x_wconf 91' lang='lat' dir='ltr'>ad</span> <span class='ocrx_word' id='word_1_154' title='bbox 877 3009 1117 3088; x_wconf 89' lang='lat' dir='ltr'>praemissorum</span> <span class='ocrx_word' id='word_1_155' title='bbox 1145 3009 1302 3084; x_wconf 88' lang='lat' dir='ltr'>eflectum,</span> 
     </span>
     <span class='ocr_line' id='line_1_29' title="bbox 559 3102 1304 3182; baseline -0.001 -17"><span class='ocrx_word' id='word_1_156' title='bbox 559 3104 615 3168; x_wconf 93' lang='lat' dir='ltr'>bac</span> <span class='ocrx_word' id='word_1_157' title='bbox 629 3104 697 3168; x_wconf 91' lang='lat' dir='ltr'>vice</span> <span class='ocrx_word' id='word_1_158' title='bbox 722 3105 891 3178; x_wconf 79' lang='lat' dir='ltr'>dumtaxat,</span> <span class='ocrx_word' id='word_1_159' title='bbox 913 3102 1085 3182; x_wconf 91' lang='lat' dir='ltr'>specialiter</span> <span class='ocrx_word' id='word_1_160' title='bbox 1108 3111 1138 3164; x_wconf 91' lang='lat' dir='ltr'>ct</span> <span class='ocrx_word' id='word_1_161' title='bbox 1161 3119 1304 3182; x_wconf 93' lang='lat' dir='ltr'>expresse</span> 
     </span>
     <span class='ocr_line' id='line_1_30' title="bbox 559 3196 1304 3276; baseline 0.001 -18"><span class='ocrx_word' id='word_1_162' title='bbox 559 3197 761 3275; x_wconf 78' lang='lat' dir='ltr'>derogamus3</span> <span class='ocrx_word' id='word_1_163' title='bbox 789 3197 960 3275; x_wconf 88' lang='lat' dir='ltr'>ceterisque</span> <span class='ocrx_word' id='word_1_164' title='bbox 990 3196 1151 3260; x_wconf 91' lang='lat' dir='ltr'>contrariis</span> <span class='ocrx_word' id='word_1_165' title='bbox 1179 3196 1304 3276; x_wconf 90' lang='lat' dir='ltr'>quibus·</span> 
     </span>
     <span class='ocr_line' id='line_1_31' title="bbox 559 3305 705 3368; baseline -0.014 -15"><span class='ocrx_word' id='word_1_166' title='bbox 559 3305 705 3368; x_wconf 88' lang='lat' dir='ltr'>cumque.</span> 
     </span>
    </p>

    <p class='ocr_par' dir='ltr' id='par_1_6' title="bbox 560 3381 1303 3652">
     <span class='ocr_line' id='line_1_32' title="bbox 600 3381 1303 3460; baseline 0.001 -16"><span class='ocrx_word' id='word_1_167' title='bbox 600 3385 712 3446; x_wconf 88' lang='lat' dir='ltr'>Datum</span> <span class='ocrx_word' id='word_1_168' title='bbox 727 3383 840 3446; x_wconf 84' lang='lat' dir='ltr'>iioinae</span> <span class='ocrx_word' id='word_1_169' title='bbox 855 3381 935 3460; x_wconf 89' lang='lat' dir='ltr'>apud</span> <span class='ocrx_word' id='word_1_170' title='bbox 949 3383 978 3445; x_wconf 88' lang='lat' dir='ltr'>S.</span> <span class='ocrx_word' id='word_1_171' title='bbox 991 3381 1119 3445; x_wconf 89' lang='lat' dir='ltr'>Petrum</span> <span class='ocrx_word' id='word_1_172' title='bbox 1133 3382 1190 3444; x_wconf 90' lang='lat' dir='ltr'>sub</span> <span class='ocrx_word' id='word_1_173' title='bbox 1205 3397 1303 3445; x_wconf 89' lang='lat' dir='ltr'>aniiu-</span> 
     </span>
     <span class='ocr_line' id='line_1_33' title="bbox 561 3476 1302 3551; baseline -0.005 -11"><span class='ocrx_word' id='word_1_174' title='bbox 561 3477 591 3540; x_wconf 92' lang='lat' dir='ltr'>lo</span> <span class='ocrx_word' id='word_1_175' title='bbox 605 3477 763 3540; x_wconf 91' lang='lat' dir='ltr'>Piscaioris</span> <span class='ocrx_word' id='word_1_176' title='bbox 774 3477 823 3540; x_wconf 88' lang='lat' dir='ltr'>die</span> <span class='ocrx_word' id='word_1_177' title='bbox 835 3492 922 3537; x_wconf 88' lang='lat' dir='ltr'>xxvi.</span> <span class='ocrx_word' id='word_1_178' title='bbox 940 3476 1070 3538; x_wconf 90' lang='lat' dir='ltr'>ianuarii</span> <span class='ocrx_word' id='word_1_179' title='bbox 1085 3491 1302 3551; x_wconf 74' lang='lat' dir='ltr'>mdccxxviii,</span> 
     </span>
     <span class='ocr_line' id='line_1_34' title="bbox 560 3571 1042 3652; baseline -0.01 -18"><span class='ocrx_word' id='word_1_180' title='bbox 560 3571 755 3652; x_wconf 83' lang='lat' dir='ltr'>pontificatus</span> <span class='ocrx_word' id='word_1_181' title='bbox 776 3571 875 3634; x_wconf 90' lang='lat' dir='ltr'>nostri</span> <span class='ocrx_word' id='word_1_182' title='bbox 896 3585 978 3631; x_wconf 93' lang='lat' dir='ltr'>anno</span> <span class='ocrx_word' id='word_1_183' title='bbox 1000 3586 1042 3630; x_wconf 92' lang='lat' dir='ltr'>iv.</span> 
     </span>
    </p>
   </div>
   <div class='ocr_carea' id='block_1_6' title="bbox 810 3771 1048 3786">
    <p class='ocr_par' dir='ltr' id='par_1_7' title="bbox 810 3771 1048 3786">
     <span class='ocr_line' id='line_1_35' title="bbox 810 3771 1048 3786; baseline -0.004 -5"><span class='ocrx_word' id='word_1_184' title='bbox 810 3771 1048 3786; x_wconf 73' lang='grc'>,......-..-...</span> 
     </span>
    </p>
   </div>
   <div class='ocr_carea' id='block_1_7' title="bbox 885 3951 979 4016">
    <p class='ocr_par' dir='ltr' id='par_1_8' title="bbox 885 3951 979 4016">
     <span class='ocr_line' id='line_1_36' title="bbox 885 3951 979 4016; baseline -0.053 0"><span class='ocrx_word' id='word_1_185' title='bbox 885 3951 979 4016; x_wconf 87' lang='lat' dir='ltr'>iiiiii.</span> 
     </span>
    </p>
   </div>
   <div class='ocr_carea' id='block_1_8' title="bbox 563 4133 1305 4502">
    <p class='ocr_par' dir='ltr' id='par_1_9' title="bbox 563 4133 1305 4502">
     <span class='ocr_line' id='line_1_37' title="bbox 563 4133 1305 4220; baseline -0.019 -12"><span class='ocrx_word' id='word_1_186' title='bbox 563 4141 711 4208; x_wconf 82' lang='lat' dir='ltr'>Concedit</span> <span class='ocrx_word' id='word_1_187' title='bbox 730 4141 891 4220; x_wconf 71' lang='lat' dir='ltr'>praefecto</span> <span class='ocrx_word' id='word_1_188' title='bbox 905 4139 1045 4218; x_wconf 73' lang='lat' dir='ltr'>perterriti</span> <span class='ocrx_word' id='word_1_189' title='bbox 1064 4137 1195 4200; x_wconf 84' lang='lat' dir='ltr'>Ordinis</span> <span class='ocrx_word' id='word_1_190' title='bbox 1211 4133 1305 4196; x_wconf 85' lang='lat' dir='ltr'>Betit-</span> 
     </span>
     <span class='ocr_line' id='line_1_38' title="bbox 602 4225 1305 4299; baseline -0.016 -1"><span class='ocrx_word' id='word_1_191' title='bbox 602 4235 824 4299; x_wconf 87' lang='lat' dir='ltr'>tclicrititortirit</span> <span class='ocrx_word' id='word_1_192' title='bbox 853 4233 889 4296; x_wconf 86' lang='lat' dir='ltr'>iit</span> <span class='ocrx_word' id='word_1_193' title='bbox 915 4231 1017 4295; x_wconf 84' lang='lat' dir='ltr'>indiis</span> <span class='ocrx_word' id='word_1_194' title='bbox 1049 4225 1305 4294; x_wconf 81' lang='lat' dir='ltr'>occidentalibus</span> 
     </span>
     <span class='ocr_line' id='line_1_39' title="bbox 601 4321 1305 4399; baseline -0.014 -8"><span class='ocrx_word' id='word_1_195' title='bbox 601 4331 654 4391; x_wconf 86' lang='lat' dir='ltr'>itte</span> <span class='ocrx_word' id='word_1_196' title='bbox 682 4325 876 4388; x_wconf 84' lang='lat' dir='ltr'>convocandi</span> <span class='ocrx_word' id='word_1_197' title='bbox 902 4325 1021 4388; x_wconf 84' lang='lat' dir='ltr'>teretes</span> <span class='ocrx_word' id='word_1_198' title='bbox 1052 4323 1094 4386; x_wconf 83' lang='lat' dir='ltr'>od</span> <span class='ocrx_word' id='word_1_199' title='bbox 1123 4321 1305 4399; x_wconf 84' lang='lat' dir='ltr'>capitulum</span> 
     </span>
     <span class='ocr_line' id='line_1_40' title="bbox 601 4415 1222 4502; baseline -0.016 -18"><span class='ocrx_word' id='word_1_200' title='bbox 601 4422 757 4502; x_wconf 74' lang='lat' dir='ltr'>gencrale,</span> <span class='ocrx_word' id='word_1_201' title='bbox 780 4426 811 4482; x_wconf 88' lang='lat' dir='ltr'>et</span> <span class='ocrx_word' id='word_1_202' title='bbox 833 4419 869 4480; x_wconf 86' lang='lat' dir='ltr'>itt</span> <span class='ocrx_word' id='word_1_203' title='bbox 890 4435 923 4478; x_wconf 89' lang='lat' dir='ltr'>eo</span> <span class='ocrx_word' id='word_1_204' title='bbox 944 4415 1146 4496; x_wconf 76' lang='lat' dir='ltr'>praesidendi</span> <span class='ocrx_word' id='word_1_205' title='bbox 1167 4415 1222 4495; x_wconf 88' lang='lat' dir='ltr'>(l).</span> 
     </span>
    </p>
   </div>
   <div class='ocr_carea' id='block_1_9' title="bbox 703 4585 1160 4779">
    <p class='ocr_par' dir='ltr' id='par_1_10' title="bbox 703 4585 1160 4779">
     <span class='ocr_line' id='line_1_41' title="bbox 730 4585 1134 4658; baseline -0.02 0"><span class='ocrx_word' id='word_1_206' title='bbox 730 4585 974 4658; x_wconf 75' lang='grc' dir='ltr'>ΒΕΝΕῠΙΰῘυὸ</span> <span class='ocrx_word' id='word_1_207' title='bbox 991 4587 1049 4653; x_wconf 90' lang='grc' dir='ltr'>ΡΡ.</span> <span class='ocrx_word' id='word_1_208' title='bbox 1065 4585 1134 4652; x_wconf 85' lang='lat' dir='ltr'>itti.</span> 
     </span>
     <span class='ocr_line' id='line_1_42' title="bbox 703 4707 1160 4779; baseline -0.02 0"><span class='ocrx_word' id='word_1_209' title='bbox 703 4713 739 4779; x_wconf 88' lang='lat' dir='ltr'>ai</span> <span class='ocrx_word' id='word_1_210' title='bbox 760 4712 892 4779; x_wconf 88' lang='lat' dir='ltr'>iutuieii</span> <span class='ocrx_word' id='word_1_211' title='bbox 914 4707 958 4778; x_wconf 91' lang='lat' dir='ltr'>rei</span> <span class='ocrx_word' id='word_1_212' title='bbox 981 4707 1160 4776; x_wconf 84' lang='lat' dir='ltr'>memorien.</span> 
     </span>
    </p>
   </div>
   <div class='ocr_carea' id='block_1_10' title="bbox 348 4882 1306 4965">
    <p class='ocr_par' dir='ltr' id='par_1_11' title="bbox 348 4882 1306 4965">
     <span class='ocr_line' id='line_1_43' title="bbox 348 4882 1306 4965; baseline -0.014 -10"><span class='ocrx_word' id='word_1_213' title='bbox 348 4918 438 4964; x_wconf 63' lang='lat' dir='ltr'>petiti,</span> <span class='ocrx_word' id='word_1_214' title='bbox 453 4917 540 4964; x_wconf 60' lang='lat' dir='ltr'>pepp.</span> <span class='ocrx_word' id='word_1_215' title='bbox 599 4891 618 4965; x_wconf 64' lang='grc' dir='ltr'>ᾖ</span> <span class='ocrx_word' id='word_1_216' title='bbox 641 4888 669 4950; x_wconf 88' lang='lat' dir='ltr'>l.</span> <span class='ocrx_word' id='word_1_217' title='bbox 692 4889 790 4963; x_wconf 86' lang='lat' dir='ltr'>Oiim,</span> <span class='ocrx_word' id='word_1_218' title='bbox 812 4889 893 4950; x_wconf 93' lang='lat' dir='ltr'>sicut</span> <span class='ocrx_word' id='word_1_219' title='bbox 916 4885 1020 4950; x_wconf 91' lang='lat' dir='ltr'>dilecti</span> <span class='ocrx_word' id='word_1_220' title='bbox 1041 4884 1096 4946; x_wconf 92' lang='lat' dir='ltr'>filii</span> <span class='ocrx_word' id='word_1_221' title='bbox 1127 4882 1306 4944; x_wconf 84' lang='lat' dir='ltr'>definitores</span> 
     </span>
    </p>
   </div>
   <div class='ocr_carea' id='block_1_11' title="bbox 329 4975 421 5017">
    <p class='ocr_par' dir='ltr' id='par_1_12' title="bbox 329 4975 421 5017">
     <span class='ocr_line' id='line_1_44' title="bbox 329 4975 421 5017; baseline -0.022 0"><span class='ocrx_word' id='word_1_222' title='bbox 329 4975 421 5017; x_wconf 87' lang='lat' dir='ltr'>ioruin.</span> 
     </span>
    </p>
   </div>
   <div class='ocr_carea' id='block_1_12' title="bbox 559 4973 1306 5618">
    <p class='ocr_par' dir='ltr' id='par_1_13' title="bbox 559 4973 1306 5618">
     <span class='ocr_line' id='line_1_45' title="bbox 561 4973 1305 5059; baseline -0.013 -15"><span class='ocrx_word' id='word_1_223' title='bbox 561 4981 721 5059; x_wconf 90' lang='lat' dir='ltr'>generales</span> <span class='ocrx_word' id='word_1_224' title='bbox 742 4979 863 5044; x_wconf 86' lang='lat' dir='ltr'>Ordinis</span> <span class='ocrx_word' id='word_1_225' title='bbox 885 4977 1182 5042; x_wconf 79' lang='lat' dir='ltr'>bethlehemitarum</span> <span class='ocrx_word' id='word_1_226' title='bbox 1204 4975 1236 5035; x_wconf 92' lang='lat' dir='ltr'>in</span> <span class='ocrx_word' id='word_1_227' title='bbox 1257 4973 1305 5035; x_wconf 96' lang='lat' dir='ltr'>lii·</span> 
     </span>
     <span class='ocr_line' id='line_1_46' title="bbox 560 5066 1305 5149; baseline -0.015 -12"><span class='ocrx_word' id='word_1_228' title='bbox 560 5075 616 5138; x_wconf 91' lang='lat' dir='ltr'>diis</span> <span class='ocrx_word' id='word_1_229' title='bbox 638 5071 881 5137; x_wconf 90' lang='lat' dir='ltr'>Occidentalibus</span> <span class='ocrx_word' id='word_1_230' title='bbox 903 5072 990 5134; x_wconf 91' lang='lat' dir='ltr'>nobis</span> <span class='ocrx_word' id='word_1_231' title='bbox 1012 5086 1113 5149; x_wconf 91' lang='lat' dir='ltr'>nuper</span> <span class='ocrx_word' id='word_1_232' title='bbox 1134 5067 1248 5146; x_wconf 91' lang='lat' dir='ltr'>exponi</span> <span class='ocrx_word' id='word_1_233' title='bbox 1262 5066 1305 5127; x_wconf 90' lang='lat' dir='ltr'>le-</span> 
     </span>
     <span class='ocr_line' id='line_1_47' title="bbox 559 5159 1304 5242; baseline -0.013 -12"><span class='ocrx_word' id='word_1_234' title='bbox 559 5175 682 5242; x_wconf 89' lang='lat' dir='ltr'>cerunt,</span> <span class='ocrx_word' id='word_1_235' title='bbox 692 5167 724 5229; x_wconf 95' lang='lat' dir='ltr'>in</span> <span class='ocrx_word' id='word_1_236' title='bbox 736 5165 1009 5229; x_wconf 91' lang='lat' dir='ltr'>constitutionibus</span> <span class='ocrx_word' id='word_1_237' title='bbox 1021 5164 1158 5226; x_wconf 89' lang='lat' dir='ltr'>eiusdem</span> <span class='ocrx_word' id='word_1_238' title='bbox 1170 5159 1304 5234; x_wconf 83' lang='lat' dir='ltr'>Ordinis,</span> 
     </span>
     <span class='ocr_line' id='line_1_48' title="bbox 560 5253 1306 5338; baseline -0.013 -16"><span class='ocrx_word' id='word_1_239' title='bbox 560 5262 742 5324; x_wconf 91' lang='lat' dir='ltr'>auctoritate</span> <span class='ocrx_word' id='word_1_240' title='bbox 762 5258 925 5338; x_wconf 84' lang='lat' dir='ltr'>apostolica</span> <span class='ocrx_word' id='word_1_241' title='bbox 946 5256 1129 5335; x_wconf 89' lang='lat' dir='ltr'>approbatis,</span> <span class='ocrx_word' id='word_1_242' title='bbox 1146 5253 1232 5316; x_wconf 88' lang='lat' dir='ltr'>nulla</span> <span class='ocrx_word' id='word_1_243' title='bbox 1255 5269 1306 5314; x_wconf 92' lang='lat' dir='ltr'>ex·</span> 
     </span>
     <span class='ocr_line' id='line_1_49' title="bbox 560 5345 1306 5433; baseline -0.012 -17"><span class='ocrx_word' id='word_1_244' title='bbox 560 5371 662 5433; x_wconf 91' lang='lat' dir='ltr'>pressa</span> <span class='ocrx_word' id='word_1_245' title='bbox 677 5353 794 5416; x_wconf 92' lang='lat' dir='ltr'>mentio</span> <span class='ocrx_word' id='word_1_246' title='bbox 810 5354 863 5414; x_wconf 91' lang='lat' dir='ltr'>fiat</span> <span class='ocrx_word' id='word_1_247' title='bbox 877 5349 959 5430; x_wconf 92' lang='lat' dir='ltr'>quod</span> <span class='ocrx_word' id='word_1_248' title='bbox 973 5348 1142 5429; x_wconf 91' lang='lat' dir='ltr'>praelectus</span> <span class='ocrx_word' id='word_1_249' title='bbox 1153 5345 1306 5425; x_wconf 85' lang='lat' dir='ltr'>generalis</span> 
     </span>
     <span class='ocr_line' id='line_1_50' title="bbox 561 5439 1306 5510; baseline -0.015 0"><span class='ocrx_word' id='word_1_250' title='bbox 561 5447 682 5510; x_wconf 89' lang='lat' dir='ltr'>Ordinis</span> <span class='ocrx_word' id='word_1_251' title='bbox 713 5447 891 5509; x_wconf 86' lang='lat' dir='ltr'>huiusmodi</span> <span class='ocrx_word' id='word_1_252' title='bbox 916 5443 1091 5508; x_wconf 87' lang='lat' dir='ltr'>facultatem</span> <span class='ocrx_word' id='word_1_253' title='bbox 1117 5439 1306 5504; x_wconf 89' lang='lat' dir='ltr'>convocandi</span> 
     </span>
     <span class='ocr_line' id='line_1_51' title="bbox 560 5535 1306 5618; baseline -0.007 -17"><span class='ocrx_word' id='word_1_254' title='bbox 560 5539 692 5618; x_wconf 90' lang='lat' dir='ltr'>capitula</span> <span class='ocrx_word' id='word_1_255' title='bbox 714 5539 868 5616; x_wconf 87' lang='lat' dir='ltr'>generalia</span> <span class='ocrx_word' id='word_1_256' title='bbox 884 5538 961 5600; x_wconf 92' lang='lat' dir='ltr'>etin</span> <span class='ocrx_word' id='word_1_257' title='bbox 982 5538 1026 5598; x_wconf 93' lang='lat' dir='ltr'>eis</span> <span class='ocrx_word' id='word_1_258' title='bbox 1048 5535 1239 5615; x_wconf 90' lang='lat' dir='ltr'>praesidendi</span> <span class='ocrx_word' id='word_1_259' title='bbox 1255 5536 1306 5596; x_wconf 93' lang='lat' dir='ltr'>iia-</span> 
     </span>
    </p>
   </div>
   <div class='ocr_carea' id='block_1_13' title="bbox 1067 5705 1272 5714">
    <p class='ocr_par' dir='ltr' id='par_1_14' title="bbox 1067 5705 1272 5714">
     <span class='ocr_line' id='line_1_52' title="bbox 1067 5705 1272 5714; baseline -0.01 0"><span class='ocrx_word' id='word_1_260' title='bbox 1067 5705 1272 5714; x_wconf 47' lang='lat' dir='ltr'>ffl———nm</span> 
     </span>
    </p>
   </div>
   <div class='ocr_carea' id='block_1_14' title="bbox 602 5801 1303 5862">
    <p class='ocr_par' dir='ltr' id='par_1_15' title="bbox 602 5801 1303 5862">
     <span class='ocr_line' id='line_1_53' title="bbox 602 5801 1303 5862; baseline 0 -12"><span class='ocrx_word' id='word_1_261' title='bbox 602 5807 630 5862; x_wconf 82' lang='lat' dir='ltr'>(li</span> <span class='ocrx_word' id='word_1_262' title='bbox 647 5807 683 5852; x_wconf 74' lang='lat' dir='ltr'>iix</span> <span class='ocrx_word' id='word_1_263' title='bbox 698 5807 759 5862; x_wconf 85' lang='lat' dir='ltr'>Reg.</span> <span class='ocrx_word' id='word_1_264' title='bbox 775 5803 802 5850; x_wconf 90' lang='lat' dir='ltr'>in</span> <span class='ocrx_word' id='word_1_265' title='bbox 817 5806 892 5850; x_wconf 81' lang='lat' dir='ltr'>Arcb.</span> <span class='ocrx_word' id='word_1_266' title='bbox 909 5809 979 5850; x_wconf 84' lang='lat' dir='ltr'>Brev.</span> <span class='ocrx_word' id='word_1_267' title='bbox 1000 5805 1058 5851; x_wconf 80' lang='lat' dir='ltr'>xiid</span> <span class='ocrx_word' id='word_1_268' title='bbox 1077 5805 1156 5850; x_wconf 88' lang='lat' dir='ltr'>iiiiiiis</span> <span class='ocrx_word' id='word_1_269' title='bbox 1170 5801 1303 5850; x_wconf 83' lang='lat' dir='ltr'>Pontilleis</span> 
     </span>
    </p>
   </div>
   <div class='ocr_carea' id='block_1_15' title="bbox 452 5873 1303 5929">
    <p class='ocr_par' dir='ltr' id='par_1_16' title="bbox 452 5873 1303 5929">
     <span class='ocr_line' id='line_1_54' title="bbox 452 5873 1303 5929; baseline -0.001 -12"><span class='ocrx_word' id='word_1_270' title='bbox 452 5883 455 5891; x_wconf 92' lang='lat'>·</span> <span class='ocrx_word' id='word_1_271' title='bbox 560 5877 641 5918; x_wconf 87' lang='lat' dir='ltr'>const.</span> <span class='ocrx_word' id='word_1_272' title='bbox 656 5873 717 5918; x_wconf 91' lang='lat' dir='ltr'>edit.</span> <span class='ocrx_word' id='word_1_273' title='bbox 733 5885 874 5928; x_wconf 76' lang='lat' dir='ltr'>iioccxxv,</span> <span class='ocrx_word' id='word_1_274' title='bbox 896 5873 937 5918; x_wconf 88' lang='lat' dir='ltr'>die</span> <span class='ocrx_word' id='word_1_275' title='bbox 957 5885 991 5918; x_wconf 93' lang='lat' dir='ltr'>iv.</span> <span class='ocrx_word' id='word_1_276' title='bbox 1008 5873 1080 5928; x_wconf 87' lang='lat' dir='ltr'>iiiaii,</span> <span class='ocrx_word' id='word_1_277' title='bbox 1097 5873 1185 5929; x_wconf 88' lang='lat' dir='ltr'>pontif.</span> <span class='ocrx_word' id='word_1_278' title='bbox 1202 5885 1227 5927; x_wconf 90' lang='lat' dir='ltr'>i.,</span> <span class='ocrx_word' id='word_1_279' title='bbox 1246 5883 1303 5916; x_wconf 91' lang='lat' dir='ltr'>con-</span> 
     </span>
    </p>
   </div>
   <div class='ocr_carea' id='block_1_16' title="bbox 562 5939 1304 5997">
    <p class='ocr_par' dir='ltr' id='par_1_17' title="bbox 562 5939 1304 5997">
     <span class='ocr_line' id='line_1_55' title="bbox 562 5939 1304 5997; baseline -0.007 -8"><span class='ocrx_word' id='word_1_280' title='bbox 562 5941 682 5989; x_wconf 80' lang='lat' dir='ltr'>firmatae</span> <span class='ocrx_word' id='word_1_281' title='bbox 696 5941 802 5985; x_wconf 89' lang='lat' dir='ltr'>fuerunt</span> <span class='ocrx_word' id='word_1_282' title='bbox 816 5940 944 5997; x_wconf 86' lang='lat' dir='ltr'>quaedam</span> <span class='ocrx_word' id='word_1_283' title='bbox 959 5939 1133 5986; x_wconf 82' lang='lat' dir='ltr'>resolutiones</span> <span class='ocrx_word' id='word_1_284' title='bbox 1143 5940 1253 5996; x_wconf 87' lang='lat' dir='ltr'>capituli</span> <span class='ocrx_word' id='word_1_285' title='bbox 1263 5951 1304 5995; x_wconf 87' lang='lat' dir='ltr'>ge-</span> 
     </span>
    </p>
   </div>
   <div class='ocr_carea' id='block_1_17' title="bbox 1077 554 1572 608">
    <p class='ocr_par' dir='ltr' id='par_1_18' title="bbox 1077 554 1572 608">
     <span class='ocr_line' id='line_1_56' title="bbox 1077 554 1572 608; baseline -0.008 0"><span class='ocrx_word' id='word_1_286' title='bbox 1077 557 1142 608; x_wconf 85' lang='lat' dir='ltr'>liin.</span> <span class='ocrx_word' id='word_1_287' title='bbox 1167 559 1257 607; x_wconf 76' lang='lat' dir='ltr'>roni.</span> <span class='ocrx_word' id='word_1_288' title='bbox 1281 555 1321 604; x_wconf 81' lang='lat' dir='ltr'>bii</span> <span class='ocrx_word' id='word_1_289' title='bbox 1342 556 1371 602; x_wconf 81' lang='grc' dir='ltr'>Ρ.</span> <span class='ocrx_word' id='word_1_290' title='bbox 1395 554 1423 604; x_wconf 74' lang='lat' dir='ltr'>F.</span> <span class='ocrx_word' id='word_1_291' title='bbox 1448 559 1530 605; x_wconf 80' lang='lat' dir='ltr'>PARS</span> <span class='ocrx_word' id='word_1_292' title='bbox 1552 557 1572 604; x_wconf 92' lang='lat' dir='ltr'>i.</span> 
     </span>
    </p>
   </div>
   <div class='ocr_carea' id='block_1_18' title="bbox 1356 676 2130 5606">
    <p class='ocr_par' dir='ltr' id='par_1_19' title="bbox 1356 676 2130 5606">
     <span class='ocr_line' id='line_1_57' title="bbox 1357 676 2100 758; baseline 0 -20"><span class='ocrx_word' id='word_1_293' title='bbox 1357 676 1441 753; x_wconf 79' lang='lat' dir='ltr'>beat3</span> <span class='ocrx_word' id='word_1_294' title='bbox 1469 695 1503 742; x_wconf 90' lang='lat' dir='ltr'>ac</span> <span class='ocrx_word' id='word_1_295' title='bbox 1533 679 1662 758; x_wconf 90' lang='lat' dir='ltr'>proinde</span> <span class='ocrx_word' id='word_1_296' title='bbox 1690 678 1748 756; x_wconf 89' lang='lat' dir='ltr'>ipsi</span> <span class='ocrx_word' id='word_1_297' title='bbox 1774 683 1964 755; x_wconf 88' lang='lat' dir='ltr'>exponentes</span> <span class='ocrx_word' id='word_1_298' title='bbox 1991 691 2100 756; x_wconf 91' lang='lat' dir='ltr'>oppor-</span> 
     </span>
     <span class='ocr_line' id='line_1_58' title="bbox 1357 770 2102 850; baseline 0 -18"><span class='ocrx_word' id='word_1_299' title='bbox 1357 778 1433 833; x_wconf 93' lang='lat' dir='ltr'>tune</span> <span class='ocrx_word' id='word_1_300' title='bbox 1454 771 1486 832; x_wconf 95' lang='lat' dir='ltr'>in</span> <span class='ocrx_word' id='word_1_301' title='bbox 1508 771 1683 850; x_wconf 92' lang='lat' dir='ltr'>praemissis</span> <span class='ocrx_word' id='word_1_302' title='bbox 1704 787 1720 832; x_wconf 89' lang='lat' dir='ltr'>a</span> <span class='ocrx_word' id='word_1_303' title='bbox 1742 771 1829 832; x_wconf 79' lang='lat' dir='ltr'>nobis</span> <span class='ocrx_word' id='word_1_304' title='bbox 1850 770 2006 850; x_wconf 91' lang='lat' dir='ltr'>provideri</span> <span class='ocrx_word' id='word_1_305' title='bbox 2020 777 2052 832; x_wconf 92' lang='lat' dir='ltr'>et</span> <span class='ocrx_word' id='word_1_306' title='bbox 2066 777 2102 832; x_wconf 91' lang='lat' dir='ltr'>ut</span> 
     </span>
     <span class='ocr_line' id='line_1_59' title="bbox 1358 863 2130 972; baseline -0.003 -46"><span class='ocrx_word' id='word_1_307' title='bbox 1358 863 1437 926; x_wconf 93' lang='lat' dir='ltr'>infra</span> <span class='ocrx_word' id='word_1_308' title='bbox 1450 865 1607 942; x_wconf 88' lang='lat' dir='ltr'>indulgeri</span> <span class='ocrx_word' id='word_1_309' title='bbox 1619 879 1819 943; x_wconf 88' lang='lat' dir='ltr'>summopere</span> <span class='ocrx_word' id='word_1_310' title='bbox 1830 865 2017 927; x_wconf 90' lang='lat' dir='ltr'>desiderent:</span> <span class='ocrx_word' id='word_1_311' title='bbox 2033 879 2100 938; x_wconf 92' lang='lat' dir='ltr'>nos,</span> <span class='ocrx_word' id='word_1_312' title='bbox 2122 927 2130 972; x_wconf 43' lang='grc' dir='ltr'>ἱ</span> 
     </span>
     <span class='ocr_line' id='line_1_60' title="bbox 1358 957 2104 1038; baseline -0.003 -18"><span class='ocrx_word' id='word_1_313' title='bbox 1358 958 1438 1036; x_wconf 90' lang='lat' dir='ltr'>ipsos</span> <span class='ocrx_word' id='word_1_314' title='bbox 1463 965 1655 1038; x_wconf 90' lang='lat' dir='ltr'>exponentes</span> <span class='ocrx_word' id='word_1_315' title='bbox 1685 957 1866 1036; x_wconf 89' lang='lat' dir='ltr'>specialibus</span> <span class='ocrx_word' id='word_1_316' title='bbox 1895 957 2051 1020; x_wconf 80' lang='lat' dir='ltr'>livoribus</span> <span class='ocrx_word' id='word_1_317' title='bbox 2072 964 2104 1020; x_wconf 92' lang='lat' dir='ltr'>et</span> 
     </span>
     <span class='ocr_line' id='line_1_61' title="bbox 1358 1051 2104 1130; baseline 0 -18"><span class='ocrx_word' id='word_1_318' title='bbox 1358 1051 1475 1128; x_wconf 89' lang='lat' dir='ltr'>gratiiis</span> <span class='ocrx_word' id='word_1_319' title='bbox 1487 1052 1628 1130; x_wconf 91' lang='lat' dir='ltr'>prosequi</span> <span class='ocrx_word' id='word_1_320' title='bbox 1641 1051 1793 1126; x_wconf 91' lang='lat' dir='ltr'>volentes,</span> <span class='ocrx_word' id='word_1_321' title='bbox 1804 1058 1835 1113; x_wconf 92' lang='lat' dir='ltr'>et</span> <span class='ocrx_word' id='word_1_322' title='bbox 1846 1066 1955 1113; x_wconf 90' lang='lat' dir='ltr'>eorum</span> <span class='ocrx_word' id='word_1_323' title='bbox 1966 1051 2104 1128; x_wconf 90' lang='lat' dir='ltr'>singula·</span> 
     </span>
     <span class='ocr_line' id='line_1_62' title="bbox 1357 1137 2102 1224; baseline 0 -18"><span class='ocrx_word' id='word_1_324' title='bbox 1357 1161 1405 1206; x_wconf 89' lang='lat' dir='ltr'>res</span> <span class='ocrx_word' id='word_1_325' title='bbox 1417 1137 1752 1224; x_wconf 84' lang='lat' dir='ltr'>personasaquibusvis</span> <span class='ocrx_word' id='word_1_326' title='bbox 1763 1143 2102 1220; x_wconf 85' lang='lat' dir='ltr'>excommunicationis,</span> 
     </span>
     <span class='ocr_line' id='line_1_63' title="bbox 1356 1237 2103 1316; baseline -0.001 -17"><span class='ocrx_word' id='word_1_327' title='bbox 1356 1238 1568 1316; x_wconf 89' lang='lat' dir='ltr'>suspensionis</span> <span class='ocrx_word' id='word_1_328' title='bbox 1585 1245 1616 1300; x_wconf 90' lang='lat' dir='ltr'>et</span> <span class='ocrx_word' id='word_1_329' title='bbox 1631 1238 1800 1314; x_wconf 90' lang='lat' dir='ltr'>interdicti,</span> <span class='ocrx_word' id='word_1_330' title='bbox 1823 1238 1953 1316; x_wconf 91' lang='lat' dir='ltr'>aliisque</span> <span class='ocrx_word' id='word_1_331' title='bbox 1964 1237 2103 1302; x_wconf 91' lang='lat' dir='ltr'>ecclesia-</span> 
     </span>
     <span class='ocr_line' id='line_1_64' title="bbox 1357 1331 2104 1412; baseline 0.003 -20"><span class='ocrx_word' id='word_1_332' title='bbox 1357 1331 1441 1394; x_wconf 91' lang='lat' dir='ltr'>sticis</span> <span class='ocrx_word' id='word_1_333' title='bbox 1461 1331 1637 1406; x_wconf 79' lang='lat' dir='ltr'>sententiis,</span> <span class='ocrx_word' id='word_1_334' title='bbox 1661 1333 1801 1398; x_wconf 86' lang='lat' dir='ltr'>censuris</span> <span class='ocrx_word' id='word_1_335' title='bbox 1822 1340 1853 1394; x_wconf 92' lang='lat' dir='ltr'>et</span> <span class='ocrx_word' id='word_1_336' title='bbox 1874 1333 2020 1412; x_wconf 90' lang='lat' dir='ltr'>poenis,a</span> <span class='ocrx_word' id='word_1_337' title='bbox 2035 1334 2104 1396; x_wconf 87' lang='lat' dir='ltr'>iure</span> 
     </span>
     <span class='ocr_line' id='line_1_65' title="bbox 1357 1424 2104 1504; baseline 0.005 -20"><span class='ocrx_word' id='word_1_338' title='bbox 1357 1424 1407 1486; x_wconf 87' lang='lat' dir='ltr'>vel</span> <span class='ocrx_word' id='word_1_339' title='bbox 1428 1425 1465 1488; x_wconf 91' lang='lat' dir='ltr'>ab</span> <span class='ocrx_word' id='word_1_340' title='bbox 1485 1425 1622 1500; x_wconf 89' lang='lat' dir='ltr'>bomine,</span> <span class='ocrx_word' id='word_1_341' title='bbox 1646 1426 1755 1504; x_wconf 90' lang='lat' dir='ltr'>quavis</span> <span class='ocrx_word' id='word_1_342' title='bbox 1778 1426 1935 1488; x_wconf 88' lang='lat' dir='ltr'>occasione</span> <span class='ocrx_word' id='word_1_343' title='bbox 1955 1426 2104 1490; x_wconf 80' lang='lat' dir='ltr'>velcausi</span> 
     </span>
     <span class='ocr_line' id='line_1_66' title="bbox 1358 1517 2102 1597; baseline 0.003 -19"><span class='ocrx_word' id='word_1_344' title='bbox 1358 1517 1436 1594; x_wconf 90' lang='lat' dir='ltr'>latis,</span> <span class='ocrx_word' id='word_1_345' title='bbox 1448 1518 1474 1579; x_wconf 88' lang='lat' dir='ltr'>si</span> <span class='ocrx_word' id='word_1_346' title='bbox 1489 1518 1601 1596; x_wconf 92' lang='lat' dir='ltr'>quibus</span> <span class='ocrx_word' id='word_1_347' title='bbox 1612 1518 1844 1597; x_wconf 91' lang='lat' dir='ltr'>quomodolibet</span> <span class='ocrx_word' id='word_1_348' title='bbox 1859 1520 2024 1582; x_wconf 90' lang='lat' dir='ltr'>innodatae</span> <span class='ocrx_word' id='word_1_349' title='bbox 2038 1520 2102 1582; x_wconf 92' lang='lat' dir='ltr'>exi-</span> 
     </span>
     <span class='ocr_line' id='line_1_67' title="bbox 1356 1611 2105 1690; baseline 0.003 -18"><span class='ocrx_word' id='word_1_350' title='bbox 1356 1618 1455 1686; x_wconf 89' lang='lat' dir='ltr'>stunt,</span> <span class='ocrx_word' id='word_1_351' title='bbox 1478 1613 1513 1674; x_wconf 90' lang='lat' dir='ltr'>ad</span> <span class='ocrx_word' id='word_1_352' title='bbox 1539 1611 1683 1674; x_wconf 87' lang='lat' dir='ltr'>eflectum</span> <span class='ocrx_word' id='word_1_353' title='bbox 1714 1611 1924 1690; x_wconf 89' lang='lat' dir='ltr'>praesentium</span> <span class='ocrx_word' id='word_1_354' title='bbox 1944 1612 2105 1676; x_wconf 90' lang='lat' dir='ltr'>dumtaxat</span> 
     </span>
     <span class='ocr_line' id='line_1_68' title="bbox 1358 1705 2105 1782; baseline -0.001 -14"><span class='ocrx_word' id='word_1_355' title='bbox 1358 1705 1622 1782; x_wconf 89' lang='lat' dir='ltr'>consequendum,</span> <span class='ocrx_word' id='word_1_356' title='bbox 1639 1705 1750 1768; x_wconf 89' lang='lat' dir='ltr'>bariim</span> <span class='ocrx_word' id='word_1_357' title='bbox 1764 1705 1845 1768; x_wconf 87' lang='lat' dir='ltr'>serie</span> <span class='ocrx_word' id='word_1_358' title='bbox 1866 1706 2059 1769; x_wconf 85' lang='lat' dir='ltr'>absolventes</span> <span class='ocrx_word' id='word_1_359' title='bbox 2073 1713 2105 1768; x_wconf 93' lang='lat' dir='ltr'>et</span> 
     </span>
     <span class='ocr_line' id='line_1_69' title="bbox 1357 1797 2104 1879; baseline 0.005 -21"><span class='ocrx_word' id='word_1_360' title='bbox 1357 1798 1508 1860; x_wconf 89' lang='lat' dir='ltr'>absolutas</span> <span class='ocrx_word' id='word_1_361' title='bbox 1530 1797 1596 1860; x_wconf 90' lang='lat' dir='ltr'>iore</span> <span class='ocrx_word' id='word_1_362' title='bbox 1623 1807 1800 1876; x_wconf 91' lang='lat' dir='ltr'>censentes,</span> <span class='ocrx_word' id='word_1_363' title='bbox 1829 1799 2104 1879; x_wconf 88' lang='lat' dir='ltr'>supplicationibus</span> 
     </span>
     <span class='ocr_line' id='line_1_70' title="bbox 1358 1893 2104 1971; baseline 0.001 -18"><span class='ocrx_word' id='word_1_364' title='bbox 1358 1907 1467 1954; x_wconf 91' lang='lat' dir='ltr'>eorum</span> <span class='ocrx_word' id='word_1_365' title='bbox 1488 1893 1617 1954; x_wconf 90' lang='lat' dir='ltr'>nomine</span> <span class='ocrx_word' id='word_1_366' title='bbox 1642 1893 1730 1954; x_wconf 92' lang='lat' dir='ltr'>nobis</span> <span class='ocrx_word' id='word_1_367' title='bbox 1749 1908 1842 1971; x_wconf 89' lang='lat' dir='ltr'>super</span> <span class='ocrx_word' id='word_1_368' title='bbox 1865 1895 1921 1956; x_wconf 92' lang='lat' dir='ltr'>boc</span> <span class='ocrx_word' id='word_1_369' title='bbox 1942 1893 2104 1956; x_wconf 87' lang='lat' dir='ltr'>humiliter</span> 
     </span>
     <span class='ocr_line' id='line_1_71' title="bbox 1358 1986 2105 2064; baseline 0.005 -18"><span class='ocrx_word' id='word_1_370' title='bbox 1358 1987 1505 2064; x_wconf 90' lang='lat' dir='ltr'>porrectis</span> <span class='ocrx_word' id='word_1_371' title='bbox 1526 1986 1677 2061; x_wconf 93' lang='lat' dir='ltr'>inclinati,</span> <span class='ocrx_word' id='word_1_372' title='bbox 1706 1993 1742 2049; x_wconf 94' lang='lat' dir='ltr'>ut</span> <span class='ocrx_word' id='word_1_373' title='bbox 1770 1993 1834 2050; x_wconf 90' lang='lat' dir='ltr'>tam</span> <span class='ocrx_word' id='word_1_374' title='bbox 1866 1987 1994 2053; x_wconf 84' lang='lat' dir='ltr'>dilectus</span> <span class='ocrx_word' id='word_1_375' title='bbox 2022 1987 2105 2050; x_wconf 91' lang='lat' dir='ltr'>iilius</span> 
     </span>
     <span class='ocr_line' id='line_1_72' title="bbox 1359 2079 2105 2160; baseline 0.003 -18"><span class='ocrx_word' id='word_1_376' title='bbox 1359 2081 1527 2142; x_wconf 91' lang='lat' dir='ltr'>modernus</span> <span class='ocrx_word' id='word_1_377' title='bbox 1542 2079 1713 2160; x_wconf 87' lang='lat' dir='ltr'>praefectus</span> <span class='ocrx_word' id='word_1_378' title='bbox 1728 2081 1881 2158; x_wconf 91' lang='lat' dir='ltr'>generalis</span> <span class='ocrx_word' id='word_1_379' title='bbox 1895 2081 1968 2143; x_wconf 91' lang='lat' dir='ltr'>dicti</span> <span class='ocrx_word' id='word_1_380' title='bbox 1982 2081 2105 2144; x_wconf 90' lang='lat' dir='ltr'>Ordinis</span> 
     </span>
     <span class='ocr_line' id='line_1_73' title="bbox 1357 2173 2105 2252; baseline 0.004 -18"><span class='ocrx_word' id='word_1_381' title='bbox 1357 2188 1450 2251; x_wconf 92' lang='lat' dir='ltr'>quani</span> <span class='ocrx_word' id='word_1_382' title='bbox 1472 2173 1566 2234; x_wconf 92' lang='lat' dir='ltr'>ceteri</span> <span class='ocrx_word' id='word_1_383' title='bbox 1589 2173 1673 2235; x_wconf 92' lang='lat' dir='ltr'>illius</span> <span class='ocrx_word' id='word_1_384' title='bbox 1695 2189 1885 2236; x_wconf 84' lang='lat' dir='ltr'>successores</span> <span class='ocrx_word' id='word_1_385' title='bbox 1906 2174 2047 2252; x_wconf 91' lang='lat' dir='ltr'>proxime</span> <span class='ocrx_word' id='word_1_386' title='bbox 2067 2175 2105 2237; x_wconf 91' lang='lat' dir='ltr'>ab</span> 
     </span>
     <span class='ocr_line' id='line_1_74' title="bbox 1358 2265 2104 2344; baseline 0.003 -16"><span class='ocrx_word' id='word_1_387' title='bbox 1358 2265 1458 2328; x_wconf 87' lang='lat' dir='ltr'>officio</span> <span class='ocrx_word' id='word_1_388' title='bbox 1479 2266 1666 2344; x_wconf 90' lang='lat' dir='ltr'>expirantes,</span> <span class='ocrx_word' id='word_1_389' title='bbox 1682 2281 1737 2328; x_wconf 88' lang='lat' dir='ltr'>seu</span> <span class='ocrx_word' id='word_1_390' title='bbox 1759 2265 1793 2327; x_wconf 94' lang='lat' dir='ltr'>ad</span> <span class='ocrx_word' id='word_1_391' title='bbox 1816 2267 1966 2330; x_wconf 91' lang='lat' dir='ltr'>ultimum</span> <span class='ocrx_word' id='word_1_392' title='bbox 1984 2283 2104 2331; x_wconf 90' lang='lat' dir='ltr'>anuum</span> 
     </span>
     <span class='ocr_line' id='line_1_75' title="bbox 1359 2358 2107 2440; baseline 0.004 -21"><span class='ocrx_word' id='word_1_393' title='bbox 1359 2359 1509 2420; x_wconf 92' lang='lat' dir='ltr'>novennii</span> <span class='ocrx_word' id='word_1_394' title='bbox 1523 2358 1571 2420; x_wconf 92' lang='lat' dir='ltr'>siii</span> <span class='ocrx_word' id='word_1_395' title='bbox 1587 2358 1782 2436; x_wconf 79' lang='lat' dir='ltr'>generalatus</span> <span class='ocrx_word' id='word_1_396' title='bbox 1796 2361 1984 2434; x_wconf 88' lang='lat' dir='ltr'>accedentes,</span> <span class='ocrx_word' id='word_1_397' title='bbox 1998 2375 2107 2440; x_wconf 90' lang='lat' dir='ltr'>perpe·</span> 
     </span>
     <span class='ocr_line' id='line_1_76' title="bbox 1359 2451 2105 2516; baseline 0 -4"><span class='ocrx_word' id='word_1_398' title='bbox 1359 2459 1448 2514; x_wconf 91' lang='lat' dir='ltr'>tuum</span> <span class='ocrx_word' id='word_1_399' title='bbox 1471 2453 1519 2514; x_wconf 92' lang='lat' dir='ltr'>iiis</span> <span class='ocrx_word' id='word_1_400' title='bbox 1550 2451 1682 2514; x_wconf 88' lang='lat' dir='ltr'>babeant</span> <span class='ocrx_word' id='word_1_401' title='bbox 1707 2453 1896 2516; x_wconf 93' lang='lat' dir='ltr'>convocandi</span> <span class='ocrx_word' id='word_1_402' title='bbox 1928 2453 2047 2516; x_wconf 79' lang='lat' dir='ltr'>vocales</span> <span class='ocrx_word' id='word_1_403' title='bbox 2068 2451 2105 2513; x_wconf 92' lang='lat' dir='ltr'>aii</span> 
     </span>
     <span class='ocr_line' id='line_1_77' title="bbox 1358 2544 2104 2624; baseline 0 -18"><span class='ocrx_word' id='word_1_404' title='bbox 1358 2544 1528 2623; x_wconf 91' lang='lat' dir='ltr'>capitulum</span> <span class='ocrx_word' id='word_1_405' title='bbox 1560 2544 1706 2621; x_wconf 90' lang='lat' dir='ltr'>generale</span> <span class='ocrx_word' id='word_1_406' title='bbox 1727 2561 1782 2624; x_wconf 94' lang='lat' dir='ltr'>pro</span> <span class='ocrx_word' id='word_1_407' title='bbox 1810 2547 1967 2608; x_wconf 90' lang='lat' dir='ltr'>novennio</span> <span class='ocrx_word' id='word_1_408' title='bbox 1995 2545 2104 2608; x_wconf 90' lang='lat' dir='ltr'>imme·</span> 
     </span>
     <span class='ocr_line' id='line_1_78' title="bbox 1358 2637 2104 2718; baseline 0.004 -20"><span class='ocrx_word' id='word_1_409' title='bbox 1358 2637 1438 2702; x_wconf 90' lang='lat' dir='ltr'>diate</span> <span class='ocrx_word' id='word_1_410' title='bbox 1457 2638 1600 2717; x_wconf 88' lang='lat' dir='ltr'>sequenti</span> <span class='ocrx_word' id='word_1_411' title='bbox 1621 2655 1655 2700; x_wconf 92' lang='lat' dir='ltr'>ac</span> <span class='ocrx_word' id='word_1_412' title='bbox 1679 2638 1771 2702; x_wconf 89' lang='lat' dir='ltr'>etiam</span> <span class='ocrx_word' id='word_1_413' title='bbox 1787 2639 1979 2718; x_wconf 91' lang='lat' dir='ltr'>praesidendi</span> <span class='ocrx_word' id='word_1_414' title='bbox 1999 2639 2032 2700; x_wconf 94' lang='lat' dir='ltr'>iii</span> <span class='ocrx_word' id='word_1_415' title='bbox 2054 2655 2104 2701; x_wconf 94' lang='lat' dir='ltr'>eo-</span> 
     </span>
     <span class='ocr_line' id='line_1_79' title="bbox 1358 2730 2105 2810; baseline 0 -16"><span class='ocrx_word' id='word_1_416' title='bbox 1358 2731 1430 2794; x_wconf 89' lang='lat' dir='ltr'>dem</span> <span class='ocrx_word' id='word_1_417' title='bbox 1449 2730 1585 2810; x_wconf 90' lang='lat' dir='ltr'>capitulo</span> <span class='ocrx_word' id='word_1_418' title='bbox 1600 2731 1758 2807; x_wconf 86' lang='lat' dir='ltr'>generali;</span> <span class='ocrx_word' id='word_1_419' title='bbox 1780 2735 1806 2792; x_wconf 92' lang='lat' dir='ltr'>si</span> <span class='ocrx_word' id='word_1_420' title='bbox 1827 2747 1902 2794; x_wconf 92' lang='lat' dir='ltr'>vero</span> <span class='ocrx_word' id='word_1_421' title='bbox 1916 2732 1997 2794; x_wconf 91' lang='lat' dir='ltr'>intra</span> <span class='ocrx_word' id='word_1_422' title='bbox 2012 2733 2105 2796; x_wconf 91' lang='lat' dir='ltr'>officii</span> 
     </span>
     <span class='ocr_line' id='line_1_80' title="bbox 1359 2824 2103 2901; baseline 0.001 -13"><span class='ocrx_word' id='word_1_423' title='bbox 1359 2824 1553 2901; x_wconf 81' lang='lat' dir='ltr'>generalatus</span> <span class='ocrx_word' id='word_1_424' title='bbox 1571 2826 1766 2887; x_wconf 90' lang='lat' dir='ltr'>novennium</span> <span class='ocrx_word' id='word_1_425' title='bbox 1787 2839 1806 2886; x_wconf 90' lang='lat' dir='ltr'>e</span> <span class='ocrx_word' id='word_1_426' title='bbox 1827 2827 1889 2887; x_wconf 88' lang='lat' dir='ltr'>viti</span> <span class='ocrx_word' id='word_1_427' title='bbox 1904 2827 2103 2900; x_wconf 87' lang='lat' dir='ltr'>decesserint,</span> 
     </span>
     <span class='ocr_line' id='line_1_81' title="bbox 1359 2917 2104 2998; baseline 0.004 -20"><span class='ocrx_word' id='word_1_428' title='bbox 1359 2925 1433 2980; x_wconf 89' lang='lat' dir='ltr'>tunc</span> <span class='ocrx_word' id='word_1_429' title='bbox 1458 2917 1622 2980; x_wconf 86' lang='lat' dir='ltr'>vicariatus</span> <span class='ocrx_word' id='word_1_430' title='bbox 1644 2917 1797 2994; x_wconf 86' lang='lat' dir='ltr'>generalis</span> <span class='ocrx_word' id='word_1_431' title='bbox 1824 2925 1940 2998; x_wconf 89' lang='lat' dir='ltr'>spectet</span> <span class='ocrx_word' id='word_1_432' title='bbox 1961 2919 1997 2981; x_wconf 90' lang='lat' dir='ltr'>ad</span> <span class='ocrx_word' id='word_1_433' title='bbox 2018 2933 2104 2998; x_wconf 90' lang='lat' dir='ltr'>prae·</span> 
     </span>
     <span class='ocr_line' id='line_1_82' title="bbox 1358 3008 2106 3088; baseline 0.005 -18"><span class='ocrx_word' id='word_1_434' title='bbox 1358 3008 1539 3088; x_wconf 89' lang='lat' dir='ltr'>lectumqui</span> <span class='ocrx_word' id='word_1_435' title='bbox 1561 3015 1635 3072; x_wconf 93' lang='lat' dir='ltr'>tunc</span> <span class='ocrx_word' id='word_1_436' title='bbox 1656 3011 1805 3088; x_wconf 87' lang='lat' dir='ltr'>temporis</span> <span class='ocrx_word' id='word_1_437' title='bbox 1819 3012 2019 3074; x_wconf 86' lang='lat' dir='ltr'>confirmatus</span> <span class='ocrx_word' id='word_1_438' title='bbox 2040 3013 2106 3074; x_wconf 93' lang='lat' dir='ltr'>exi-</span> 
     </span>
     <span class='ocr_line' id='line_1_83' title="bbox 1358 3103 2105 3186; baseline 0.005 -22"><span class='ocrx_word' id='word_1_439' title='bbox 1358 3111 1453 3166; x_wconf 89' lang='lat' dir='ltr'>steret</span> <span class='ocrx_word' id='word_1_440' title='bbox 1474 3111 1505 3164; x_wconf 91' lang='lat' dir='ltr'>et</span> <span class='ocrx_word' id='word_1_441' title='bbox 1526 3105 1559 3165; x_wconf 95' lang='lat' dir='ltr'>in</span> <span class='ocrx_word' id='word_1_442' title='bbox 1580 3103 1691 3166; x_wconf 91' lang='lat' dir='ltr'>actuali</span> <span class='ocrx_word' id='word_1_443' title='bbox 1713 3103 1867 3181; x_wconf 93' lang='lat' dir='ltr'>gubernio</span> <span class='ocrx_word' id='word_1_444' title='bbox 1889 3105 2047 3186; x_wconf 89' lang='lat' dir='ltr'>hospitalis</span> <span class='ocrx_word' id='word_1_445' title='bbox 2067 3107 2105 3170; x_wconf 88' lang='lat' dir='ltr'>de</span> 
     </span>
     <span class='ocr_line' id='line_1_84' title="bbox 1359 3196 2104 3278; baseline 0.005 -20"><span class='ocrx_word' id='word_1_446' title='bbox 1359 3196 1529 3258; x_wconf 85' lang='lat' dir='ltr'>Guatimala</span> <span class='ocrx_word' id='word_1_447' title='bbox 1550 3197 1757 3274; x_wconf 89' lang='lat' dir='ltr'>reperiretur;</span> <span class='ocrx_word' id='word_1_448' title='bbox 1780 3203 1822 3270; x_wconf 92' lang='lat' dir='ltr'>et,</span> <span class='ocrx_word' id='word_1_449' title='bbox 1844 3213 1915 3260; x_wconf 89' lang='lat' dir='ltr'>casu</span> <span class='ocrx_word' id='word_1_450' title='bbox 1937 3214 1998 3276; x_wconf 90' lang='lat' dir='ltr'>quo</span> <span class='ocrx_word' id='word_1_451' title='bbox 2018 3213 2104 3278; x_wconf 87' lang='lat' dir='ltr'>prae·</span> 
     </span>
     <span class='ocr_line' id='line_1_85' title="bbox 1358 3289 2103 3368; baseline 0.004 -18"><span class='ocrx_word' id='word_1_452' title='bbox 1358 3289 1455 3352; x_wconf 90' lang='lat' dir='ltr'>iectus</span> <span class='ocrx_word' id='word_1_453' title='bbox 1477 3289 1546 3363; x_wconf 92' lang='lat' dir='ltr'>iste,</span> <span class='ocrx_word' id='word_1_454' title='bbox 1569 3304 1641 3352; x_wconf 93' lang='lat' dir='ltr'>cum</span> <span class='ocrx_word' id='word_1_455' title='bbox 1668 3291 1756 3352; x_wconf 84' lang='lat' dir='ltr'>causi</span> <span class='ocrx_word' id='word_1_456' title='bbox 1777 3291 1827 3352; x_wconf 94' lang='lat' dir='ltr'>vel</span> <span class='ocrx_word' id='word_1_457' title='bbox 1848 3291 1917 3354; x_wconf 90' lang='lat' dir='ltr'>sine</span> <span class='ocrx_word' id='word_1_458' title='bbox 1937 3293 2043 3368; x_wconf 81' lang='lat' dir='ltr'>causi,</span> <span class='ocrx_word' id='word_1_459' title='bbox 2067 3292 2103 3353; x_wconf 91' lang='lat' dir='ltr'>de</span> 
     </span>
     <span class='ocr_line' id='line_1_86' title="bbox 1359 3382 2104 3462; baseline 0.005 -18"><span class='ocrx_word' id='word_1_460' title='bbox 1359 3399 1396 3444; x_wconf 90' lang='lat' dir='ltr'>eo</span> <span class='ocrx_word' id='word_1_461' title='bbox 1417 3390 1556 3462; x_wconf 91' lang='lat' dir='ltr'>tempore</span> <span class='ocrx_word' id='word_1_462' title='bbox 1577 3382 1847 3446; x_wconf 82' lang='lat' dir='ltr'>confirmationem</span> <span class='ocrx_word' id='word_1_463' title='bbox 1868 3401 1933 3446; x_wconf 91' lang='lat' dir='ltr'>uon</span> <span class='ocrx_word' id='word_1_464' title='bbox 1955 3385 2104 3448; x_wconf 90' lang='lat' dir='ltr'>obtinuis-</span> 
     </span>
     <span class='ocr_line' id='line_1_87' title="bbox 1357 3476 2105 3557; baseline 0.005 -19"><span class='ocrx_word' id='word_1_465' title='bbox 1357 3483 1415 3551; x_wconf 92' lang='lat' dir='ltr'>set,</span> <span class='ocrx_word' id='word_1_466' title='bbox 1437 3476 1601 3538; x_wconf 80' lang='lat' dir='ltr'>vicariatus</span> <span class='ocrx_word' id='word_1_467' title='bbox 1623 3476 1779 3553; x_wconf 81' lang='lat' dir='ltr'>geneialis</span> <span class='ocrx_word' id='word_1_468' title='bbox 1797 3477 1949 3557; x_wconf 89' lang='lat' dir='ltr'>praefatus</span> <span class='ocrx_word' id='word_1_469' title='bbox 1972 3487 2105 3542; x_wconf 89' lang='lat' dir='ltr'>transeat</span> 
     </span>
     <span class='ocr_line' id='line_1_88' title="bbox 1359 3569 2105 3650; baseline 0.005 -20"><span class='ocrx_word' id='word_1_470' title='bbox 1359 3570 1395 3632; x_wconf 89' lang='lat' dir='ltr'>ad</span> <span class='ocrx_word' id='word_1_471' title='bbox 1415 3569 1591 3631; x_wconf 89' lang='lat' dir='ltr'>assistentes</span> <span class='ocrx_word' id='word_1_472' title='bbox 1613 3569 1784 3646; x_wconf 89' lang='lat' dir='ltr'>generales,</span> <span class='ocrx_word' id='word_1_473' title='bbox 1800 3577 1831 3634; x_wconf 91' lang='lat' dir='ltr'>et</span> <span class='ocrx_word' id='word_1_474' title='bbox 1845 3569 1919 3634; x_wconf 91' lang='lat' dir='ltr'>alios</span> <span class='ocrx_word' id='word_1_475' title='bbox 1934 3572 2105 3650; x_wconf 82' lang='lat' dir='ltr'>respective</span> 
     </span>
     <span class='ocr_line' id='line_1_89' title="bbox 1359 3661 2107 3744; baseline 0.007 -21"><span class='ocrx_word' id='word_1_476' title='bbox 1359 3661 1478 3725; x_wconf 85' lang='lat' dir='ltr'>vocales</span> <span class='ocrx_word' id='word_1_477' title='bbox 1498 3662 1552 3740; x_wconf 91' lang='lat' dir='ltr'>qui</span> <span class='ocrx_word' id='word_1_478' title='bbox 1572 3670 1758 3742; x_wconf 91' lang='lat' dir='ltr'>sequuntur,</span> <span class='ocrx_word' id='word_1_479' title='bbox 1779 3665 1898 3726; x_wconf 82' lang='lat' dir='ltr'>servati</span> <span class='ocrx_word' id='word_1_480' title='bbox 1918 3681 2042 3744; x_wconf 93' lang='lat' dir='ltr'>semper</span> <span class='ocrx_word' id='word_1_481' title='bbox 2055 3681 2107 3728; x_wconf 92' lang='lat' dir='ltr'>eo-</span> 
     </span>
     <span class='ocr_line' id='line_1_90' title="bbox 1359 3756 2105 3838; baseline 0.003 -20"><span class='ocrx_word' id='word_1_482' title='bbox 1359 3772 1430 3818; x_wconf 88' lang='lat' dir='ltr'>rum</span> <span class='ocrx_word' id='word_1_483' title='bbox 1450 3756 1642 3830; x_wconf 90' lang='lat' dir='ltr'>antianitate,</span> <span class='ocrx_word' id='word_1_484' title='bbox 1664 3756 1750 3819; x_wconf 88' lang='lat' dir='ltr'>iuxta</span> <span class='ocrx_word' id='word_1_485' title='bbox 1777 3757 2010 3838; x_wconf 89' lang='lat' dir='ltr'>dispositionem</span> <span class='ocrx_word' id='word_1_486' title='bbox 2031 3775 2105 3838; x_wconf 93' lang='lat' dir='ltr'>qua·</span> 
     </span>
     <span class='ocr_line' id='line_1_91' title="bbox 1360 3849 2106 3931; baseline 0.004 -20"><span class='ocrx_word' id='word_1_487' title='bbox 1360 3849 1504 3911; x_wconf 91' lang='lat' dir='ltr'>rumdem</span> <span class='ocrx_word' id='word_1_488' title='bbox 1525 3855 1703 3912; x_wconf 90' lang='lat' dir='ltr'>nostrarum</span> <span class='ocrx_word' id='word_1_489' title='bbox 1730 3849 1905 3914; x_wconf 92' lang='lat' dir='ltr'>litterarum</span> <span class='ocrx_word' id='word_1_490' title='bbox 1926 3852 2058 3931; x_wconf 93' lang='lat' dir='ltr'>desuper</span> <span class='ocrx_word' id='word_1_491' title='bbox 2071 3851 2106 3914; x_wconf 92' lang='lat' dir='ltr'>iii</span> 
     </span>
     <span class='ocr_line' id='line_1_92' title="bbox 1358 3941 2103 4008; baseline 0.001 -4"><span class='ocrx_word' id='word_1_492' title='bbox 1358 3941 1452 4004; x_wconf 92' lang='lat' dir='ltr'>simili</span> <span class='ocrx_word' id='word_1_493' title='bbox 1474 3941 1572 4004; x_wconf 80' lang='lat' dir='ltr'>forma</span> <span class='ocrx_word' id='word_1_494' title='bbox 1593 3941 1700 4004; x_wconf 88' lang='lat' dir='ltr'>Brevis</span> <span class='ocrx_word' id='word_1_495' title='bbox 1721 3943 1771 4006; x_wconf 92' lang='lat' dir='ltr'>die</span> <span class='ocrx_word' id='word_1_496' title='bbox 1785 3961 1828 4005; x_wconf 89' lang='lat' dir='ltr'>iv.</span> <span class='ocrx_word' id='word_1_497' title='bbox 1845 3944 1918 4006; x_wconf 92' lang='lat' dir='ltr'>maii</span> <span class='ocrx_word' id='word_1_498' title='bbox 1939 3961 2103 4008; x_wconf 87' lang='lat' dir='ltr'>iiuccxxv.</span> 
     </span>
     <span class='ocr_line' id='line_1_93' title="bbox 1360 4036 2106 4116; baseline 0.003 -18"><span class='ocrx_word' id='word_1_499' title='bbox 1360 4037 1574 4116; x_wconf 90' lang='lat' dir='ltr'>expeditarum</span> <span class='ocrx_word' id='word_1_500' title='bbox 1589 4043 1620 4098; x_wconf 90' lang='lat' dir='ltr'>et</span> <span class='ocrx_word' id='word_1_501' title='bbox 1634 4037 1870 4100; x_wconf 86' lang='lat' dir='ltr'>constitutiones</span> <span class='ocrx_word' id='word_1_502' title='bbox 1891 4039 2038 4116; x_wconf 87' lang='lat' dir='ltr'>praedicti</span> <span class='ocrx_word' id='word_1_503' title='bbox 2052 4036 2106 4101; x_wconf 92' lang='lat' dir='ltr'>Or·</span> 
     </span>
     <span class='ocr_line' id='line_1_94' title="bbox 1360 4130 2105 4211; baseline 0 -19"><span class='ocrx_word' id='word_1_504' title='bbox 1360 4130 1456 4206; x_wconf 80' lang='lat' dir='ltr'>dinis3</span> <span class='ocrx_word' id='word_1_505' title='bbox 1480 4137 1630 4208; x_wconf 91' lang='lat' dir='ltr'>quatenus</span> <span class='ocrx_word' id='word_1_506' title='bbox 1656 4145 1731 4191; x_wconf 90' lang='lat' dir='ltr'>vero</span> <span class='ocrx_word' id='word_1_507' title='bbox 1758 4130 1841 4194; x_wconf 91' lang='lat' dir='ltr'>idem</span> <span class='ocrx_word' id='word_1_508' title='bbox 1861 4131 2034 4211; x_wconf 88' lang='lat' dir='ltr'>praelectus</span> <span class='ocrx_word' id='word_1_509' title='bbox 2054 4147 2105 4209; x_wconf 90' lang='lat' dir='ltr'>ge-</span> 
     </span>
     <span class='ocr_line' id='line_1_95' title="bbox 1360 4222 2106 4302; baseline -0.005 -12"><span class='ocrx_word' id='word_1_510' title='bbox 1360 4223 1472 4290; x_wconf 87' lang='lat' dir='ltr'>neralis</span> <span class='ocrx_word' id='word_1_511' title='bbox 1493 4223 1530 4283; x_wconf 89' lang='lat' dir='ltr'>ab</span> <span class='ocrx_word' id='word_1_512' title='bbox 1554 4223 1697 4286; x_wconf 91' lang='lat' dir='ltr'>humanis</span> <span class='ocrx_word' id='word_1_513' title='bbox 1726 4222 1851 4286; x_wconf 91' lang='lat' dir='ltr'>decedat</span> <span class='ocrx_word' id='word_1_514' title='bbox 1878 4225 1913 4286; x_wconf 94' lang='lat' dir='ltr'>in</span> <span class='ocrx_word' id='word_1_515' title='bbox 1934 4241 2031 4302; x_wconf 88' lang='lat' dir='ltr'>regno</span> <span class='ocrx_word' id='word_1_516' title='bbox 2053 4225 2106 4286; x_wconf 86' lang='lat' dir='ltr'>Pe·</span> 
     </span>
     <span class='ocr_line' id='line_1_96' title="bbox 1361 4315 2107 4392; baseline -0.001 -13"><span class='ocrx_word' id='word_1_517' title='bbox 1361 4331 1469 4392; x_wconf 89' lang='lat' dir='ltr'>ruane,</span> <span class='ocrx_word' id='word_1_518' title='bbox 1492 4325 1522 4378; x_wconf 91' lang='lat' dir='ltr'>et</span> <span class='ocrx_word' id='word_1_519' title='bbox 1544 4315 1653 4378; x_wconf 92' lang='lat' dir='ltr'>electio</span> <span class='ocrx_word' id='word_1_520' title='bbox 1675 4316 1743 4378; x_wconf 90' lang='lat' dir='ltr'>lieri</span> <span class='ocrx_word' id='word_1_521' title='bbox 1766 4317 1872 4380; x_wconf 89' lang='lat' dir='ltr'>debeat</span> <span class='ocrx_word' id='word_1_522' title='bbox 1892 4318 1926 4379; x_wconf 90' lang='lat' dir='ltr'>iii</span> <span class='ocrx_word' id='word_1_523' title='bbox 1947 4317 2033 4381; x_wconf 83' lang='lat' dir='ltr'>Nova</span> <span class='ocrx_word' id='word_1_524' title='bbox 2054 4318 2107 4379; x_wconf 88' lang='lat' dir='ltr'>lli-</span> 
     </span>
     <span class='ocr_line' id='line_1_97' title="bbox 1359 4410 2106 4490; baseline 0 -18"><span class='ocrx_word' id='word_1_525' title='bbox 1359 4411 1476 4490; x_wconf 86' lang='lat' dir='ltr'>spanii,</span> <span class='ocrx_word' id='word_1_526' title='bbox 1500 4416 1575 4471; x_wconf 91' lang='lat' dir='ltr'>tunc</span> <span class='ocrx_word' id='word_1_527' title='bbox 1595 4418 1627 4470; x_wconf 89' lang='lat' dir='ltr'>et</span> <span class='ocrx_word' id='word_1_528' title='bbox 1649 4425 1685 4470; x_wconf 92' lang='lat' dir='ltr'>eo</span> <span class='ocrx_word' id='word_1_529' title='bbox 1706 4426 1777 4472; x_wconf 90' lang='lat' dir='ltr'>casu</span> <span class='ocrx_word' id='word_1_530' title='bbox 1791 4411 1935 4473; x_wconf 90' lang='lat' dir='ltr'>assistens</span> <span class='ocrx_word' id='word_1_531' title='bbox 1949 4410 2106 4488; x_wconf 90' lang='lat' dir='ltr'>antiquior</span> 
     </span>
     <span class='ocr_line' id='line_1_98' title="bbox 1361 4503 2105 4581; baseline -0.003 -15"><span class='ocrx_word' id='word_1_532' title='bbox 1361 4505 1517 4566; x_wconf 89' lang='lat' dir='ltr'>Peruanns</span> <span class='ocrx_word' id='word_1_533' title='bbox 1539 4503 1659 4564; x_wconf 90' lang='lat' dir='ltr'>vocales</span> <span class='ocrx_word' id='word_1_534' title='bbox 1690 4509 1813 4566; x_wconf 89' lang='lat' dir='ltr'>tantuin</span> <span class='ocrx_word' id='word_1_535' title='bbox 1835 4504 1987 4567; x_wconf 89' lang='lat' dir='ltr'>eiusmodi</span> <span class='ocrx_word' id='word_1_536' title='bbox 2015 4504 2105 4581; x_wconf 92' lang='lat' dir='ltr'>regni</span> 
     </span>
     <span class='ocr_line' id='line_1_99' title="bbox 1360 4596 2106 4671; baseline 0.001 -13"><span class='ocrx_word' id='word_1_537' title='bbox 1360 4596 1491 4659; x_wconf 91' lang='lat' dir='ltr'>Peruani</span> <span class='ocrx_word' id='word_1_538' title='bbox 1512 4602 1670 4671; x_wconf 91' lang='lat' dir='ltr'>convocet,</span> <span class='ocrx_word' id='word_1_539' title='bbox 1687 4599 1722 4659; x_wconf 89' lang='lat' dir='ltr'>ad</span> <span class='ocrx_word' id='word_1_540' title='bbox 1744 4597 1802 4659; x_wconf 93' lang='lat' dir='ltr'>boc</span> <span class='ocrx_word' id='word_1_541' title='bbox 1823 4605 1858 4659; x_wconf 93' lang='lat' dir='ltr'>ut</span> <span class='ocrx_word' id='word_1_542' title='bbox 1878 4598 1921 4659; x_wconf 93' lang='lat' dir='ltr'>sio</span> <span class='ocrx_word' id='word_1_543' title='bbox 1935 4597 2055 4659; x_wconf 89' lang='lat' dir='ltr'>facilins</span> <span class='ocrx_word' id='word_1_544' title='bbox 2068 4598 2106 4660; x_wconf 90' lang='lat' dir='ltr'>ad</span> 
     </span>
     <span class='ocr_line' id='line_1_100' title="bbox 1360 4689 2105 4768; baseline 0 -16"><span class='ocrx_word' id='word_1_545' title='bbox 1360 4689 1485 4768; x_wconf 87' lang='lat' dir='ltr'>capituli</span> <span class='ocrx_word' id='word_1_546' title='bbox 1508 4689 1660 4766; x_wconf 90' lang='lat' dir='ltr'>generalis</span> <span class='ocrx_word' id='word_1_547' title='bbox 1674 4689 1914 4753; x_wconf 86' lang='lat' dir='ltr'>celebrationem</span> <span class='ocrx_word' id='word_1_548' title='bbox 1935 4689 2105 4754; x_wconf 90' lang='lat' dir='ltr'>faciendam</span> 
     </span>
     <span class='ocr_line' id='line_1_101' title="bbox 1361 4781 2105 4862; baseline -0.003 -16"><span class='ocrx_word' id='word_1_549' title='bbox 1361 4784 1394 4845; x_wconf 92' lang='lat' dir='ltr'>iii</span> <span class='ocrx_word' id='word_1_550' title='bbox 1416 4781 1501 4846; x_wconf 83' lang='lat' dir='ltr'>Nova</span> <span class='ocrx_word' id='word_1_551' title='bbox 1522 4783 1677 4862; x_wconf 80' lang='lat' dir='ltr'>Hispania,</span> <span class='ocrx_word' id='word_1_552' title='bbox 1691 4783 1771 4845; x_wconf 93' lang='lat' dir='ltr'>intra</span> <span class='ocrx_word' id='word_1_553' title='bbox 1792 4785 1887 4846; x_wconf 88' lang='lat' dir='ltr'>unius</span> <span class='ocrx_word' id='word_1_554' title='bbox 1906 4785 1977 4846; x_wconf 90' lang='lat' dir='ltr'>antii</span> <span class='ocrx_word' id='word_1_555' title='bbox 1999 4785 2105 4847; x_wconf 91' lang='lat' dir='ltr'>termi-</span> 
     </span>
     <span class='ocr_line' id='line_1_102' title="bbox 1361 4876 2105 4950; baseline -0.001 -12"><span class='ocrx_word' id='word_1_556' title='bbox 1361 4892 1456 4950; x_wconf 93' lang='lat' dir='ltr'>num,</span> <span class='ocrx_word' id='word_1_557' title='bbox 1479 4877 1515 4939; x_wconf 96' lang='lat' dir='ltr'>ad</span> <span class='ocrx_word' id='word_1_558' title='bbox 1540 4876 1672 4938; x_wconf 90' lang='lat' dir='ltr'>formam</span> <span class='ocrx_word' id='word_1_559' title='bbox 1700 4879 1880 4942; x_wconf 87' lang='lat' dir='ltr'>earumdem</span> <span class='ocrx_word' id='word_1_560' title='bbox 1910 4877 2105 4942; x_wconf 88' lang='lat' dir='ltr'>constitutio-</span> 
     </span>
     <span class='ocr_line' id='line_1_103' title="bbox 1362 4970 2106 5048; baseline 0.004 -17"><span class='ocrx_word' id='word_1_561' title='bbox 1362 4985 1451 5045; x_wconf 92' lang='lat' dir='ltr'>num,</span> <span class='ocrx_word' id='word_1_562' title='bbox 1483 4985 1671 5032; x_wconf 89' lang='lat' dir='ltr'>concurrere</span> <span class='ocrx_word' id='word_1_563' title='bbox 1701 4971 1834 5048; x_wconf 74' lang='lat' dir='ltr'>possint,</span> <span class='ocrx_word' id='word_1_564' title='bbox 1864 4978 1910 5046; x_wconf 90' lang='lat' dir='ltr'>at,</span> <span class='ocrx_word' id='word_1_565' title='bbox 1939 4970 2106 5034; x_wconf 89' lang='lat' dir='ltr'>decedente</span> 
     </span>
     <span class='ocr_line' id='line_1_104' title="bbox 1360 5063 2106 5144; baseline -0.003 -18"><span class='ocrx_word' id='word_1_566' title='bbox 1360 5065 1470 5126; x_wconf 88' lang='lat' dir='ltr'>eodem</span> <span class='ocrx_word' id='word_1_567' title='bbox 1483 5063 1636 5141; x_wconf 89' lang='lat' dir='ltr'>praefecto</span> <span class='ocrx_word' id='word_1_568' title='bbox 1651 5063 1788 5140; x_wconf 90' lang='lat' dir='ltr'>generali</span> <span class='ocrx_word' id='word_1_569' title='bbox 1805 5065 1836 5126; x_wconf 92' lang='lat' dir='ltr'>iii</span> <span class='ocrx_word' id='word_1_570' title='bbox 1852 5064 2005 5144; x_wconf 84' lang='lat' dir='ltr'>praedicta</span> <span class='ocrx_word' id='word_1_571' title='bbox 2019 5063 2106 5126; x_wconf 80' lang='lat' dir='ltr'>Novi</span> 
     </span>
     <span class='ocr_line' id='line_1_105' title="bbox 1361 5157 2105 5236; baseline 0 -17"><span class='ocrx_word' id='word_1_572' title='bbox 1361 5157 1515 5235; x_wconf 84' lang='lat' dir='ltr'>Hispania,</span> <span class='ocrx_word' id='word_1_573' title='bbox 1540 5163 1614 5219; x_wconf 91' lang='lat' dir='ltr'>tiiiic</span> <span class='ocrx_word' id='word_1_574' title='bbox 1634 5165 1665 5218; x_wconf 91' lang='lat' dir='ltr'>et</span> <span class='ocrx_word' id='word_1_575' title='bbox 1686 5173 1721 5218; x_wconf 90' lang='lat' dir='ltr'>eo</span> <span class='ocrx_word' id='word_1_576' title='bbox 1742 5173 1812 5220; x_wconf 90' lang='lat' dir='ltr'>casii</span> <span class='ocrx_word' id='word_1_577' title='bbox 1827 5157 1998 5236; x_wconf 88' lang='lat' dir='ltr'>capitulum</span> <span class='ocrx_word' id='word_1_578' title='bbox 2012 5173 2105 5236; x_wconf 90' lang='lat' dir='ltr'>gene·</span> 
     </span>
     <span class='ocr_line' id='line_1_106' title="bbox 1361 5249 2105 5328; baseline 0.001 -16"><span class='ocrx_word' id='word_1_579' title='bbox 1361 5250 1424 5312; x_wconf 90' lang='lat' dir='ltr'>rale</span> <span class='ocrx_word' id='word_1_580' title='bbox 1441 5249 1619 5312; x_wconf 91' lang='lat' dir='ltr'>huiusmodi</span> <span class='ocrx_word' id='word_1_581' title='bbox 1640 5250 1767 5311; x_wconf 89' lang='lat' dir='ltr'>actualis</span> <span class='ocrx_word' id='word_1_582' title='bbox 1788 5250 1959 5328; x_wconf 91' lang='lat' dir='ltr'>praelectus</span> <span class='ocrx_word' id='word_1_583' title='bbox 1974 5252 2012 5313; x_wconf 91' lang='lat' dir='ltr'>de</span> <span class='ocrx_word' id='word_1_584' title='bbox 2026 5251 2105 5313; x_wconf 89' lang='lat' dir='ltr'>Gua-</span> 
     </span>
     <span class='ocr_line' id='line_1_107' title="bbox 1361 5343 2104 5422; baseline 0 -18"><span class='ocrx_word' id='word_1_585' title='bbox 1361 5343 1464 5406; x_wconf 87' lang='lat' dir='ltr'>timala</span> <span class='ocrx_word' id='word_1_586' title='bbox 1479 5350 1640 5418; x_wconf 87' lang='lat' dir='ltr'>convocet,</span> <span class='ocrx_word' id='word_1_587' title='bbox 1653 5345 1729 5406; x_wconf 92' lang='lat' dir='ltr'>acin</span> <span class='ocrx_word' id='word_1_588' title='bbox 1751 5359 1787 5406; x_wconf 93' lang='lat' dir='ltr'>eo</span> <span class='ocrx_word' id='word_1_589' title='bbox 1797 5343 1980 5422; x_wconf 90' lang='lat' dir='ltr'>praesideat,</span> <span class='ocrx_word' id='word_1_590' title='bbox 2002 5351 2104 5406; x_wconf 89' lang='lat' dir='ltr'>auoto-</span> 
     </span>
     <span class='ocr_line' id='line_1_108' title="bbox 1361 5436 2104 5516; baseline 0 -18"><span class='ocrx_word' id='word_1_591' title='bbox 1361 5438 1450 5499; x_wconf 89' lang='lat' dir='ltr'>ritate</span> <span class='ocrx_word' id='word_1_592' title='bbox 1472 5436 1647 5515; x_wconf 80' lang='lat' dir='ltr'>apostolica,</span> <span class='ocrx_word' id='word_1_593' title='bbox 1663 5444 1771 5498; x_wconf 90' lang='lat' dir='ltr'>tenore</span> <span class='ocrx_word' id='word_1_594' title='bbox 1793 5437 2015 5516; x_wconf 90' lang='lat' dir='ltr'>praesentium,</span> <span class='ocrx_word' id='word_1_595' title='bbox 2031 5453 2104 5500; x_wconf 92' lang='lat' dir='ltr'>con·</span> 
     </span>
     <span class='ocr_line' id='line_1_109' title="bbox 1361 5529 1784 5606; baseline -0.007 -12"><span class='ocrx_word' id='word_1_596' title='bbox 1361 5531 1499 5594; x_wconf 92' lang='lat' dir='ltr'>cedimus</span> <span class='ocrx_word' id='word_1_597' title='bbox 1521 5538 1552 5591; x_wconf 91' lang='lat' dir='ltr'>et</span> <span class='ocrx_word' id='word_1_598' title='bbox 1574 5529 1784 5606; x_wconf 90' lang='lat' dir='ltr'>indulgemus.</span> 
     </span>
    </p>
   </div>
   <div class='ocr_carea' id='block_1_19' title="bbox 1358 5795 2105 5994">
    <p class='ocr_par' dir='ltr' id='par_1_20' title="bbox 1358 5795 2105 5994">
     <span class='ocr_line' id='line_1_110' title="bbox 1358 5795 2103 5857; baseline -0.003 -9"><span class='ocrx_word' id='word_1_599' title='bbox 1358 5802 1457 5848; x_wconf 89' lang='lat' dir='ltr'>neralis</span> <span class='ocrx_word' id='word_1_600' title='bbox 1476 5801 1593 5847; x_wconf 89' lang='lat' dir='ltr'>eiusdem</span> <span class='ocrx_word' id='word_1_601' title='bbox 1609 5797 1874 5857; x_wconf 64' lang='lat' dir='ltr'>congregationem</span> <span class='ocrx_word' id='word_1_602' title='bbox 1890 5795 2025 5846; x_wconf 88' lang='lat' dir='ltr'>constitut.</span> <span class='ocrx_word' id='word_1_603' title='bbox 2042 5800 2103 5846; x_wconf 88' lang='lat' dir='ltr'>edit.</span> 
     </span>
     <span class='ocr_line' id='line_1_111' title="bbox 1358 5869 2105 5925; baseline -0.001 -10"><span class='ocrx_word' id='word_1_604' title='bbox 1358 5881 1532 5924; x_wconf 70' lang='lat' dir='ltr'>iiuccxxviii,</span> <span class='ocrx_word' id='word_1_605' title='bbox 1546 5869 1589 5914; x_wconf 86' lang='lat' dir='ltr'>die</span> <span class='ocrx_word' id='word_1_606' title='bbox 1603 5879 1658 5912; x_wconf 87' lang='lat' dir='ltr'>xiii.</span> <span class='ocrx_word' id='word_1_607' title='bbox 1675 5870 1841 5924; x_wconf 86' lang='lat' dir='ltr'>septembris,</span> <span class='ocrx_word' id='word_1_608' title='bbox 1852 5873 1921 5925; x_wconf 87' lang='lat' dir='ltr'>pont.</span> <span class='ocrx_word' id='word_1_609' title='bbox 1934 5881 1968 5924; x_wconf 93' lang='lat' dir='ltr'>v.,</span> <span class='ocrx_word' id='word_1_610' title='bbox 1978 5869 2105 5914; x_wconf 84' lang='lat' dir='ltr'>nonnulla</span> 
     </span>
     <span class='ocr_line' id='line_1_112' title="bbox 1358 5935 2105 5994; baseline 0.001 -13"><span class='ocrx_word' id='word_1_611' title='bbox 1358 5939 1536 5982; x_wconf 88' lang='lat' dir='ltr'>decernuntur</span> <span class='ocrx_word' id='word_1_612' title='bbox 1550 5936 1578 5980; x_wconf 94' lang='lat' dir='ltr'>in</span> <span class='ocrx_word' id='word_1_613' title='bbox 1593 5937 1707 5982; x_wconf 88' lang='lat' dir='ltr'>favorem</span> <span class='ocrx_word' id='word_1_614' title='bbox 1729 5936 1862 5994; x_wconf 81' lang='lat' dir='ltr'>praefatae</span> <span class='ocrx_word' id='word_1_615' title='bbox 1881 5935 2105 5993; x_wconf 82' lang='lat' dir='ltr'>congregationis.</span> 
     </span>
    </p>
   </div>
   <div class='ocr_carea' id='block_1_20' title="bbox 2130 507 2380 594">
    <p class='ocr_par' dir='ltr' id='par_1_21' title="bbox 2130 507 2380 594">
     <span class='ocr_line' id='line_1_113' title="bbox 2130 507 2380 594; baseline 0 0"><span class='ocrx_word' id='word_1_616' title='bbox 2130 538 2231 594; x_wconf 66' lang='lat' dir='ltr'>Aac.</span> <span class='ocrx_word' id='word_1_617' title='bbox 2254 539 2316 594; x_wconf 81' lang='lat' dir='ltr'>iiia</span> <span class='ocrx_word' id='word_1_618' title='bbox 2379 507 2380 514; x_wconf 49' lang='lat'>‘</span> 
     </span>
    </p>
   </div>
   <div class='ocr_carea' id='block_1_21' title="bbox 2161 874 2329 922">
    <p class='ocr_par' dir='ltr' id='par_1_22' title="bbox 2161 874 2329 922">
     <span class='ocr_line' id='line_1_114' title="bbox 2161 874 2329 922; baseline 0.018 -3"><span class='ocrx_word' id='word_1_619' title='bbox 2161 874 2283 920; x_wconf 86' lang='lat' dir='ltr'>concedit</span> <span class='ocrx_word' id='word_1_620' title='bbox 2305 881 2329 922; x_wconf 86' lang='lat' dir='ltr'>tit</span> 
     </span>
    </p>
   </div>
   <div class='ocr_carea' id='block_1_22' title="bbox 2133 931 2275 974">
    <p class='ocr_par' dir='ltr' id='par_1_23' title="bbox 2133 931 2275 974">
     <span class='ocr_line' id='line_1_115' title="bbox 2133 931 2275 974; baseline 0.014 -2"><span class='ocrx_word' id='word_1_621' title='bbox 2133 937 2148 972; x_wconf 92' lang='lat' dir='ltr'>n</span> <span class='ocrx_word' id='word_1_622' title='bbox 2164 931 2275 974; x_wconf 85' lang='lat' dir='ltr'>rubrica.</span> 
     </span>
    </p>
   </div>
   <div class='ocr_carea' id='block_1_23' title="bbox 0 0 2426 6996">
    <p class='ocr_par' dir='ltr' id='par_1_24' title="bbox 0 0 2426 6996">
     <span class='ocr_line' id='line_1_116' title="bbox 0 0 2426 6996; baseline 0 0"><span class='ocrx_word' id='word_1_623' title='bbox 0 0 2426 6996; x_wconf 95' lang='lat' dir='ltr'> </span> 
     </span>
    </p>
   </div>
  </div>
 </body>
</html>
