1290 1819
328 174 358 191 ³⁴6

317 209 380 225 stolicae
385 209 451 229 desuper
456 209 533 225 coniectae
539 213 571 225 non
576 209 641 228 ruerint,
645 212 692 224 suum

318 234 371 248 tamen
382 232 434 248 debite
444 232 530 248 sortiantur
540 232 619 248 eflectum.

339 256 349 274 ἓ
360 256 374 271 ι.
386 256 447 271 Dudum
455 255 532 275 siquidem
543 255 591 271 (elicis
601 255 693 271 recordatio-

320 279 344 295 nis
355 279 426 295 Clemens
437 279 475 299 Papa
483 279 508 294 Xl.
515 279 622 298 praedecessor
633 280 692 297 noster,

318 302 344 318 eui
354 302 424 318 coelestis
434 301 543 322 paterfamilias
553 306 588 318 suas
598 302 661 317 dederat
668 306 692 321 pa-

318 329 362 341 scere
372 329 409 341 oves
419 325 436 341 in
447 325 502 344 terris,
513 329 533 341 ex
545 329 609 341 onerosa
623 325 647 340 sui
658 329 692 340 mu-

319 349 361 364 neris
376 348 466 364 huiusmodi
479 349 515 364 cura
529 348 589 364 assidue
603 348 663 364 levabat
676 348 692 364 in

318 372 385 387 circuitu
392 371 466 387 sollicitae
474 371 531 387 mentis
538 375 575 387 suae
582 371 640 390 oculos.
649 373 672 390 ut,
679 371 692 386 si

319 395 416 411 dominicum
427 398 498 414 gregem,
506 395 558 410 diviua
569 395 591 410 sic
601 395 692 414 disponente

319 418 396 436 bonitate,
405 418 463 437 ,augeri
478 418 579 437 prospiciebat
593 418 609 433 in
624 418 664 436 dies,
676 420 693 433 ut

319 445 359 461 grex
370 441 402 461 ipso
411 441 433 457 sic
443 443 497 457 auctus
507 441 603 457 commodius
614 441 632 457 ad
642 443 693 456 exter-

320 468 349 480 nae
360 464 457 480 amoenitatis
467 468 522 484 pascua
533 464 579 483 dirigi
590 464 655 483 valeret,
666 468 693 479 nu-

320 491 347 503 vos
358 487 372 503 ei
383 489 451 507 pastores
461 487 503 503 iuxta
514 487 584 503 eiusdem
595 487 647 506 gregis
654 487 694 502 indi-

320 511 389 530 gentiam
400 510 495 526 constituere
505 510 588 529 satagebat,
594 510 612 526 ad
620 511 649 525 hoe
656 514 692 530 quo-

320 538 351 553 que
356 534 466 553 exequendum
473 534 546 549 libentius
554 533 650 552 intendebat,
656 537 694 553 quo·

319 557 349 573 ties
357 557 436 572 laudabilis
443 557 563 572 christianorum
570 557 656 576 priuciputu
665 557 694 572 sibi

320 580 336 595 in
347 579 448 596 eustodiendo
456 580 559 599 augendoque
566 583 614 599 grege
622 580 654 599 ipso
662 580 694 599 opi-

320 603 463 623 tulantium,pietas
469 603 483 619 id
490 603 581 623 postulabat,
587 603 694 623 gaudebatque

319 626 336 642 ιιι
343 626 416 645 Domino,
427 626 468 646 quod
475 630 512 642 suae
523 626 629 646 providentiae
640 626 694 646 imple-

319 651 380 668 mento,
386 653 440 665 eorum
446 653 509 669 quoque
514 649 570 668 regalis
577 649 694 665 munificentiae

319 673 372 691 decus,
378 675 394 688 et
401 672 479 688 bonorum
486 676 551 692 operum
559 672 608 691 gloria
615 672 693 691 rutilaret3

319 698 432 716 proptereaque
439 695 528 714 attendens,
536 695 576 715 quod
584 696 639 715 gratia,
648 696 694 711 benc-

319 720 381 735 dieente
385 719 456 738 Dominov
460 719 535 734 nonnulla
541 719 693 737 milliaGiaecorum,

319 743 429 759 Ruthenorum
434 754 438 761 .
450 742 552 758 Valachorum
558 754 562 761 ,
573 742 683 758 Rascianorurn
688 754 692 760 ,

319 766 423 785 aliorumque,
431 765 458 785 qui
466 769 539 784 graecum
550 765 598 781 ritum
608 765 694 785 sequeban-

319 791 346 805 tur
356 791 372 805 et
382 793 410 808 per
424 789 514 804 universam
529 788 649 808 'fransylvaniae
660 792 694 808 pro-

319 812 387 828 vinciam
400 812 546 831 commorabantur,
557 812 575 827 ad
590 812 654 828 Sanctae
665 812 695 827 lto-

319 839 374 851 manae
380 835 456 851 Eeclesiae
462 835 540 854 gremium
546 835 665 854 advolavissent,
672 837 693 853 et,

319 858 374 874 eadem
384 858 432 878 gratia
443 858 550 877 wadiuvante,
561 858 661 877 quamplures
668 858 693 873 alii

318 886 338 898 ex
349 881 415 900 Graecis,
426 881 509 900 Ruthenis,
523 881 598 900 Vatachis,
610 881 693 900 Rascianis,

319 905 384 925 aliisque
399 905 488 925 praeactatis
499 905 517 920 ad
531 904 572 920 idem
587 905 665 924 gremium
676 905 693 920 in

319 928 352 944 dies
362 928 449 944 advolaturi
459 928 574 948 operabuntur,
585 930 601 943 et
612 930 629 944 ut
643 932 694 943 novus

319 955 358 971 grex
363 951 450 967 dominicus
458 951 546 967 huiusmodi
554 955 608 967 eorum
616 951 694 971 propriam

319 975 373 991 sedem
389 975 501 995 propriumque
517 974 593 990 haberent
607 976 693 994 pastorem,

320 998 347 1018 qui
358 1002 395 1013 oves
405 998 436 1013 huo
447 998 484 1013 illuc
494 997 569 1017 dispersas
581 998 596 1013 in
607 998 657 1013 aulam
665 998 694 1013 Do-

320 1021 360 1037 mini
370 1023 463 1040 congregat,
478 1025 534 1040 easque
544 1021 560 1036 in
572 1021 613 1036 viam
624 1021 694 1036 veritatis

320 1044 401 1063 dirigendo
408 1044 425 1059 ad
433 1044 503 1060 caelestia
510 1048 565 1064 pascua
573 1044 648 1063 revocari,
654 1044 694 1059 aliis-

320 1072 351 1087 que
360 1067 467 1083 accedentibus
482 1068 531 1083 causis
542 1068 558 1082 ιιι
570 1067 694 1086 Congregatione

319 1091 434 1107 venerabilium
441 1091 506 1106 fratrum
513 1093 609 1109 nostrorum.
616 1092 654 1106 tunc
659 1095 695 1106 suo-

320 1118 362 1132 rum,
372 1114 443 1130 eiusdem
451 1114 466 1130 S.
477 1114 494 1130 tt.
503 1114 520 1129 E.
532 1114 637 1130 Cardinalium
649 1114 694 1129 relius

320 1137 451 1153 consistorialihus
461 1137 589 1157 praepositorum,
598 1138 616 1153 ‹te
626 1141 693 1157 quorum

320 1164 387 1176 numero
397 1164 426 1176 uos
436 1164 499 1180 quoque
508 1162 546 1176 tune
553 1164 620 1179 eramus,
629 1164 694 1180 perpen-

320 1183 349 1202 sis;
357 1184 375 1199 ad
380 1184 412 1203 pias
417 1185 432 1199 et
438 1183 492 1199 enixus
497 1183 619 1199 christianissimi
627 1184 644 1199 in
650 1183 694 1199 Ciu-i>

320 1209 344 1222 sto
355 1207 383 1222 tilii
394 1207 442 1222 nostri
453 1207 503 1222 Caroli
514 1207 628 1226 Hispaniarum,
638 1209 654 1222 et
664 1207 694 1222 Ro-

320 1234 403 1245 manorum
410 1230 457 1249 Regis
464 1230 480 1245 in
489 1230 601 1249 Imperatorem
608 1230 652 1245 electi
660 1233 694 1249 pre-

320 1257 351 1272 ces,
362 1253 391 1269 sub
398 1253 433 1268 dato
443 1253 514 1268 videlicet
525 1253 571 1268 tertio
578 1257 626 1268 nonas
633 1253 693 1269 februa-

320 1276 340 1292 rii
347 1276 446 1296 pontificatus
451 1276 475 1291 sui
481 1280 523 1291 anno
529 1280 569 1294 xxi..
576 1276 595 1291 de
602 1277 693 1292 eorumdem

320 1300 405 1319 praedictae
417 1299 432 1315 S.
444 1299 461 1315 R⁴
475 1299 492 1315 E.
505 1299 610 1315 Cardinalium
623 1299 693 1318 consilio,

319 1322 390 1338 ecclesias
397 1324 413 1338 et
424 1326 496 1342 personas
506 1324 538 1338 tam
548 1322 640 1341 saeculares,
647 1327 693 1342 quam

319 1346 428 1361 ecclesiasticas
438 1346 478 1361 ritus
488 1346 539 1365 graeei
551 1345 624 1365 praefati,
636 1348 667 1361 tam
677 1346 693 1361 in

320 1369 375 1389 oppido
392 1369 498 1388 Fogarasiensi
516 1369 532 1384 in
548 1369 587 1384 dicta
605 1369 693 1389 provincia,

320 1396 367 1412 quam
378 1392 395 1408 in
409 1392 453 1411 louis,
464 1392 525 1410 castris,
538 1392 587 1411 villis,
601 1393 693 1411 territoriis,

320 1416 423 1434 districtibus,
439 1415 504 1435 aliisquo
514 1416 587 1434 annexis,
598 1418 644 1435 atque
654 1416 694 1432 adia-

320 1439 391 1455 centibus
402 1439 438 1455 locis
447 1439 463 1455 in
470 1439 525 1459 oppido
533 1439 643 1459 provinciaque
651 1443 693 1459 prae«

320 1462 364 1478 dictis
378 1462 468 1481 existentes,
480 1466 488 1477 a
498 1466 597 1482 quacumque
611 1463 640 1478 ntia
653 1462 695 1478 ordi—

320 1486 364 1501 naria
374 1486 481 1502 iurisdictione
494 1485 547 1501 divisit
555 1488 571 1501 et
581 1486 664 1505 separavit,
676 1486 693 1502 il-

320 1509 366 1529 laque
376 1509 428 1525 omnia
439 1511 454 1525 et
468 1509 527 1525 clerum
538 1513 555 1525 at·
565 1509 641 1529 populum
655 1510 694 1525 ritus

580 179 613 191 itm>
625 179 671 190 rom.
682 179 703 190 m:
714 179 728 190 P.
739 179 754 190 r.
767 179 808 190 mus
819 179 829 190 1.

720 208 815 227 huiusmodi,
826 208 875 228 quoad
888 208 939 228 legem
950 208 1064 227 dioecesanam,
1075 208 1094 223 ab

720 231 789 252 Episcopi
801 232 845 247 latini
853 231 1018 251 'ri-ansytvaniensium
1025 232 1094 251 superio-

720 255 771 274 ritate,
783 255 896 274 iurisdictione,
904 257 985 275 potestate,
992 255 1094 274 subiectione,

720 278 809 294 visitatione
819 280 835 293 et
848 278 954 296 correctione,
968 278 981 293 si
995 282 1025 298 qua
1038 278 1054 293 in
1069 282 1095 293 eos

720 305 793 317 exercere
803 303 910 320 consueverat,
918 305 982 321 prorsus
992 301 1047 317 eximit
1054 304 1069 317 et
1078 301 1095 317 li-

721 324 785 343 beravit,
791 329 808 340 ae
815 325 889 344 oppidum
900 324 1009 344 Fogarasiense
1020 327 1095 344 praeacta-

720 350 756 363 tum
766 348 782 363 iu
793 348 873 363 civitatem
886 348 942 366 erexit,
953 347 1026 367 illiusque
1039 348 1096 364 incolas

721 371 779 387 civium
790 371 859 390 nomine,
871 371 923 390 titulo,
934 373 950 386 et
961 372 1021 386 honore
1034 371 1095 387 decora-

721 394 750 413 vit,
762 394 831 414 illudque
841 396 857 409 et
868 394 884 409 in
895 398 914 410 eo
924 394 1005 410 ecclesiam
1019 394 1055 410 divo
1069 394 1096 410 Ni-

721 417 763 433 coiao
773 417 838 433 dicatam
849 417 866 433 in
877 417 981 433 cathedralem
995 418 1034 433 ritus
1045 418 1095 437 graeci

721 440 790 460 praelati,
801 440 830 456 sub
841 440 939 456 invocatione
949 440 1018 456 eiusdem
1026 440 1057 456 divi
1069 441 1096 456 Ni-

721 463 765 482 colai.
773 467 801 483 pro
812 467 843 479 uno
852 463 926 483 Episcopo
935 464 975 479 ritus
985 464 1035 483 graeci
1046 464 1095 483 redigi

721 486 783 505 faceret,
789 491 817 502 nec
823 491 855 502 non
859 487 961 506 episcopalem
966 487 1095 506 iurisdictionem,

721 510 829 526 auctoritatem
837 510 854 525 ιιι
861 514 915 525 omnes
923 512 939 526 et
946 510 1017 529 singulos
1024 510 1094 530 Graecos,

721 533 807 552 ttuthenm,
815 533 894 552 Vataehos,
902 535 918 549 et
926 533 1007 549 Rascianos
1014 534 1095 553 praefatos,

722 558 759 572 tunt:
770 558 785 572 et
795 560 823 576 pro
837 558 908 576 tempore
918 557 935 572 iu
947 557 1022 572 universa
1032 557 1097 577 provin-

722 579 744 595 cia
756 580 840 599 praeacuta
852 582 974 598 commorantes,
985 582 1000 595 et
1011 584 1095 596 commora-

722 605 764 618 turos
775 607 853 621 exercere,
861 603 945 623 omniaque
955 605 971 619 et
981 603 1048 622 singula,
1056 608 1096 623 quae

722 626 838 644 iurisdictionis,
846 630 917 646 quaeque
925 626 984 642 ordinis
992 628 1007 642 ot
1013 627 1095 643 cuiuslibet

722 649 792 664 muneris
800 649 888 669 episcopalis
897 651 947 668 erant,
956 651 971 665 et
978 654 1017 669 quae
1027 650 1053 665 alii
1061 650 1096 670 Epi-

721 672 762 692 scopi
772 672 823 691 graeci
834 673 873 688 ritus
884 673 900 688 in
911 673 942 688 suis
950 673 1023 692 ecclesiis,
1031 673 1097 689 civitati·-

721 696 750 711 bus
758 698 773 711 et
781 696 875 711 dioecesibus
886 696 935 712 iacere
945 698 1023 715 poterant,
1029 698 1044 712 et
1051 697 1096 712 ‹lette-

722 720 757 734 rent
764 719 819 737 faeere,
828 719 875 734 libere
884 721 900 734 et
907 719 948 735 licite
956 721 1006 739 posset
1014 721 1029 735 et
1036 720 1095 739 debeat,

721 746 738 758 ac
749 742 765 757 in
778 742 832 757 eadem
845 742 907 758 ecclesia
921 742 943 758 sic
956 744 1006 758 erecta
1019 743 1096 763 episcopa-

722 765 753 781 tem
763 765 855 784 «lignitatem
866 765 935 781 eiusdem
946 766 997 785 graeci
1007 766 1052 784 ritus.
1060 771 1096 782 cum

721 789 757 804 selle
771 789 851 808 episcopali
863 791 879 804 et
891 789 981 808 capitulari.
996 789 1061 809 aliisque
1073 794 1097 805 ca-

722 812 816 828 thedralibus
822 812 899 831 insigniis,
906 812 925 828 de
930 812 977 828 simili
983 813 1053 831 consilio,
1061 817 1096 833 apo-

721 835 773 851 stolica
784 835 876 851 auctoritate
882 835 932 850 erexit
943 837 959 851 ot
969 836 1043 854 instituit,
1051 840 1068 851 ac
1075 836 1097 851 ei·-

721 858 756 874 dem
767 858 789 874 sic
799 860 860 874 erectae
870 858 942 874 ecclesiae
948 859 1023 878 oppidum
1030 859 1096 878 Fugam<

721 881 772 897 siense
783 881 869 901 praelatum
876 881 897 897 sic
908 881 925 897 in
935 882 1014 897 civitatem
1025 885 1096 898 erectum

721 909 749 924 pro
759 904 827 923 civitate,
836 906 857 923 et,
865 904 878 920 si
886 909 926 924 quae
933 907 990 923 essent,
999 905 1027 921 alia
1035 905 1095 925 oppida,

721 930 778 947 castra,
795 928 840 943 villae
854 930 870 943 et
884 928 961 943 territoria
976 928 1027 944 eidem
1040 929 1095 948 oppido

721 951 828 970 Fogarasiensi
838 955 898 966 annexa
909 953 925 966 et
936 951 954 967 ab
961 955 980 967 eo
987 952 1095 971 dependentia,

722 979 749 994 pro
763 974 838 993 dioecesi,
852 978 880 990 nec
893 978 925 990 non
939 974 1010 990 ecclesias
1026 975 1096 991 eiusdem

722 998 772 1017 graeei
783 998 823 1013 ritus
834 998 907 1017 praedicti
915 998 931 1013 in
939 998 1002 1013 civitate
1009 1000 1024 1013 et
1031 998 1096 1014 dioecesi

1109 174 1138 188 Au,
1148 175 1166 188 C.
1179 174 1212 186 1⁷21

722 1021 817 1040 huiusmodi,
825 1025 911 1040 omnesque
918 1023 934 1036 et
944 1021 1014 1040 singulos
1025 1021 1095 1041 Graecos,
1107 1024 1110 1026 ’

722 1044 890 1063 Ruthenos,vatach0s‚
895 1046 910 1060 et
916 1044 1033 1064 itascianos,qui
1040 1045 1055 1060 in
1062 1045 1096 1060 uni-

722 1068 766 1083 versa
776 1067 856 1087 provincia
864 1068 948 1087 praeamata
959 1068 1059 1087 partibusque
1069 1072 1095 1083 an-

722 1090 766 1106 nexis
773 1090 854 1110 praedictis
862 1094 890 1110 pro
898 1093 968 1110 tempore
975 1090 1059 1109 (legissent,
1068 1095 1095 1110 pro

722 1113 785 1133 populo,
796 1114 814 1129 de
825 1113 890 1129 consilio
903 1115 918 1129 et
928 1114 1019 1129 auctoritate
1033 1114 1096 1133 paribus

722 1137 797 1152 concessit
808 1139 823 1152 et
833 1137 922 1156 assignavit,
930 1137 1046 1157 civitatemque,
1054 1137 1095 1153 dioe-

722 1160 774 1178 cesim,
786 1160 845 1175 clerum
856 1162 871 1175 et
877 1160 952 1179 populum
963 1160 1052 1176 huiusmodi
1060 1160 1095 1180 Epi-

722 1187 767 1203 scopo
777 1183 882 1203 Fogarasiensi
896 1183 947 1202 graeci
960 1183 999 1199 ritus
1013 1184 1095 1203 praeactati

722 1206 795 1226 illiusque
810 1206 896 1222 ordinariae
912 1206 1015 1222 iurisdictioui
1031 1207 1096 1223 subiecit

722 1232 737 1245 et
748 1233 810 1245 mensae
824 1229 905 1249 episcopali
919 1229 1027 1249 iogarasiensi,
1041 1232 1057 1245 et
1068 1234 1095 1250 pro

722 1253 763 1268 illius
774 1253 810 1268 tlote
820 1253 849 1268 tria
860 1252 908 1268 millia
919 1255 935 1268 et
944 1253 1021 1272 octoginta
1029 1255 1096 1272 quatuor

722 1276 818 1291 florenorum
823 1280 859 1291 cum
870 1276 960 1295 quindecim
971 1276 1055 1295 cruoigeris
1062 1280 1095 1291 mo-

722 1301 766 1314 netae
782 1299 844 1314 illarum
859 1299 934 1318 partium,
951 1299 995 1314 mille
1009 1299 1095 1318 quingenta

720 1325 763 1338 scuta
771 1324 843 1338 monetae
850 1326 923 1338 romanae
930 1322 992 1338 circiter
998 1323 1094 1338 constituen-

722 1346 767 1364 tium,
778 1349 798 1361 ex
809 1346 851 1365 pagis
857 1346 876 1361 do
883 1345 990 1364 Bessemhach.
1000 1349 1061 1361 necnon
1069 1346 1095 1361 do>

722 1369 769 1384 ruinis
779 1369 886 1385 Szamosnirar
895 1369 934 1384 dicto
945 1369 1039 1388 episcopatui
1046 1372 1095 1384 anne-

721 1393 750 1411 xis,
758 1392 815 1408 annuis
822 1392 897 1408 reditibus
908 1392 984 1407 tlsoalibus
994 1396 1002 1407 a
1010 1394 1095 1411 praeactato

722 1416 775 1431 Carolo
786 1415 895 1435 Hispaniarum
906 1417 922 1431 et
932 1415 1039 1431 Romanorum
1046 1415 1094 1434 Rege,

721 1439 737 1454 in
745 1439 855 1459 imperatorem
869 1439 923 1457 electo,
931 1438 988 1454 donata
993 1441 1008 1454 et
1019 1438 1095 1457 assignata

721 1462 793 1478 similiter
803 1462 885 1482 applicavit
895 1464 910 1477 et
921 1462 1033 1482 appropriavit,
1044 1464 1060 1477 et
1072 1462 1095 1477 iu-

721 1490 768 1506 super
778 1485 830 1501 eidem
836 1486 890 1502 Gai-olo
901 1486 1010 1506 Hispaniarum
1017 1487 1032 1501 et
1040 1485 1095 1501 Roma-

721 1513 779 1525 norum
792 1509 840 1529 Regi,
852 1510 868 1525 ιιι
880 1510 990 1529 imperatorem
1002 1509 1059 1528 electo,
1071 1509 1094 1525 uti
