4878 6982
358 533 456 600 lec.
478 538 543 602 1701
594 528 652 608 cto

912 679 976 748 Vll.

578 871 727 934 Carula-tn
753 869 900 935 Tltontom
927 873 1080 938 Molliord
1105 872 1141 935 de
1166 873 1312 934 Touraon

614 965 788 1026 constitnit
820 963 1049 1027 Poimanenon
1081 963 1313 1026 Antiochenam

613 1057 686 1134 (lat.
709 1058 794 1138 cit),
822 1075 859 1120 tto
886 1059 983 1120 satiat
1013 1058 1214 1120 Visitatoreuc
1236 1057 1315 1134 Apo·

613 1149 760 1212 stolicunt
782 1153 817 1212 ln
839 1152 926 1214 Sinis
948 1160 977 1213 ct
998 1153 1033 1213 itt
1050 1151 1150 1214 indiis
1168 1151 1315 1212 Orienta-

614 1243 698 1305 libus
729 1261 800 1305 coeat
830 1251 987 1321 potestate
1017 1245 1127 1324 Legati
1154 1261 1174 1306 a
1202 1245 1313 1312 tatere,

615 1335 746 1398 indual
768 1337 796 1398 ei
815 1337 976 1414 facultate
991 1337 1152 1398 reticendi
1169 1335 1314 1414 beneficia

615 1429 840 1501 ecclesiastice,
864 1427 977 1508 qttiltas
1000 1430 1064 1490 iant
1087 1431 1217 1508 fruitur
1238 1427 1293 1506 (l).

576 1613 692 1680 dilecto
720 1615 783 1682 iilic
816 1613 925 1682 duroto
954 1611 1084 1681 ibamus
1118 1611 1251 1680 Meillard
1281 1626 1316 1676 er

615 1705 838 1868 rnaerrrol'iombus
865 1709 900 1774 de
926 1707 1065 1775 Tourncn
1092 1707 1193 1774 electo
1216 1705 1316 1771 datio-

734 1921 918 1990 GLEMENS
942 1921 1156 1990 eetscoeus

768 2061 875 2112 servus
898 2061 1051 2112 servorun
1075 2045 1128 2112 bei

610 2179 735 2246 salutern
758 2184 790 2246 et
810 2179 1005 2262 apostolicam
1033 2177 1280 2246 benedictionem.

615 2370 747 2433 Onerosa
769 2369 924 2448 pastoralis
945 2368 1036 2430 olitcii
1058 2368 1156 2442 nobie,
1175 2367 1245 2428 licet
1261 2365 1318 2425 im·

577 2463 706 2537 meritis,
729 2464 833 2525 divini
854 2463 1051 2541 dispositione
1072 2461 1231 2524 commissu
1247 2458 1317 2519 soli-

575 2555 678 2618 citudo
700 2557 840 2633 requirit,
863 2564 898 2618 ut
918 2558 1002 2619 inter
1026 2564 1138 2628 cetera,
1162 2568 1239 2631 quaa
1262 2567 1318 2613 un·

576 2647 668 2727 dique
689 2649 851 2710 confluunt
882 2651 1016 2726 negotiu,
1040 2650 1191 2727 quibusve
1213 2651 1318 2707 noster

577 2743 697 2803 artimus
727 2742 866 2804 redditur
896 2743 1060 2821 multiplici
1087 2741 1233 2802 varietate
1261 2738 1317 2800 dis·

577 2843 702 2908 tractus,
724 2835 759 2895 ad
782 2835 989 2913 provisionem
1021 2835 1225 2896 Ecclesiarum
1246 2847 1319 2909 qna·

578 2928 722 2989 rumlibet
748 2930 928 3005 praesertim
956 2927 1213 3006 patriarchalium,
1241 2941 1319 3002 quae

577 3019 742 3080 vacationis
757 3019 948 3082 incommoda
962 3020 1120 3100 deplorare
1135 3027 1316 3089 noscuntur,

577 3113 718 3174 solertius
740 3113 947 3190 intendamus,
971 3115 1080 3188 ateis,
1103 3128 1173 3174 cnm
1196 3126 1318 3172 vacave-

578 3207 652 3281 rint,
674 3213 808 3283 pastores
829 3209 971 3270 accedunt
996 3206 1107 3279 idonei,
1131 3213 1162 3266 et
1182 3203 1318 3266 ministri

579 3299 699 3377 providi
713 3299 912 3379 deputentur,
925 3301 977 3378 qni
989 3299 1137 3361 Ecclesiae
1152 3299 1242 3376 ipsas,
1256 3309 1317 3357 non

577 3392 677 3454 solum
699 3394 875 3469 gubernent
899 3393 1029 3467 utiliter,
1050 3392 1103 3454 sed
1125 3391 1218 3454 etiam
1239 3389 1318 3452 mul-

580 3485 699 3548 timodis
721 3487 848 3549 elierant
870 3488 1079 3550 incrementis.

618 3579 636 3653 ἓ
660 3579 685 3640 i.
707 3580 829 3642 Dudum
847 3581 998 3660 siquidem
1013 3580 1203 3659 provisiones
1219 3578 1320 3641 Eccle-

577 3673 693 3735 siurnm
705 3675 857 3749 oninium,
870 3677 961 3737 etiam
973 3674 1232 3753 patriarchalium,
1246 3679 1320 3734 tunc

578 3767 755 3828 vacantium
776 3775 807 3828 et
825 3767 858 3829 in
874 3776 1029 3844 posterum
1043 3775 1257 3829 vacaturatum
1272 3781 1320 3826 nr-

579 3859 730 3922 dinationi
751 3867 781 3920 et
803 3859 992 3940 dispositioni
1014 3869 1136 3924 nostrae
1152 3859 1320 3922 reservavi-

580 3969 660 4029 mus,
672 3953 873 4016 decernentes
887 3969 924 4015 ex
942 3962 1015 4017 tnnc
1030 3954 1154 4014 irritum
1169 3960 1200 4014 et
1214 3953 1317 4024 inane,

578 4047 604 4108 si
624 4063 711 4109 secus
730 4064 823 4126 super
844 4047 890 4109 bis
911 4064 965 4126 per
986 4063 1197 4126 quoscumque
1213 4046 1320 4124 quavis

579 4141 772 4217 auctoritate,
792 4141 926 4204 scienter
947 4143 996 4202 vel
1017 4143 1207 4219 ignoranter,
1225 4139 1320 4202 conti*

581 4235 660 4311 gerit
690 4235 843 4298 attentari.
868 4235 1066 4298 Postmodum
1097 4251 1172 4295 vero
1194 4235 1322 4312 patriar·

579 4329 658 4391 obuli
680 4329 811 4391 Ecclesit
829 4329 1030 4403 antiochena,
1046 4328 1169 4407 quaein
1185 4327 1320 4406 partibus

581 4421 754 4484 infidelium
785 4421 923 4484 consistit
944 4430 975 4482 et
1000 4422 1049 4484 cui
1077 4421 1123 4482 bo.
1149 4435 1242 4482 mem.
1266 4419 1320 4481 bli-

580 4515 665 4577 cimel
686 4516 823 4592 Angelus
845 4515 946 4576 blattei
968 4515 1095 4576 ultimus
1123 4515 1205 4577 illius
1226 4514 1322 4575 Putri-

580 4609 681 4682 arcltu,
703 4609 778 4670 dum
809 4609 940 4680 viveret,
963 4607 1160 4684 praesidebat,
1183 4624 1238 4687 per
1258 4607 1322 4668 nbi-

581 4709 648 4764 tum
680 4701 773 4779 ipsius
804 4700 955 4764 Michaelis
975 4701 1087 4776 Angeli
1118 4701 1318 4776 Patriurcbue,

580 4797 634 4876 qui
654 4796 687 4857 in
704 4795 839 4856 Romanu
854 4795 944 4857 Curii
959 4793 1098 4857 debitum
1112 4802 1240 4857 naturae
1254 4811 1322 4872 per-

579 4889 687 4964 solvit,
719 4891 844 4967 pastoris
875 4887 983 4950 solatio
1014 4889 1174 4963 destituta,
1208 4905 1263 4950 nos
1285 4887 1319 4949 ad

580 4983 789 5060 provisionem
810 4983 946 5045 eiusdem
966 4981 1117 5044 Ecclesiae
1136 4985 1268 5046 celerem
1290 4993 1321 5045 et

579 5073 712 5148 lelicem,
736 5075 767 5134 in
789 5091 847 5152 qua
862 5073 966 5136 nullus
981 5081 1103 5151 praeter
1118 5089 1172 5134 nos
1187 5074 1240 5134 bac
1254 5075 1321 5136 vice

579 5186 612 5230 sc
633 5169 845 5230 intromittere
864 5168 963 5244 potuit
980 5169 1046 5228 sive
1060 5173 1170 5245 potest,
1186 5183 1321 5228 reserva-

580 5262 667 5324 tione
688 5269 718 5322 et
739 5261 860 5324 decreto
886 5260 1102 5322 obsistentibus
1128 5261 1318 5338 supradictis,

581 5371 621 5417 ne
643 5355 773 5416 Ecclesia
794 5353 857 5432 ipsa
878 5352 987 5430 longae
1009 5354 1172 5416 vacationis
1189 5369 1321 5432 expona-

581 5455 632 5510 tur
653 5449 864 5522 incommodis,
880 5450 1013 5525 paternis
1028 5459 1058 5512 et
1071 5447 1197 5510 solicitis
1211 5447 1320 5508 studiis

580 5543 789 5616 intendentes,
808 5549 874 5618 post
894 5542 1158 5616 deliberationem,
1174 5543 1317 5620 quamde

580 5637 783 5714 praeficiendo
804 5633 903 5696 eidem
918 5636 1069 5698 Ecclesiae
1084 5653 1245 5716 personam
1260 5641 1321 5702 uti-

582 5730 642 5790 lem
663 5745 696 5790 ac
716 5729 809 5790 etiam
836 5729 1024 5791 inactuosum
1045 5745 1114 5791 cum
1142 5747 1236 5793 venn.
1261 5732 1319 5793 lra-

623 5947 652 6006 (l)
669 5950 704 5992 Ex
719 5952 778 6004 App.
796 5947 850 5993 itui.
867 5951 891 5992 P.
907 5949 938 5994 de
953 5952 1025 6005 Prap.
1041 5947 1103 5994 idida
1118 5951 1165 5996 vol,
1182 5953 1208 6007 l.,
1224 5961 1280 6010 pag.
1296 5952 1342 5995 aba.

1094 550 1158 614 lari.
1183 551 1273 613 roni.
1297 549 1337 612 nb
1358 561 1386 612 r.
1410 548 1439 612 p,
1463 561 1545 612 cuns
1566 549 1587 610 t.

1370 683 1466 748 tribus
1487 681 1599 746 nostris
1621 680 1652 746 S.
1668 678 1704 744 tt.
1720 673 1754 744 n.
1780 669 1990 745 cardinalibus
2004 671 2111 743 habui·

1368 795 1438 840 mus
1465 778 1664 855 diligentem,
1692 777 1817 838 demum
1840 777 1875 839 ad
1903 784 1934 838 te
1954 775 2110 855 presbyte-

1368 889 1438 934 rum
1460 871 1685 934 ‘suacinensem
1706 871 1729 932 l.
1746 872 1782 934 tt.
1800 872 1834 933 D.
1851 877 1882 932 et
1903 870 1935 932 in
1957 869 2111 946 theologii

1369 965 1562 1040 magistrum,
1586 965 1808 1027 cubicularium
1836 972 1978 1027 nostrum
1999 964 2036 1026 ad
2057 963 2110 1023 bo·

1369 1075 1489 1133 norem,
1512 1059 1605 1120 sidem
1635 1059 1813 1121 catholicam
1834 1074 1977 1136 expresse
1996 1057 2110 1135 proles-

1369 1168 1450 1224 snm,
1477 1152 1640 1230 omniaque
1668 1151 1724 1212 alia
1755 1152 1900 1230 requisitu
1932 1152 2107 1226 habentem,

1369 1246 1434 1323 qui,
1457 1253 1491 1307 ut
1511 1246 1693 1322 accepimus,
1717 1247 1753 1308 de
1776 1245 1870 1308 nobili
1898 1260 2012 1322 genere
2040 1261 2111 1324 prc-

1369 1347 1488 1402 crcatus
1508 1339 1622 1414 existis,
1652 1339 1763 1416 cuique
1784 1340 1862 1416 apud
1891 1354 1946 1400 nos
1967 1338 2006 1400 ob
2026 1345 2109 1414 gruta

1369 1429 1582 1492 familiaritatis
1601 1431 1754 1509 obsequia,
1771 1447 1847 1508 quae
1862 1429 1948 1492 nobis
1963 1431 2110 1494 hactenus

1370 1525 1547 1602 impendisti
1568 1532 1599 1586 et
1620 1526 1717 1588 adbuc
1730 1524 1855 1586 solicitis
1869 1525 1977 1587 studiis
1992 1525 2111 1601 impen-

1370 1616 1442 1678 dere
1462 1633 1526 1679 non
1548 1617 1678 1692 desistis,
1700 1618 1738 1679 de
1752 1617 1910 1679 nobilitate
1926 1617 2059 1694 generis,
2075 1616 2110 1678 li-

1371 1718 1507 1772 terurum
1523 1709 1660 1785 scientia,
1677 1711 1758 1774 vitae
1772 1711 1935 1785 munditia,
1953 1711 2111 1773 bonesmte

1371 1819 1506 1877 morum,
1532 1804 1741 1883 spiritualium
1768 1804 1961 1884 providentii
1982 1813 2013 1868 et
2033 1811 2110 1866 tem·

1370 1897 1520 1976 poralium
1552 1897 1835 1976 circumspectione,
1858 1899 1986 1976 aliisque
2007 1899 2112 1960 multi-

1370 1990 1498 2069 plicibus
1519 1991 1673 2053 virtutum
1695 1992 1780 2054 donis
1796 1993 1856 2054 sule
1870 1993 1961 2069 digna
1977 1994 2111 2055 testimo·

1371 2086 1420 2146 nia
1441 2085 1655 2162 perhibentur,
1678 2085 1846 2148 direximus
1868 2086 1970 2149 oculos
1991 2095 2112 2148 nostrae

1371 2177 1497 2238 ruentis:
1515 2178 1627 2256 quibus
1641 2179 1784 2241 ornnibus
1799 2179 1898 2242 debita
1913 2181 2112 2243 meditatione

1371 2273 1516 2349 pensatis,
1541 2279 1572 2333 te
1597 2289 1613 2332 a
1638 2273 1797 2350 quibusvis
1822 2273 2113 2336 excommunicatio-

1371 2365 1430 2440 nis,
1451 2363 1661 2444 suspensionis
1681 2373 1711 2426 et
1732 2365 1900 2442 interdicti,
1916 2367 2045 2446 aliisque
2065 2384 2111 2430 ec·

1371 2459 1543 2520 clesiasticis
1563 2459 1736 2533 sententiis,
1760 2459 1896 2522 censuris
1918 2469 1948 2523 et
1969 2461 2111 2539 poenisu

1372 2552 1439 2613 iure
1455 2552 1510 2613 vel
1531 2551 1567 2613 ab
1588 2553 1713 2614 bomine
1734 2554 1842 2631 quavis
1873 2555 2040 2630 occasione,
2063 2555 2113 2616 vel

1372 2662 1458 2706 cuasa
1479 2645 1558 2720 latis,
1575 2645 1600 2706 si
1618 2645 1729 2724 quibus
1743 2647 1972 2724 quomodolibet
1988 2647 2114 2711 innoda-

1373 2743 1421 2797 tus
1442 2737 1558 2811 existis,
1580 2739 1615 2798 ad
1645 2737 1788 2798 ellectum
1817 2739 2027 2814 praesentium
2047 2746 2113 2800 tan·

1372 2835 1440 2890 tum
1454 2831 1719 2906 consequendum,
1737 2831 1846 2892 barum
1860 2831 1940 2891 serie
1954 2831 2113 2894 absolven-

1373 2931 1416 2984 tes
1438 2930 1468 2984 et
1489 2923 1665 2984 absolutum
1686 2921 1750 2985 lore
1770 2931 1940 2999 censentes,
1964 2924 2114 2988 Ecclesiae

1372 3016 1583 3078 Antiochense
1603 3016 1753 3094 praelatae
1774 3017 1811 3079 de
1836 3017 1965 3096 persone
1986 3019 2038 3079 tui
2059 3033 2114 3080 nn-

1372 3111 1416 3170 bis
1438 3116 1468 3171 et
1490 3109 1604 3172 eisdem
1625 3109 1768 3172 iratribus
1790 3112 1903 3172 uostris
1927 3111 1966 3172 ob
1986 3117 2113 3172 tuorum

1372 3203 1560 3281 erigentium
1581 3205 1762 3266 meritorum
1783 3206 1915 3282 accepti,
1932 3206 1969 3268 de
1984 3205 2113 3268 iratrum

1371 3298 1551 3360 eornmdem
1581 3298 1719 3372 consilio,
1745 3297 1907 3375 apostolica
1935 3298 2114 3360 auctoritate

1371 3391 1578 3471 providemus,
1596 3400 1688 3470 teque
1702 3391 1748 3453 illi
1762 3393 1795 3452 in
1809 3392 2015 3453 Patriarcbam
2030 3408 2114 3470 prae-

1373 3488 1492 3549 ficimus
1513 3495 1544 3547 et
1572 3493 1740 3563 pastorem,
1771 3501 1892 3560 curum,
1921 3486 2061 3562 regimen
2084 3492 2114 3546 et

1373 3578 1670 3644 administrationem
1682 3579 1775 3657 ipsius
1788 3579 1936 3640 Ecclesiae
1950 3578 2114 3640 antioche·

1373 3691 1431 3736 nae
1459 3673 1513 3735 tibi
1541 3673 1574 3734 in
1601 3672 1809 3751 spiritualibus
1838 3680 1868 3734 et
1894 3672 2113 3750 temporalibus

1372 3769 1509 3848 plenarie
1536 3767 1769 3841 committendo,
1802 3767 1891 3828 lumi
1912 3767 1972 3828 side
1992 3767 2115 3829 fiducii-

1373 3879 1432 3942 que
1454 3861 1619 3940 conceptis,
1642 3861 1734 3939 quod,
1760 3861 1884 3922 deutera
1909 3859 2032 3922 Domini
2058 3859 2113 3920 tibi

1373 3957 1531 4018 assistente
1545 3953 1686 4034 propitii,
1699 3953 1850 4033 praedicta
1866 3953 1997 4016 Ecclesia
2008 3952 2115 4015 Antio·

1374 4054 1469 4114 ebena
1489 4050 1546 4112 sub
1569 4059 1621 4112 tuo
1642 4048 1723 4110 lelici
1742 4048 1897 4124 regimine
1914 4057 2040 4125 regetur
2054 4049 2114 4110 uti-

1374 4145 1444 4206 liter
1464 4151 1496 4206 et
1517 4159 1660 4222 prospere
1681 4142 1842 4218 dirigetur,
1858 4158 1890 4203 uc
1912 4148 1996 4218 grata
2011 4142 2043 4203 in
2058 4143 2115 4204 eis-

1374 4241 1444 4300 dem
1463 4236 1672 4316 spiritualibus
1693 4241 1723 4297 et
1738 4235 1957 4314 temporalibus
1970 4235 2114 4313 suscipiet

1374 4333 1574 4393 incrementa.

1412 4425 1479 4500 52.
1504 4426 1615 4501 iugum
1635 4424 1731 4500 igitur
1759 4423 1882 4486 bomini
1910 4424 1969 4486 tuis
1991 4422 2115 4501 imposi-

1374 4527 1441 4581 tum
1456 4519 1592 4580 humeris
1607 4517 1746 4596 prompti
1758 4517 1921 4580 devotione
1934 4517 2112 4596 suscipiens,

1374 4628 1477 4673 curam
1506 4619 1537 4672 et
1568 4611 1865 4672 administrationem
1896 4611 2042 4690 praelatas
2072 4611 2115 4671 sic

1374 4721 1518 4768 exercere
1543 4704 1664 4767 studeas
1687 4704 1815 4778 solicite,
1839 4703 1971 4766 fideliter
1991 4711 2021 4766 et
2042 4721 2115 4783 pru·

1374 4801 1494 4875 denter,
1515 4801 1596 4878 quod
1618 4799 1749 4860 Ecclesia
1770 4799 1833 4876 ipsa
1854 4798 2043 4861 Antiochena
2059 4813 2114 4874 gu·

1374 4893 1528 4954 bernatari
1549 4891 1676 4971 provido
1697 4902 1728 4954 et
1749 4891 1905 4954 fructuoso
1923 4891 2113 4954 administra·

1376 4988 1434 5049 tori
1456 4985 1584 5063 gaudeat
1603 5003 1636 5048 se
1650 4986 1852 5061 enutrissem,
1869 4994 1975 5064 tuque,
1992 4997 2113 5064 praeter

1374 5087 1515 5142 aeternae
1535 5079 1747 5142 retributionis
1771 5079 1954 5157 praemium,
1976 5087 2113 5140 nostram

1375 5181 1404 5234 et
1425 5171 1614 5251 spostolicae
1635 5173 1720 5236 Sedis
1741 5172 1988 5234 benedictionem
2002 5180 2032 5234 et
2047 5187 2113 5248 gru-

1375 5267 1447 5328 tiam
1478 5267 1591 5330 exinde
1621 5266 1746 5328 uberius
1777 5267 1923 5343 consequi
1954 5265 2111 5327 merearis.
2172 5333 2177 5344 ¹

1373 5359 1433 5421 Nos
1449 5360 1532 5421 enim
1548 5361 1612 5434 tibi,
1629 5361 1724 5422 donec
1739 5359 1872 5422 Ecclesia
1886 5360 2114 5438 praedicta-bn-

1374 5454 1512 5516 tioclrena
1533 5454 1570 5515 ab
1597 5453 1771 5516 infidelibus
1799 5453 1998 5528 detinebitur,
2020 5459 2056 5514 ut
2077 5453 2114 5514 ad

1373 5547 1458 5608 illam
1482 5550 1627 5611 accedere
1649 5555 1680 5608 et
1702 5547 1779 5625 apud
1811 5563 1880 5608 eam
1912 5545 2114 5624 personaliter

1372 5643 1509 5704 residere
1530 5641 1659 5702 minime
1677 5641 1822 5715 tenearis,
1838 5640 1998 5720 apostolica
2012 5647 2115 5702 aucto·

1372 5735 1462 5796 ritute
1483 5735 1633 5813 praedicti
1654 5735 1863 5812 indulgemus.
