4848 6990
353 506 407 562 Aa.
421 508 452 562 O.
473 508 539 560 1691
595 507 652 572 138

381 1871 526 1920 Exordium.

1093 529 1159 576 luta.
1182 529 1274 576 PONT.
1299 530 1339 574 DE
1361 531 1389 574 Ρ.
1413 527 1442 576 F·
1467 531 1549 577 PARS
1572 531 1592 574 1.

1116 769 1466 854 innectamus
1495 771 1576 852 ΧΙΙ.

792 1021 1050 1086 cuhsutrurtd
1071 1023 1092 1086 l.

575 1209 750 1290 Coruirmct
773 1215 802 1272 ei
825 1210 959 1274 icoouot
980 1211 1245 1274 constitutionem
1265 1210 1320 1272 Ur·-

613 1301 688 1367 buoi
712 1303 792 1366 vill.
815 1319 872 1382 pro
901 1301 1147 1366 necessitutibus
1178 1304 1318 1366 locorum

618 1395 866 1459 Tarruosaoctoe
887 1395 955 1488 (l).¹

746 1565 995 1636 tdhccfidrttts
1011 1568 1070 1635 ΡΡ.
1090 1567 1146 1635 itii.

718 1687 754 1754 ad
776 1687 906 1754 loturam
929 1687 972 1754 rei
995 1689 1174 1755 memoriam.

614 1863 779 1928 Salvatoris
794 1873 825 1928 et
840 1865 965 1926 Domini
987 1867 1085 1930 nostri
1107 1866 1174 1928 lesu
1194 1865 1319 1940 Christi,

573 1955 626 2036 qui
653 1973 708 2036 pro
740 1957 870 2020 humani
898 1960 1021 2036 generis
1052 1959 1268 2040 redemptione
1289 1975 1321 2019 se

573 2050 675 2128 ipsum
707 2049 880 2114 exinanivit
916 2053 1013 2116 lactus
1044 2051 1191 2114 obediens
1222 2051 1321 2130 usque

572 2145 608 2206 ad
630 2151 777 2218 mortem,
800 2143 882 2206 vices
908 2145 978 2206 licet
1000 2145 1149 2207 immeriti
1177 2155 1321 2222 gerentes

573 2246 606 2308 jn
629 2237 729 2312 terris,
752 2237 835 2301 inter
855 2237 1042 2316 multiplices
1063 2238 1321 2318 gravissimasque

573 2330 754 2409 apostolicae
774 2331 934 2392 servitutis
955 2349 1043 2394 curas
1064 2333 1096 2394 in
1119 2349 1186 2394 earn
1210 2333 1322 2410 praeci·

1375 1023 1492 1100 losephi
1514 1039 1529 1083 a
1552 1023 1746 1098 lesu-llario,
1768 1023 1890 1087 Ordinis
1914 1023 2047 1086 fratrum
2072 1023 2128 1086 lii-

1374 1133 1488 1179 norum
1511 1117 1542 1180 S.
1566 1118 1719 1180 Francisci
1740 1116 1778 1178 de
1799 1117 1997 1181 Obseruantia
2018 1117 2129 1180 Reior-

1375 1218 1530 1274 matorum
1553 1218 1805 1289 nuncupatorum
1821 1212 2013 1289 proiessoris,
2029 1228 2064 1274 ac
2079 1228 2128 1274 ca-

1374 1305 1486 1366 rissimi
1509 1305 1541 1366 in
1564 1305 1686 1369 Christo
1704 1305 1760 1366 lilii
1783 1306 1881 1368 nostri
1897 1305 1997 1368 Caroli
2019 1305 2128 1384 Hispa-

1374 1398 1495 1460 niarum
1518 1398 1657 1462 catholici
1675 1400 1909 1474 concionatoris,
1926 1415 2049 1462 necnon
2073 1399 2128 1461 tri-

1374 1492 1494 1554 bunalis
1509 1500 1631 1554 sanctae
1651 1491 1862 1572 inquisitionis
1877 1492 2078 1564 consulturis,
2094 1508 2128 1552 ac

1375 1585 1513 1649 eiusdem
1536 1587 1769 1650 Terruesanctae
1788 1586 1988 1648 commissarii
2010 1593 2041 1648 et
2056 1601 2130 1664 pro-

1375 1679 1525 1742 curatoris
1546 1679 1711 1756 generalis,
1728 1679 1817 1742 nobis
1832 1695 1934 1758 nuper
1947 1679 2127 1758 expositum

1376 1770 1445 1847 luit,
1470 1771 1544 1851 ipse,
1557 1787 1618 1850 quo
1640 1772 1792 1850 praelatae
1813 1773 1929 1836 Urbani
1951 1773 2128 1852 praedeces-

1376 1866 1452 1926 soris
1473 1865 1604 1940 litterae,
1628 1881 1707 1943 quae
1722 1883 1737 1926 a
1753 1865 1935 1928 recolendae
1957 1865 2129 1928 memoriae

1352 2019 1353 2022 ,
1378 1959 1560 2020 innocentio
1582 1959 1634 2033 X„
1659 1959 1822 2022 Clemente
1843 1959 1934 2020 etiam
1957 1958 2010 2032 X,
2033 1959 2130 2020 inno-

1375 2052 1478 2114 centiu
1506 2051 1578 2126 lli,
1607 2068 1640 2113 ac
1672 2051 1845 2114 Alexandro
1877 2051 1955 2114 Ulli.
1979 2051 2129 2114 Romanis

1377 2145 1574 2208 Pontificibus
1589 2146 1871 2223 praedecessoribus
1886 2147 2001 2225 pariter
2012 2145 2129 2208 nostris

1375 2237 1556 2300 conhrmtae
1577 2237 1724 2314 luerunt,
1748 2240 1885 2302 exactius
1905 2240 2127 2312 observentur,

1376 2331 1443 2394 illas
1457 2347 1512 2410 per
1527 2348 1583 2394 nos
1605 2333 1719 2410 pariter
1740 2333 1917 2394 confirmari
1933 2341 1964 2395 el
1979 2333 2127 2394 innovari

573 2439 633 2502 pue
664 2425 822 2503 pastoralis
847 2424 1065 2488 sollicitudinis
1089 2425 1253 2502 vigilantia
1274 2426 1321 2488 in-

513 2511 517 2520 ’
558 2519 760 2593 ¹cumbimus,
777 2525 812 2580 ut
829 2517 905 2580 tanti
921 2525 952 2580 et
968 2525 1031 2580 tam
1052 2517 1192 2580 salutaris
1207 2525 1322 2596 myste-

572 2611 610 2676 rii
622 2617 839 2685 monumenta,
853 2627 931 2690 quae
947 2611 1114 2674 incivitate
1129 2611 1321 2675 Hierusalem

573 2711 604 2766 et
626 2705 698 2766 locis
720 2703 949 2767 circumvicinis
973 2713 1059 2780 sunt,
1082 2712 1320 2780 conserventur,

1377 2425 1545 2488 desideret:
1571 2442 1638 2501 nos,
1666 2428 1850 2489 eorumdem
1871 2441 2030 2488 sacrorum
2059 2441 2128 2486 mo
2162 2429 2341 2508 corrrrarhr-

1377 2525 1605 2582 numentorum
1626 2519 1855 2582 conservationi
1869 2528 1901 2582 et
1916 2517 2129 2581 manutentio·
2148 2486 2340 2583 {ffssussrfa‘dffi

1379 2613 1411 2675 ni
1439 2611 1601 2674 consulere
1622 2612 1781 2688 volentes,
1810 2611 1976 2690 praedictas
2009 2609 2128 2680 Urbani

1377 2705 1616 2784 praedecessoris
1635 2705 1753 2768 litteras
1768 2706 1930 2786 apostolica
1945 2705 2129 2768 auctoritate

1379 2808 1486 2862 tenore
1507 2800 1716 2876 praesentium
1732 2799 1952 2862 confirmamus
1967 2797 2082 2877 pariter
2096 2803 2129 2858 et

1376 2891 1591 2970 approbamus,
1614 2891 1744 2970 illasque
1764 2892 1950 2954 innovamus
1971 2899 2002 2953 et
2023 2890 2128 2952 obser-

1378 2985 1443 3046 vari
1465 2986 1658 3046 mandamus.

1417 3080 1436 3156 ἓ
1457 3079 1486 3140 2.
1512 3077 1666 3141 Volumus
1680 3087 1786 3142 autem
1803 3087 1837 3142 ut
1852 3079 2053 3154 Patriarchae,
2071 3081 2130 3142 hr-
2174 3095 2246 3162 rraas
2258 3096 2336 3159 auam

1378 3171 1561 3250 cbiepiscopi
1584 3179 1614 3233 et
1630 3171 1771 3252 Episcopi
1787 3173 1913 3251 praelati
1930 3173 1961 3233 in
1976 3173 2129 3234 relatione
2147 3152 2337 3252 ssffifflssonssliffil

1377 3272 1476 3328 status
1497 3265 1696 3328 ecclesiarum
1717 3281 1856 3341 surarum,
1879 3267 2001 3344 quando
2023 3265 2129 3328 visita·
2147 3259 2252 3360 ffffissffi
2266 3259 2337 3357 aggi·

1378 3357 1977 3438 buntliminaApostolorumiaciendi,
1990 3359 2129 3422 releuant
2149 3349 2246 3414 brrrr.⁸
2294 3351 2298 3358 '

1378 3468 1411 3514 se
1432 3451 1575 3530 praelatis
1597 3451 1712 3514 Urbani
1733 3453 1972 3532 praedecessoris
1989 3460 2018 3515 et
2041 3467 2128 3531 prae·

1378 3546 1518 3608 sentibus
1533 3546 1646 3608 nostris
1661 3545 1774 3608 litteris
1788 3547 1942 3626 paruisse,
1964 3546 2128 3610 contrariis

1379 3654 1442 3700 non
1464 3638 1655 3702 obstantibus
1676 3639 1933 3718 quibuscumque.

1418 3732 1437 3807 ἓ
1451 3731 1479 3794 3.
1495 3729 1646 3794 Volumus
1662 3732 1789 3810 insuper
1801 3739 1835 3794 ut
1846 3734 2028 3796 earumdem
2040 3749 2128 3812 prae-
2173 3753 2302 3799 clausurae.

572 2805 604 2859 et
625 2797 711 2859 omni
732 2813 792 2876 qua
814 2797 881 2859 heri
902 2798 1016 2878 poterit
1044 2797 1152 2860 maiori
1174 2799 1321 2862 honorifi-

572 2890 673 2952 renam
694 2888 881 2954 recolantur.

344 3045 346 3050 .
417 3001 555 3066 xourua-
612 2985 631 3058 ἓ
655 2985 681 3045 l.
707 2984 786 3047 Cum
807 2984 912 3062 itaque
927 2984 1011 3060 alias,
1028 2982 1124 3047 ielicis
1141 2987 1323 3049 recordatio·

342 3055 555 3156 ?Sffffirinfflssssi
574 3078 622 3140 nis
643 3077 766 3140 Urbano
787 3077 842 3138 ΡΡ.
868 3077 945 3140 liiii.
970 3080 1194 3156 praedecessori
1216 3088 1321 3143 nostro

343 3162 556 3262 lffissgffiuli'ffig
575 3173 713 3252 exposito
735 3173 816 3252 quod
839 3172 981 3236 ecclesiae
1003 3173 1112 3235 etalio
1134 3173 1198 3236 loca
1220 3177 1267 3254 pia
1289 3176 1321 3239 in

343 3269 555 3326 insurrexerat
574 3267 698 3328 civitate
727 3265 919 3328 Hierusalem
940 3274 972 3328 et
1001 3266 1067 3327 aliis
1092 3266 1165 3328 locis
1197 3269 1323 3330 Terrae·

341 3327 556 3448 ξῖἷῗιὲξῗιξιῖῗῗῗιῗῐ
573 3369 696 3424 sanctae
715 3359 880 3422 existentia
894 3360 959 3422 iere
969 3359 1070 3422 diruta
1086 3367 1185 3436 erant,
1199 3368 1229 3422 et
1244 3377 1321 3440 quae

346 3431 546 3478 s⁰f‘³⁰³³¹¹⁰‘³⁰·
574 3455 673 3517 adhuc
694 3455 735 3516 ibi
756 3455 928 3518 existebant
950 3455 1134 3518 monasteria
1156 3471 1225 3518 uere
1249 3455 1323 3520 alie·

574 3565 626 3625 no,
649 3551 689 3614 ob
705 3550 834 3630 impiam
850 3550 1032 3624 Turcarum,
1048 3550 1276 3614 haereticorum
1291 3557 1322 3613 et

572 3644 841 3710 schismaticorum
862 3643 1070 3722 tyrannidem,
1087 3651 1118 3706 et
1132 3659 1187 3722 pro
1201 3651 1322 3706 sanctae

574 3739 645 3802 lidei
678 3735 844 3799 catholicae
865 3736 897 3798 in
920 3737 1037 3800 eisdem
1066 3736 1139 3799 locis
1160 3752 1322 3799 conserva-

574 3833 660 3894 tione
675 3837 843 3904 cuntracto‚
860 3829 1026 3892 admodum
1043 3836 1166 3906 gravata
1188 3831 1322 3908 reperie-

573 3927 698 4000 bantur,
711 3924 793 3986 idem
808 3923 954 3986 Urbanus
969 3925 1182 4002 praedecessor
1193 3924 1322 3986 Patriar·

573 4020 649 4094 chis,
664 4017 917 4096 archiepiscopis,
931 4015 1098 4096 Episcopis,
1114 4024 1145 4078 et
1160 4017 1227 4078 aliis
1242 4016 1323 4080 loco·

573 4128 645 4174 rum
656 4109 835 4185 Ordinariis,
848 4125 970 4172 necnon
987 4108 1131 4171 omnibus
1143 4117 1173 4172 et
1188 4109 1321 4186 singulis

572 4203 756 4286 quorumvis
767 4202 929 4278 Ordinum,
942 4203 1222 4280 congregationum
1234 4210 1265 4265 et
1276 4203 1322 4265 in-

572 4298 753 4360 stitutorum
766 4294 959 4371 regularium
970 4293 1178 4370 generalibus,
1194 4295 1323 4358 cornmi-

572 4390 648 4452 serit
660 4395 690 4450 et
701 4387 907 4462 mandaverit,
921 4393 955 4449 ut
970 4385 1006 4448 ad
1021 4387 1126 4449 minus
1144 4387 1263 4450 duabus
1277 4388 1322 4450 vi-

573 4483 658 4545 cibus
669 4481 808 4560 quolihet
822 4496 915 4556 annu,
935 4481 1096 4543 Adventus
1108 4480 1323 4558 etduadrage-

572 4576 670 4638 simae
690 4573 894 4652 temporibus,
912 4581 974 4636 tam
989 4589 1044 4652 per
1066 4573 1152 4636 verbi
1169 4575 1221 4636 liei
1237 4591 1323 4654 prae-

572 4667 720 4731 dicatores
732 4668 764 4730 in
780 4667 845 4730 suis
855 4667 948 4730 sacris
960 4667 1170 4744 concionibus,
1184 4684 1277 4746 quam
1289 4669 1321 4730 in

572 4762 743 4824 actionibus
765 4767 796 4824 et
817 4760 1029 4824 lunationibus
1054 4761 1195 4840 publicis,
1219 4779 1322 4825 neces·

572 4857 676 4918 sitates
697 4856 881 4917 eorumdem
908 4870 1068 4916 sacrorum
1098 4862 1322 4918 monumento·

573 4965 645 5012 rum
665 4947 779 5027 populo
801 4947 932 5026 proponi
955 4956 984 5010 et
1006 4949 1215 5010 commendari
1236 4967 1323 5012 cura-

572 5050 643 5106 rent
657 5051 689 5104 et
704 5042 853 5116 iacerent,
867 5047 897 5102 at
908 5041 993 5116 olias,
1006 5049 1099 5120 prout
1114 5041 1147 5102 in
1159 5041 1254 5120 ipsius
1265 5043 1320 5104 Ur-

572 5136 643 5197 bani
654 5135 893 5214 praedecessoris
906 5134 1018 5197 litteris
1032 5133 1164 5214 desuper
1174 5135 1208 5196 in
1224 5135 1321 5197 simili

573 5228 672 5290 iurma
693 5229 800 5290 Brevis
822 5229 871 5291 die
886 5245 934 5290 ιιι.
952 5227 1100 5291 lebruarii
1122 5243 1318 5290 nncuxxxrv.

572 5321 733 5401 expeditis,
747 5337 881 5401 quarum
899 5329 1023 5384 tenores
1038 5321 1251 5400 praesentibus
1267 5338 1321 5401 pro

572 5416 723 5494 expressis
737 5415 844 5478 haberi
866 5415 1023 5490 volumus,
1040 5414 1166 5477 uberius
1183 5415 1322 5478 contine·

573 5517 641 5584 tur3
658 5517 701 5585 et,
717 5509 797 5573 sicut
812 5524 869 5588 pro
885 5517 971 5589 parte
985 5507 1088 5572 dilecti
1103 5507 1159 5570 filii
1174 5507 1320 5570 Bernardi

1377 3825 1517 3888 santium
1532 3825 1745 3904 transumptis,
1763 3827 1856 3888 etiam
1877 3826 2044 3906 impressis,
2062 3842 2127 3888 ma-

1378 3935 1422 3980 nu
1444 3917 1573 3980 alicuius
1602 3918 1714 3980 notarii
1743 3918 1857 3996 publici
1884 3920 2066 3998 subscriptis
2096 3929 2128 3982 et

1377 4011 1481 4089 sigillo
1508 4027 1657 4090 personae
1688 4012 1721 4074 in
1748 4012 1948 4075 ecclesiastica
1975 4012 2128 4090 dignitate

1378 4105 1563 4168 constitutae
1592 4105 1733 4180 munitis,
1764 4107 1870 4170 eadem
1899 4123 2024 4185 prorsus
2052 4107 2128 4168 fidas

1378 4196 1570 4272 adhibeatur,
1587 4215 1664 4276 quae
1678 4199 1892 4276 praesentibus
1912 4200 1983 4279 ipsis
2004 4200 2129 4262 adhibe-

1379 4299 1478 4366 retur,
1494 4291 1520 4352 si
1537 4291 1640 4353 forent
1655 4291 1809 4354 exhibitae
1823 4292 1873 4354 vel
1895 4301 2044 4355 ostensae.

1417 4384 1527 4446 Datum
1559 4383 1685 4458 Romae,
1711 4385 1791 4464 apud
1820 4386 1850 4449 S·
1878 4387 2004 4448 Mariam
2037 4387 2129 4449 hlain-

1379 4493 1456 4552 rem,
1478 4476 1537 4540 sub
1558 4478 1676 4540 annulo
1697 4477 1868 4552 Piscatoris,
1889 4479 1939 4542 die
1955 4495 2043 4541 xxxx.
2059 4497 2129 4559 sep-

1380 4570 1506 4632 tembris
1529 4587 1676 4647 hucuca,
1700 4572 1837 4650 pontific.
1862 4575 1959 4635 nostri
1981 4589 2063 4636 anno
2082 4591 2103 4634 ι.

1709 4775 1873 4782 ..-Η-.-

1733 4951 1769 5014 11.

1382 5135 1544 5199 Vicurium
1566 5137 1783 5215 Apostolicorum
1805 5141 1841 5202 im
1871 5139 1984 5204 insciti
2006 5139 2126 5203 Burmei

1418 5231 1514 5306 poulo
1537 5238 1613 5293 cote
1637 5233 1803 5314 patefaciat
1826 5235 2000 5296 coustituit
2027 5234 2126 5296 Artic-

1417 5321 1533 5383 mimum
1559 5324 1766 5405 l'emtimigiiu
1781 5343 1821 5388 eoo
1838 5327 1971 5389 Cierioio
1989 5325 2125 5408 Regula-

1418 5413 1509 5478 ribua
1547 5417 1713 5480 Theutirris
1734 5421 1875 5497 primum
1903 5421 1972 5482 cios
1995 5423 2124 5484 Irtsuiua

1417 5510 1664 5574 missioouriom
1685 5511 1741 5593 (2).

1337 5647 1444 5654 -υη--ρ-

612 5710 641 5766 (1)
657 5711 694 5754 lix
708 5709 774 5755 buli.
786 5712 855 5756 Part.
866 5713 1068 5756 l'erraesanctue
1083 5714 1130 5754 etc.
1148 5711 1249 5756 Similis
1261 5724 1319 5757 corr·
1374 5717 1444 5770 pout.
1462 5723 1495 5768 ιι,
1511 5715 1645 5770 reperitur
1659 5713 1826 5760 confirmatio
1836 5713 1949 5760 alterins
1959 5715 2124 5762 constitutio

573 5773 688 5822 ilrruatio
709 5779 782 5822 extat
805 5775 832 5821 in
855 5775 995 5822 ,alexandri
1017 5778 1079 5821 Vlll.
1101 5777 1237 5823 constitut.
1255 5779 1317 5824 edit.
1373 5779 1414 5824 nis
1430 5791 1477 5835 pro
1492 5780 1585 5824 iisdem
1601 5779 1673 5826 locis.

571 5853 744 5898 xrncuxxxrx,
759 5844 801 5888 die
817 5847 841 5888 18
856 5843 1013 5900 norernbris,
1025 5843 1114 5900 pontii.
1127 5845 1318 5896 1.;etirrhrrius

1415 5849 1444 5902 i2)
1461 5849 1497 5892 Ex
1513 5851 1593 5892 Ferro
1609 5853 1707 5894 lator-ta
1722 5853 1787 5896 (telle
1802 5855 1924 5896 sarmatani
1941 5854 2052 5900 rectiore,
2069 5854 2086 5896 t.
2102 5853 2123 5908 2,

571 5909 703 5956 Porrtihcis
724 5912 828 5956 constit.
851 5913 912 5956 edit.
936 5923 1070 5970 nrnrxcvr,
1085 5913 1127 5958 die
1141 5917 1167 5960 21
1182 5913 1317 5970 lebruarii,
1374 5927 1395 5971 p.
1412 5915 1460 5970 bat,
1475 5914 1562 5960 collat.
1579 5918 1626 5961 etc.
