4878 6982
960 563 1170 610 innocentrtus
1194 565 1249 610 lttt.

326 675 516 738 sufficienter
540 680 690 756 expressis
712 680 802 742 acad
825 683 955 744 verbum
977 682 1073 744 inser-

326 769 364 829 tis
384 769 544 845 habentes,
567 772 626 832 illis
647 773 720 833 alias
741 773 774 834 in
796 791 851 836 suu
873 775 983 837 robore
1005 792 1074 855 per-

325 863 491 936 mansuris
511 864 547 925 ad
570 866 808 941 praemissorum
834 868 991 942 ellectum,
1019 870 1073 929 hac

325 955 392 1015 vioe
413 955 583 1030 dumtaxat,
605 957 779 1035 specialiter
803 965 833 1020 et
853 976 997 1038 expresse
1022 963 1073 1022 de·

325 1063 486 1123 rogamus3
509 1049 682 1128 ceterisque
694 1053 857 1114 centrariis
871 1053 1072 1132 quibuscum·

325 1157 395 1218 que.

365 1235 476 1296 Datum
505 1235 634 1313 Romae,
664 1236 743 1314 apud
770 1238 799 1299 S.
828 1238 953 1300 Mariam
981 1239 1072 1300 Maio·

324 1341 404 1401 rem,
426 1327 484 1390 sub
504 1329 621 1391 annulo
639 1329 934 1404 Piscatoris,diev1.
952 1331 1074 1394 februa-

325 1421 363 1481 rii
384 1437 566 1496 uncxcvrr,
589 1422 785 1500 pontificatus
804 1425 901 1486 nostri
923 1440 1004 1486 anno
1026 1442 1057 1486 vr

655 1707 737 1770 XXI.

326 1888 501 1970 Confirmat
527 1892 688 1954 decretura
708 1890 973 1972 Congrepotiortis
997 1894 1071 1971 Epi-

363 2001 529 2063 scopororu
551 1993 581 2048 et
603 1987 829 2066 Hepolorr'om,
847 2004 906 2065 pero
928 1988 1070 2065 declaro-

365 2085 434 2150 tur,
459 2079 493 2140 io
522 2080 756 2142 constitutione
781 2081 962 2142 Ateeoudrr'
993 2080 1068 2153 tlt,

365 2171 401 2232 de
428 2173 608 2252 privilegiis
634 2174 878 2249 prouinciarum
909 2173 1070 2250 Reforma-

364 2271 472 2327 torum
494 2264 679 2327 strictioris
709 2263 937 2328 Obseruantioe
958 2268 993 2326 r'rr
1017 2265 1070 2327 Hi-

364 2358 480 2434 spoein
508 2365 539 2419 et
568 2357 671 2418 indiis
701 2355 973 2428 occidentalibus,
990 2375 1071 2418 com-

364 2450 516 2527 prehendi
538 2451 737 2527 provinciam
761 2447 941 2513 Arrobidoe
957 2452 992 2512 ira
1010 2454 1071 2513 Lu-

362 2543 487 2604 sitania
509 2542 566 2623 (1).

500 2712 752 2782 ΙΝΝΟΟΕΝῘΙυὸ
769 2714 828 2781 ΡΡ.
847 2713 903 2780 llll.

463 2834 927 2903 mmmmmwm

114 3027 304 3090 malagmate
362 3011 382 3084 g
405 3011 431 3072 1.
456 3010 574 3089 Nuper,
591 3027 646 3088 pro
667 3020 754 3089 parte
771 3011 875 3074 dilecti
898 3013 952 3074 filii
975 3017 1070 3076 Anto-

90 3084 305 3190 ζῖξξέξξξὲἶᾏᾞῖ
324 3105 369 3165 nii
390 3120 406 3164 a
428 3105 677 3166 Praesentatione
709 3105 844 3167 ministri
874 3107 1070 3183 provincialis

94 3188 304 3297 {ltelgffiffnl’gg
324 3197 499 3276 provinciae
529 3197 693 3260 Arrabidae
716 3198 747 3259 in
770 3199 927 3260 Lusitania
949 3199 1070 3262 Ordinis

91 3295 306 3356 neocesariense
324 3290 454 3352 fratrum
476 3290 632 3353 lituorum
648 3291 751 3354 Sancti
766 3292 919 3352 Francisci
938 3292 1069 3353 strictio-

85 3348 305 3464 ?e'ffii'ss'csssff'iss
323 3383 366 3443 ris
386 3383 598 3445 observantiae
618 3383 868 3444 Reformatorum
882 3400 937 3445 seu
958 3385 1069 3447 1116661-

83 3455 305 3563 ῗξῗῗεξζξξῖωθ
323 3483 481 3538 centorum
515 3483 790 3553 nuncupatorum,
828 3477 1069 3552 congregationi

323 3568 550 3629 venerabilium
572 3568 705 3630 fratrum
727 3577 905 3629 nostrorum
928 3569 958 3631 S.
977 3570 1012 3630 H.
1031 3569 1065 3630 E.

324 3660 535 3724 Carpinatium
566 3661 699 3736 negotiis
730 3669 761 3722 et
791 3662 1069 3724 consultationibus

322 3754 542 3832 Episcoporum
555 3761 585 3814 et
599 3753 800 3829 Regularium
815 3757 1004 3833 praepositae
1018 3771 1070 3816 ex·

322 3848 432 3926 posito,
448 3847 531 3924 quod
551 3845 637 3926 (cum
652 3846 725 3908 alias
740 3855 815 3910 tunc
829 3849 997 3909 existentes
1012 3849 1070 3910 fra·

324 3949 385 4002 tres
417 3939 650 4018 provinciarum
682 3941 713 4000 in
744 3941 886 4018 Hispania
912 3951 945 4002 et
977 3942 1069 4003 indiis

323 4033 560 4094 consistentium
581 4031 654 4092 dicti
675 4033 797 4095 Ordinis
812 4033 910 4094 felicis
931 4035 1071 4096 recorda-

324 4125 416 4187 tionis
436 4125 611 4186 Alexandro
638 4125 733 4204 Papae
755 4124 819 4186 Vll.
845 4127 1069 4202 praedecessori

323 4224 429 4280 nostro
456 4217 570 4296 exponi
596 4217 751 4293 fecissent,
780 4221 861 4296 quod
883 4220 1003 4280 dudum
1022 4237 1069 4281 re-

323 4311 468 4373 colendae
499 4311 667 4372 memoriae
692 4310 861 4388 Gregorius
883 4311 961 4373 xltl.
985 4328 1072 4389 prae-

323 4405 462 4466 decessor
483 4405 598 4482 pariter
630 4412 734 4466 noster
760 4403 879 4465 diversa
908 4405 1070 4481 privilegia

322 4498 467 4560 iratribus
488 4498 672 4560 Reformatis
693 4499 923 4574 provinciarum
946 4498 976 4561 S.
993 4499 1070 4560 lose-

323 4593 376 4671 phi
407 4599 437 4654 et
465 4593 496 4655 S.
524 4591 645 4652 loannis
677 4591 828 4668 Baptistae
860 4591 893 4652 in
926 4591 1068 4669 Hispania

323 4686 561 4747 consistentium
588 4684 750 4745 strictioris
778 4684 988 4745 observantiae
1013 4685 1071 4745 hu-

324 4779 455 4840 iusmodi
477 4789 678 4850 concesserat,
709 4793 787 4855 quae
818 4778 1000 4854 praesertim
1022 4795 1070 4839 re-

322 4879 429 4950 spectu
440 4872 571 4933 fratrum
587 4871 624 4932 de
638 4869 867 4932 Observantiaa
881 4870 990 4932 similis
1005 4885 1069 4930 me·

323 4966 440 5027 moriae
461 4963 624 5026 Clemente
639 4962 717 5024 11111.
736 4969 766 5023 61
781 4963 904 5024 Urbano
921 4963 1069 5025 1111116-

322 5059 422 5120 manis
444 5057 642 5120 Pontificibus
665 5057 759 5116 etiam
786 5056 1069 5134 praedecessoribus

322 5152 436 5214 nostris
450 5153 632 5212 confirmata
646 5149 784 5224 fuerant,
803 5149 980 5226 provinciae
994 5165 1069 5212 vero

321 5245 454 5307 fratrum
466 5243 716 5306 Reformatorum
727 5241 890 5303 strictioris
906 5243 1069 5303 observan-

321 5339 383 5399 tiae
402 5336 581 5399 huiusmodi
597 5335 633 5396 ad
652 5350 821 5396 numerum
844 5335 1069 5396 duodenarium

323 5447 394 5493 cum
416 5431 514 5493 divini
536 5429 637 5490 cultus
658 5435 827 5504 augmento
847 5428 980 5490 crevisse
996 5435 1071 5490 tunc

323 5524 546 5604 reperiebatur,
562 5539 595 5584 ac
611 5529 771 5600 propterea
792 5521 865 5583 dicti
880 5528 1070 5598 exponentes

322 5617 484 5698 privilegia
500 5615 653 5695 praedicta
668 5615 813 5676 omnibns
831 5615 999 5693 provinciis
1013 5615 1071 5676 lte-

323 5712 461 5774 formatis
472 5709 652 5788 supradictis
662 5708 822 5784 suffragari
834 5709 946 5771 debere
958 5709 995 5768 ab
1006 5709 1071 5786 ipso

366 5925 395 5982 (t)
410 5927 448 5969 Ex
461 5924 566 5981 Regest.
581 5923 609 5968 in
623 5923 698 5969 Areh.
714 5927 786 5970 Brev.

430 6049 483 6098 lter.
500 6048 570 6096 rent.
586 6045 616 6094 de
632 6047 706 6108 Prop.
721 6045 782 6094 Fide
796 6047 878 6094 Partis
891 6048 910 6094 1.
925 6045 979 6094 vol.
993 6048 1024 6096 11.

1801 547 1857 611 tha
1907 538 1960 594 tn.
1975 539 2005 591 c.
2028 541 2096 592 teor

1129 681 1304 746 Alexandro
1327 687 1556 764 praedecessore
1570 685 1717 750 declarari
1739 701 1877 748 summo-

1128 789 1201 850 pere
1223 777 1448 858 desiderabant)
1471 779 1554 841 idem
1586 779 1761 840 Alexander
1789 795 1877 857 prae-

1129 877 1278 947 decessor,
1291 874 1417 935 illorum
1428 871 1704 950 supplicationibus
1715 871 1772 932 sibi
1784 886 1877 949 snper

1128 969 1186 1029 hoo
1207 967 1369 1029 humiliter
1397 966 1545 1044 porrectis
1575 965 1753 1038 inclinatus,
1780 963 1876 1042 privi-

1128 1059 1224 1134 legia,
1256 1058 1434 1120 memoratis
1460 1057 1627 1136 provinciis
1649 1060 1680 1120 S.
1704 1056 1824 1134 losepbi
1845 1061 1876 1115 et

1128 1151 1158 1214 S.
1173 1152 1295 1214 loannis
1317 1151 1469 1228 Baptistae
1490 1158 1525 1212 ut
1540 1151 1713 1230 praefertur
1734 1164 1875 1212 concessa

1126 1252 1158 1305 et
1179 1245 1371 1318 confirmata,
1404 1244 1537 1322 reliquas
1562 1259 1670 1305 omnes
1702 1241 1874 1320 provincias

1128 1338 1258 1398 fratrum
1279 1337 1531 1398 Reformatorum
1545 1353 1601 1398 seu
1617 1336 1874 1400 Discaloeatorum

1127 1430 1291 1492 strictioris
1321 1430 1535 1504 observantiae
1563 1427 1741 1490 huiusmodi
1769 1428 1802 1490 in
1824 1426 1876 1488 Hi-

1127 1523 1231 1602 spania
1253 1530 1282 1584 et
1304 1523 1399 1584 indiis
1414 1523 1618 1584 consistentes
1633 1520 1874 1598 comprehende·

1128 1632 1172 1691 re,
1196 1616 1302 1694 eisque
1317 1618 1348 1678 in
1364 1617 1509 1678 omnibus
1529 1624 1559 1677 et
1575 1632 1629 1694 per
1650 1616 1753 1676 omnia
1768 1614 1875 1676 sutfra-

1128 1709 1191 1786 gari
1214 1709 1325 1771 debere
1347 1711 1564 1776 declaraverat.
1588 1717 1619 1770 et
1639 1709 1711 1770 alias
1733 1714 1825 1785 prout
1841 1707 1873 1768 in

1127 1801 1222 1879 ipsius
1244 1803 1410 1864 Alexandri
1431 1803 1670 1880 praedecessoris
1691 1801 1803 1864 litteris
1823 1801 1874 1862 de-

1126 1911 1220 1972 super
1240 1895 1272 1955 in
1288 1895 1381 1956 simili
1397 1894 1494 1956 forma
1509 1895 1616 1956 Brevis
1631 1894 1680 1956 die
1694 1912 1723 1954 v.
1745 1909 1873 1955 novem·

1127 1987 1188 2048 bris
1214 2003 1350 2050 ucnnxv.
1381 1988 1530 2066 expeditis
1558 1988 1684 2050 uberius
1716 1987 1873 2050 dicebatur

1127 2081 1297 2158 contineri3
1321 2089 1352 2142 et
1367 2081 1400 2142 in
1415 2082 1522 2143 eadem
1536 2081 1729 2158 expositione
1746 2081 1873 2142 subiun-
1918 2091 2040 2138 patronas
2059 2103 2105 2156 pro

1126 2182 1186 2248 cto,
1209 2175 1302 2251 quod,
1318 2174 1389 2236 lieet
1403 2175 1435 2236 in
1451 2173 1538 2236 dictis
1559 2174 1727 2236 Alexandri
1748 2172 1874 2250 praede·
1891 2145 2106 2260 ἓζωὲἧῖἓξῃῗβόῖ

1126 2267 1251 2328 cessoris
1272 2267 1384 2329 litteris
1411 2266 1514 2328 solum
1534 2267 1610 2329 facta
1636 2266 1730 2327 fuerit
1753 2265 1873 2328 mentio
1891 2253 1989 2350 ‘ffliffl
2003 2251 2106 2298 mm·

1126 2361 1357 2437 provinciarnm
1383 2360 1416 2420 in
1437 2359 1581 2437 Hispania
1603 2367 1633 2420 et
1661 2359 1753 2422 indiis
1774 2358 1873 2422 consi-

1125 2454 1288 2528 stentium,
1305 2454 1362 2514 sub
1377 2454 1505 2514 nomine
1519 2459 1625 2514 tamen
1641 2453 1872 2531 provinciarum

1126 2547 1288 2625 Hispaniae
1302 2547 1395 2607 etiam
1409 2547 1585 2624 provinciae
1599 2546 1776 2607 Lusitaniae
1790 2561 1874 2607 com-

1125 2640 1407 2719 prehendebantur,
1425 2653 1537 2716 easque
1551 2638 1609 2700 sub
1623 2638 1751 2699 nomine
1766 2639 1873 2700 huius-

1126 2733 1210 2795 modi
1231 2733 1466 2812 comprehensas
1487 2731 1633 2808 intelligi,
1651 2747 1689 2792 ex
1709 2731 1791 2792 binis
1806 2731 1874 2810 piae

1126 2826 1295 2888 memoriae
1315 2825 1455 2901 Gregorii
1477 2824 1531 2885 ΡΡ.
1550 2825 1618 2887 XV.
1633 2825 1872 2901 praedecessoris

1126 2921 1241 2997 pariter
1252 2919 1350 2980 nostri
1363 2918 1395 2978 in
1406 2915 1513 2978 eadem
1525 2917 1624 2978 forma
1631 2918 1739 2980 Brevis
1751 2933 1872 2978 emana-

1126 3015 1164 3075 tis
1177 3013 1299 3086 litteris
1310 3012 1342 3072 in
1354 3010 1466 3088 quibus
1478 3011 1747 3073 dictaeArrabidae
1760 3011 1872 3072 etaliae

1126 3107 1251 3185 quaein
1272 3104 1428 3166 Lusitania
1450 3105 1589 3164 existunt
1610 3104 1787 3182 provinciae
1801 3103 1873 3164 dicti

1125 3199 1247 3265 Ordinis
1269 3199 1351 3258 inter
1372 3197 1445 3257 alias
1466 3196 1685 3274 Hispaniarum
1699 3195 1873 3274 provincias

1125 3293 1265 3356 eiusdem
1296 3288 1418 3352 Ordinis
1450 3296 1669 3364 recensentur,
1692 3291 1871 3368 apparebat,

1125 3387 1222 3447 immo
1244 3384 1272 3446 id
1295 3383 1339 3462 (2)
1361 3384 1464 3461 ipsum
1477 3397 1516 3442 ex
1530 3381 1692 3460 praedictis
1708 3383 1873 3446 Alexandri

1125 3476 1366 3557 praedecessoris
1388 3474 1498 3536 litteris
1520 3475 1622 3551 colligi
1645 3474 1818 3550 videbatur,
1838 3477 1873 3538 ea

1125 3572 1256 3644 ratione,
1280 3571 1372 3647 qued,
1397 3567 1457 3628 nisi
1478 3567 1643 3628 Arrabidae
1664 3575 1695 3628 et
1715 3568 1792 3628 aliae
1812 3569 1874 3630 Lu-

1124 3665 1252 3726 sitaniae
1274 3661 1453 3740 provinciae
1474 3661 1644 3737 praedictae
1666 3660 1724 3721 sub
1745 3662 1872 3723 nomine

1126 3757 1356 3836 provinciarum
1371 3755 1533 3832 Hispaniae
1548 3760 1579 3814 et
1594 3753 1750 3814 indiarum
1766 3754 1873 3816 huius·

1125 3851 1227 3924 modi,
1251 3849 1286 3911 ad
1308 3863 1441 3926 quarum
1462 3846 1600 3907 favorem
1629 3847 1726 3908 diotae
1751 3846 1873 3908 litterae

1125 3949 1362 4014 enranaverant,
1384 3939 1743 4017 comprehenderentur,
1774 3939 1873 4002 dictus

1126 4035 1334 4100 duodenarius
1364 4033 1595 4110 provinciarum
1623 4031 1873 4094 Reformatarum

1126 4145 1277 4192 numerus
1308 4127 1438 4188 minime
1470 4125 1666 4200 subsisteret,
1697 4141 1769 4188 eum
1798 4136 1873 4188 tunc

1127 4222 1275 4300 temporis
1304 4218 1467 4280 duodecim
1492 4219 1669 4296 provinciae
1693 4220 1873 4282 huiusmodi

1126 4317 1158 4377 in
1181 4312 1322 4393 Hispania
1343 4320 1374 4374 et
1395 4312 1489 4374 indiis
1515 4311 1677 4389 praedictis
1699 4329 1764 4374 non
1786 4329 1873 4392 repe-

1125 4409 1276 4480 rirentur,
1293 4414 1385 4483 prout
1400 4421 1438 4465 ex
1452 4405 1638 4466 authenticis
1653 4404 1872 4466 instrumentis

1125 4500 1227 4561 eidem
1243 4497 1483 4573 Congregationi
1498 4496 1707 4559 Oardinalium
1729 4497 1873 4558 exhibitis

1125 4599 1265 4655 constare
1286 4590 1458 4664 dicebatnr3
1481 4589 1609 4667 insuper
1623 4589 1762 4651 fundatio
1777 4590 1874 4652 dictae

1125 4684 1302 4764 provinciae
1323 4682 1489 4745 Arrabidae
1515 4690 1653 4761 tempore
1675 4683 1705 4746 S.
1730 4683 1813 4744 Petri
1835 4685 1874 4746 de

1125 4779 1286 4840 Alcantara
1298 4777 1425 4838 initium
1439 4776 1593 4850 habuisse,
1607 4783 1637 4837 et
1652 4793 1733 4837 anno
1746 4793 1871 4852 unxxr,

1124 4885 1189 4932 uuo
1205 4869 1348 4932 videlicet
1362 4875 1394 4929 et
1408 4868 1541 4946 amplius
1555 4869 1677 4930 saeculo
1692 4871 1872 4949 priusquam

1125 4962 1871 5040 dictaeAlexandripraedecessorislitteraeema-

1125 5063 1250 5132 narent,
1273 5055 1411 5118 absoluta
1435 5054 1526 5116 fuisse
1548 5055 1772 5133 reperiebatur,
1796 5057 1872 5135 ipsa·

1126 5167 1186 5230 que
1207 5149 1366 5228 provincia
1381 5149 1414 5209 in
1430 5146 1539 5209 ordine
1560 5147 1752 5226 antiquitatis
1768 5149 1872 5211 61661-

1127 5241 1285 5305 locationis
1306 5241 1539 5320 provinciarum
1561 5255 1615 5319 per
1636 5241 1873 5303 constitutiones

1127 5335 1286 5413 generales
1301 5333 1373 5396 dicti
1388 5333 1511 5396 Ordinis
1526 5341 1556 5394 et
1571 5333 1603 5394 in
1618 5334 1748 5411 quadam
1764 5351 1872 5396 earum

1125 5429 1343 5506 compilatione
1358 5427 1454 5488 relato
1475 5426 1564 5487 tertia
1579 5427 1813 5501 numerabatur,
1829 5434 1872 5488 61-

1126 5539 1187 5601 que
1217 5524 1291 5584 adeo
1320 5521 1451 5583 dubium
1483 5536 1547 5581 non
1569 5528 1632 5581 erat
1660 5521 1738 5599 quin
1765 5521 1872 5582 eadem

1126 5614 1291 5677 Arrabidae
1312 5613 1469 5692 provincia
1491 5629 1552 5674 una
1579 5620 1658 5674 esset
1680 5629 1718 5674 ex
1740 5613 1799 5674 illis
1821 5613 1872 5673 de-

1126 5723 1210 5783 cem,
1234 5709 1269 5769 ad
1292 5723 1367 5784 quas
1389 5705 1466 5768 dicta
1491 5707 1666 5783 privilegia,
1688 5707 1766 5768 siout
1786 5722 1872 5784 prae-

1165 5925 1194 5981 (a)
1210 5924 1277 5971 Male
1291 5923 1352 5968 edit.
1368 5921 1445 5967 Maio.
1460 5919 1527 5978 legit
1541 5923 1577 5966 od
1590 5931 1638 5977 pro
1652 5923 1687 5964 td,

1738 6043 1766 6091 22
