4880 6982
132 549 185 604 An.
200 552 229 605 G.
253 549 322 604 trab

1018 569 1158 620 utendus
1180 569 1224 619 lif.

351 738 579 810 venerabilibus
606 739 752 810 fratribus
786 739 880 809 Leoni
908 739 1026 820 ficata,
1048 747 1094 810 to-

390 835 450 902 tius
475 833 604 903 Rosciae
628 835 869 918 Metropolitum,
891 853 928 902 ac
944 837 1092 904 universis

391 927 535 996 iluthcnis
559 929 715 1013 Episcopie
738 927 822 997 iliius
845 929 953 996 Graeci
978 930 1005 996 in
1022 928 1093 996 Pro-

390 1021 506 1090 vincieli
530 1021 649 1106 Synodo
676 1023 855 1091 Zanoacice
883 1025 1090 1107 congregatis.

529 1184 714 1252 ciEbetlS
740 1185 841 1252 rtet
866 1185 911 1252 ili.

553 1348 750 1418 venerabiles
772 1351 888 1418 fratres

382 1444 508 1512 salutem
532 1449 563 1510 et
584 1445 781 1528 apostolicam
808 1444 1057 1511 benedictionem.

387 1637 406 1711 ἓ
430 1636 458 1698 3.
482 1635 592 1700 Verbis
614 1637 787 1716 exprimere
809 1653 873 1699 uon
894 1636 967 1698 satis
989 1651 1095 1716 possu-

347 1745 417 1791 mus
438 1730 585 1806 gaudium
607 1731 696 1809 plane
713 1731 861 1793 intimum
876 1737 906 1791 et
921 1728 1091 1805 singulare,

345 1839 406 1900 quo
427 1832 593 1901 paternum
615 1842 666 1886 cor
686 1831 829 1887 nestrum
844 1823 1005 1903 perfusum
1020 1821 1091 1895 fuit,

345 1917 398 1978 ubi
419 1935 435 1978 a
458 1919 703 1995 congregatione
719 1918 944 1980 venerabilium
960 1915 1092 1978 fratrum

346 2019 525 2072 nostrorum
540 2012 672 2088 negotiis
684 2011 897 2091 Propagandae
908 2009 992 2072 Fidei
1007 2024 1092 2088 prae·

345 2105 517 2182 positorum
542 2120 642 2182 nuper
667 2106 855 2184 accepimus,
885 2103 1092 2166 fraternitates

345 2204 462 2259 vestras
482 2199 518 2260 ad
541 2197 762 2260 restituendam
785 2197 905 2260 inistis
930 2197 1091 2260 Ruthenae

344 2290 494 2352 Natiouis‘
504 2291 696 2354 Dioecesihus
714 2307 820 2353 veram
836 2293 981 2370 pietatem
997 2307 1030 2352 33
1044 2305 1092 2350 33-

344 2385 540 2446 clesiasticam
564 2385 754 2463 disciplinam
777 2385 911 2447 ferventi
928 2383 1030 2446 studio
1045 2383 1092 2444 in-

344 2479 506 2551 cumbere,
539 2495 636 2556 eoque
667 2479 863 2557 potissimum
895 2477 1023 2540 consilio
1054 2476 1089 2536 ad

344 2571 435 2634 istam
463 2572 687 2650 provincialem
713 2569 873 2650 synodum
895 2571 1088 2644 convenisse,

344 2673 379 2727 nt
392 2665 508 2728 scilicet
522 2671 710 2743 opportunas
725 2665 859 2727 rationes
873 2681 907 2726 ac
920 2664 1089 2726 salubriora

343 2760 478 2822 remedia
509 2761 751 2834 constitueretis,
774 2775 829 2838 per
859 2751 938 2837 qu'ae
969 2775 1090 2819 errores

345 2861 520 2931 temporum
542 2852 713 2914 calamitate
734 2853 963 2930 hominumque
984 2853 1090 2914 fraude

343 2945 457 3007 invecti
490 2946 732 3024 extirparentur,
755 2963 788 3008 ac
809 2945 957 3022 regimini
986 2954 1088 3006 vestro

342 3039 497 3102 commissi
518 3038 690 3102 sacerdotes
709 3047 742 3100 ct
761 3039 865 3119 populi
880 3041 916 3102 ad
931 3041 1088 3109 sincerum

341 3132 462 3194 cultum
480 3131 667 3194 orthodoxae
682 3133 853 3209 religionis,
869 3133 1010 3211 sineque
1026 3134 1088 3212 pia-

342 3242 413 3288 cere
433 3227 495 3287 lieo
510 3242 706 3304 nequaquam
720 3243 893 3304 possumus,
912 3235 978 3288 tum
994 3228 1087 3290 etiam

342 3319 377 3380 ad
401 3319 547 3382 illibatam
569 3336 602 3381 ac
633 3320 788 3396 integram
819 3320 909 3382 Ritus
941 3321 1088 3384 Catholici

342 3413 565 3492 professionem
592 3421 825 3476 revocarentur.
854 3414 999 3489 Quocirca
1021 3423 1088 3493 post

342 3515 421 3570 actas
448 3507 572 3569 coelesti
602 3515 760 3585 pastorum
792 3508 924 3586 principi
952 3508 1087 3570 humiles

342 3601 465 3678 gratias,
487 3601 567 3678 quod
600 3599 845 3662 fraternitatibus
872 3601 984 3663 vestris
1005 3601 1087 3679 piam

341 3697 420 3756 lianc
439 3692 613 3772 gradusque
628 3694 722 3755 vestri
738 3693 943 3772 amplitudine
958 3700 987 3756 33
1002 3711 1086 3756 sanc-

341 3789 430 3850 titate
451 3788 586 3848 maxime
605 3786 731 3864 dignam
764 3794 904 3849 mentem
932 3788 1084 3864 iniecerit,

342 3881 491 3959 pontificii
512 3881 652 3943 muneris
671 3881 769 3942 nostri
784 3897 850 3942 esse
864 3882 1017 3958 ducimus,
1034 3898 1086 3944 vc-

341 3975 387 4037 bis
409 3975 534 4036 effusam
569 3973 774 4050 meritamque
805 3974 942 4036 tribuere
964 3973 1085 4036 laudem

341 4076 373 4130 et
393 4067 534 4146 quamvis
557 4068 639 4128 ultro
661 4067 740 4129 bene
767 4068 966 4130 currentibus
987 4077 1088 4146 pater-

342 4177 399 4222 nae
421 4160 504 4223 vocis
526 4168 648 4222 nostrae
673 4161 771 4222 calcar
798 4162 974 4236 admovere,
997 4171 1032 4224 ut
1053 4163 1085 4224 in

340 4261 481 4333 suscepto
503 4254 733 4331 religiosissimo
762 4255 917 4334 proposito
944 4264 1087 4318 constan-

342 4357 388 4410 ter
408 4348 553 4428 pergatis,
569 4364 601 4409 ac
623 4349 655 4409 in
677 4363 713 4409 33
730 4349 911 4426 praesertim
925 4355 1086 4411 strenuam

340 4441 542 4518 sedulamque
563 4441 681 4520 penatis
702 4457 837 4520 operam,
862 4451 896 4505 ut
917 4459 1027 4519 graves
1041 4443 1088 4504 illi

341 4536 463 4609 abusus,
479 4534 533 4613 qui
554 4535 586 4596 in
604 4551 764 4597 sacrorum
778 4536 995 4598 ministrorum
1009 4537 1089 4598 eiec-

342 4629 438 4703 tione,
460 4643 523 4690 non
544 4629 613 4689 sine
644 4645 758 4706 magno
788 4630 963 4692 animarum
994 4629 1086 4692 detri-

341 4729 464 4798 mento,
495 4721 758 4800 quemadmodum
790 4723 884 4800 probe
916 4723 1023 4796 nostis,
1046 4723 1088 4784 ir-

339 4823 516 4894 repserunt,
531 4831 570 4877 ex
588 4816 700 4878 vestris
714 4817 908 4878 Dioecesihus
922 4816 1087 4877 eliminen-

340 4915 393 4970 tur
414 4926 506 4988 qnam
527 4910 666 4989 primurn
686 4927 720 4972 ac
741 4911 865 4988 penitus
880 4927 897 4972 3
912 4910 1014 4973 medic
1030 4911 1085 4972 tol·

340 5000 454 5066 fantur.

340 5226 375 5272 tis
395 5225 516 5284 aliisque,
537 5225 570 5272 ad
590 5237 655 5284 quos
676 5227 799 5286 pertinet,
820 5229 850 5273 ut
870 5232 896 5274 33
918 5228 944 5274 33
967 5228 1082 5274 eiusdem

340 5295 437 5352 synodi
451 5297 542 5339 nostro
556 5297 582 5340 et
597 5294 745 5351 praedictae
766 5295 839 5341 Sedis
860 5296 965 5341 nomine
986 5297 1084 5341 inuesi-

339 5364 443 5409 dentem
465 5365 617 5408 reverenter
635 5362 788 5419 suscipiant,
804 5363 903 5420 tibique
919 5363 945 5408 iu
961 5363 1082 5409 omuibus

339 5431 372 5475 nd
386 5428 561 5474 Praesideutis
571 5429 684 5472 officiunt
695 5429 889 5486 pertinentibus
899 5433 1017 5486 pareunt,
1027 5431 1083 5475 obe-

338 5497 413 5543 diunt
427 5499 453 5542 et
466 5495 600 5552 assistant,
611 5500 708 5552 turaque
723 5496 840 5542 salubria
855 5497 955 5543 vitonita
969 5502 995 5543 et
1011 5498 1082 5544 iussu

338 5563 478 5610 humiliter
492 5564 636 5620 suscipiant
651 5567 676 5608 33
691 5563 829 5609 efficaciter
839 5565 984 5620 adimplere
995 5577 1083 5622 procu·

338 5635 406 5688 rent,
421 5641 472 5676 non
486 5631 653 5676 obstantibus
662 5630 896 5676 constitutionibus
907 5634 932 5676 et
942 5632 1083 5678 ordinatio·

338 5699 415 5744 nibus
429 5698 588 5756 apostolicis
599 5708 629 5742 ac
643 5701 773 5754 (quatenus
784 5708 848 5754 opus
858 5697 902 5752 sit,
912 5698 1081 5744 ecclesiarum

338 5765 499 5820 huiusmodi,
509 5763 589 5810 etiam
605 5764 762 5819 3333333333,
772 5765 972 5810 confirmatione
982 5768 1083 5822 aposto·

337 5831 389 5878 lica
404 5832 444 5877 vel
457 5831 549 5888 quavis
571 5830 697 5874 firmitate
711 5831 765 5875 ulia
780 5831 911 5876 roboratis
932 5833 1041 5877 statutis
1056 5837 1081 5877 et

337 5897 579 5951 consuetudinibus,
594 5897 740 5954 privilegiis
760 5909 872 5954 quoque,
887 5898 999 5944 indultis
1013 5903 1039 5945 33
1053 5899 1082 5945 li-

338 5967 402 6014 teris
416 5964 567 6024 apostolicis
582 5963 608 6009 in
622 5963 784 6010 contrarium
800 5965 1006 6022 praemissorum
1021 5978 1082 6024 quo·

443 6089 494 6139 fur.
513 6088 582 6136 Perat.
597 6086 628 6136 dc
645 6087 718 6150 Prcp.
732 6086 794 6137 dide
809 6087 891 6138 Partis
904 6089 923 6138 l.
938 6087 991 6138 fol.
1006 6090 1036 6139 ll.

1188 693 1207 768 ἓ
1228 693 1256 754 2.
1280 693 1363 768 Quae
1384 693 1509 774 quidem
1532 702 1601 758 vota
1623 713 1657 758 ac
1678 693 1825 759 desideria
1841 709 1896 756 nc-

1148 793 1209 847 stra
1225 786 1322 850 fusius
1336 787 1418 850 vobis
1433 789 1594 866 explicabit
1605 788 1788 852 venerabilis
1801 787 1895 849 frater

1148 881 1354 960 hieronymus
1367 882 1620 962 hrclticpisccpus
1634 881 1776 955 Edessae,
1789 887 1895 944 noster

1148 981 1178 1035 33
1190 975 1380 1054 spostolicae
1392 975 1478 1038 Sedis
1492 975 1525 1038 in
1540 991 1637 1052 regno
1652 973 1796 1036 Pcloniac
1808 971 1895 1034 Nun-

1149 1068 1227 1142 tius,
1256 1085 1350 1146 quem
1377 1085 1445 1144 nos,
1475 1069 1596 1132 illustre
1617 1067 1703 1130 vobis
1724 1066 1894 1146 praebituri

1148 1169 1370 1238 argumentum
1392 1163 1628 1226 existimationis
1643 1180 1676 1224 ac
1693 1161 1816 1234 amoris,
1833 1175 1895 1238 quo

1148 1254 1235 1318 Ritus
1263 1255 1369 1318 Graeci
1397 1255 1582 1334 professores
1603 1263 1634 1318 et
1663 1255 1840 1319 Ruthenam
1863 1254 1893 1314 in

1148 1349 1255 1426 primis
1277 1351 1437 1412 nationem
1466 1351 1552 1413 omni
1579 1358 1718 1430 tempore
1741 1347 1894 1426 complexi

1147 1459 1254 1504 sumus
1274 1451 1306 1504 33
1326 1445 1425 1506 adhuc
1439 1445 1686 1523 complectimur,
1703 1443 1827 1522 Synodo
1842 1457 1894 1502 ve-

1146 1542 1226 1598 strae
1248 1553 1351 1599 coram
1377 1538 1605 1615 edessamque
1633 1547 1740 1600 nostro
1766 1536 1894 1598 nomine

1147 1628 1320 1708 praesidere
1351 1629 1519 1704 voluimus,
1549 1638 1584 1692 ut
1609 1630 1821 1710 spiritualibus
1843 1643 1894 1690 ve·

1146 1723 1217 1784 stris
1239 1723 1472 1786 necessitatibus
1493 1725 1673 1786 auctoritate
1689 1729 1793 1786 nostra
1808 1738 1895 1800 prae-

1146 1833 1216 1878 sens
1237 1832 1328 1895 opem
1348 1817 1430 1878 terre
1452 1835 1486 1879 ac
1507 1834 1540 1880 ea
1563 1819 1666 1880 omnia
1697 1817 1803 1882 sedulo
1825 1833 1894 1895 prc-

1147 1927 1275 1972 movere
1289 1911 1396 1988 possit,
1413 1928 1491 1989 quae
1506 1912 1665 1974 communi
1681 1923 1785 1974 vestro
1800 1913 1892 1985 bone,

1147 2005 1322 2066 animarum
1341 2004 1445 2078 saluti,
1466 2005 1650 2083 divinaeque
1664 2005 1781 2082 gloriae
1795 2005 1893 2068 incre·

1146 2106 1253 2159 mento
1272 2098 1360 2159 utilia
1375 2114 1409 2160 ac
1423 2107 1596 2177 opportuna
1610 2099 1676 2159 lore
1692 2099 1891 2162 videbuntur.

1186 2193 1204 2266 ἓ
1225 2193 1254 2254 3.
1279 2192 1427 2255 Vestrum
1450 2193 1552 2271 itaque
1574 2192 1633 2254 erit
1647 2195 1793 2256 eumdem
1808 2211 1894 2272 prae-

1145 2288 1247 2350 sulem
1268 2288 1304 2348 iis
1326 2288 1452 2349 honoris
1473 2295 1504 2350 et
1525 2287 1721 2350 reverentiae
1740 2288 1894 2366 significa·

1147 2382 1281 2444 tionibus
1303 2381 1455 2459 excipere,
1473 2398 1551 2460 quae
1569 2381 1794 2460 praestantibus
1811 2383 1893 2446 illius

1145 2473 1299 2535 virtutum
1319 2473 1511 2536 ornamentis
1533 2489 1566 2535 ac
1588 2473 1620 2534 in
1646 2472 1753 2552 primis
1775 2478 1892 2552 conspi-

1145 2583 1213 2641 cuo,
1235 2583 1297 2646 quo
1319 2585 1334 2626 3
1356 2566 1444 2628 nobis
1476 2565 1644 2642 insignitus
1673 2575 1733 2641 est,
1766 2569 1892 2630 muneri

1145 2661 1235 2739 plane
1255 2659 1425 2734 debentur3
1455 2669 1521 2722 tum
1543 2661 1636 2722 etiam
1658 2660 1706 2734 iis,
1729 2678 1807 2738 quae
1829 2661 1893 2740 ipse

1145 2763 1250 2816 nostro
1266 2754 1394 2816 nomine
1410 2754 1496 2814 vobis
1510 2759 1656 2832 exponet,
1673 2754 1827 2831 integram
1841 2757 1891 2818 ad·

1144 2847 1251 2910 hibere
1273 2845 1366 2910 fidem
1388 2864 1420 2910 ac
1442 2847 1568 2908 demum
1591 2847 1675 2908 illins
1703 2849 1839 2910 consiliis
1861 2859 1892 2912 et

1144 2941 1271 3003 monitis
1292 2957 1404 3019 pronas
1436 2940 1600 3019 facilesque
1621 2943 1767 3020 praebere
1788 2960 1889 3019 aures,

1143 3051 1215 3097 curn
1236 3051 1292 3112 pro
1313 3034 1472 3112 explorato
1486 3035 1600 3096 habere
1614 3036 1759 3112 debeatis,
1777 3054 1810 3100 ea
1825 3055 1890 3100 non

1142 3129 1267 3190 aliunde
1289 3129 1454 3206 proficisci,
1473 3145 1567 3207 quam
1588 3147 1602 3188 a
1625 3137 1751 3207 paterna
1770 3148 1804 3192 ao
1817 3147 1891 3194 sane

1143 3223 1264 3297 intima,
1288 3239 1346 3301 qua
1370 3239 1422 3285 vos
1445 3223 1476 3284 in
1500 3224 1632 3284 Domino
1660 3225 1888 3303 prosequimur,

1143 3316 1284 3392 ca1·itate;
1317 3333 1374 3377 333
1395 3316 1477 3378 alind
1509 3324 1592 3378 certe
1623 3326 1773 3395 spectare,
1796 3335 1889 3398 quam

1142 3425 1343 3472 communem
1375 3417 1509 3471 vestram
1543 3410 1698 3489 totiusque
1727 3410 1890 3474 liuthenae

1143 3503 1280 3567 Nutiunis
1309 3503 1397 3566 nobis
1427 3503 1747 3567 commendatissimae
1775 3507 1890 3568 utilita-

1143 3606 1218 3662 tem.
1241 3599 1320 3660 llaec
1341 3606 1445 3660 autem
1464 3597 1568 3659 omnia
1583 3614 1639 3676 pro
1654 3608 1812 3678 prospecta
1827 3601 1889 3663 vir-

1144 3701 1210 3754 tute
1231 3692 1362 3770 zeloque
1382 3699 1486 3753 vestro
1507 3692 1549 3754 ita
1570 3693 1750 3770 praestanda
1771 3695 1889 3757 avobis

1141 3785 1209 3848 fore
1229 3786 1424 3860 confidimus,
1442 3793 1476 3848 33
1499 3786 1640 3848 uberiora
1656 3786 1688 3848 in
1704 3787 1769 3850 dies
1783 3787 1820 3850 ab
1834 3789 1889 3851 hac

1143 3879 1252 3943 Sancta
1274 3879 1351 3942 Sede
1372 3879 1498 3941 laudum
1525 3881 1687 3958 praeconia
1708 3897 1741 3944 ac
1763 3883 1888 3944 tandem

1142 3991 1158 4035 a
1179 3973 1385 4052 Redemptove
1411 3980 1517 4036 nostro
1543 3975 1764 4054 amplissimam
1791 3976 1887 4051 illam,

1142 4083 1236 4144 quam
1257 4067 1346 4129 bonis
1367 4067 1573 4146 fidelibusque
1587 4071 1757 4148 pastoribus
1772 4070 1890 4150 pollici-

1142 4169 1190 4223 tus
1206 4169 1262 4236 est,
1276 4161 1515 4224 retributionem
1529 4164 1676 4241 consequi
1692 4166 1885 4228 mereamini.

1143 4255 1224 4316 lium
1247 4255 1373 4316 interim
1395 4272 1451 4317 uos
1471 4257 1565 4320 enixe
1590 4273 1698 4334 rogare
1725 4275 1789 4320 non
1811 4259 1888 4322 desi·

1143 4365 1267 4422 nemus,
1285 4355 1319 4410 ut
1339 4349 1378 4410 sit
1400 4349 1432 4412 in
1449 4350 1550 4412 medio
1566 4359 1718 4429 vestrum,
1735 4346 1888 4432 quatenus

1143 4442 1177 4503 ad
1199 4442 1283 4505 illius
1305 4443 1456 4505 iustitiam
1476 4443 1645 4507 faciendam
1666 4456 1769 4510 vestra
1783 4465 1888 4526 procc-

1143 4537 1216 4598 daut
1246 4535 1385 4615 eloquia,
1418 4537 1593 4615 dirigantur
1623 4541 1825 4617 cogitationes
1856 4551 1888 4604 et

1142 4644 1249 4706 opera3
1265 4635 1296 4690 33
1311 4629 1554 4694 fraternitatibus
1569 4633 1678 4694 vestris
1692 4634 1886 4712 apostolicam

1142 4722 1391 4786 benedictionem
1417 4733 1613 4802 peramanter
1633 4726 1844 4805 impertimur.

1182 4817 1293 4878 ilatum
1320 4816 1447 4891 Romae,
1476 4819 1556 4895 apud
1584 4818 1615 4881 S.
1639 4819 1765 4882 Mariam
1795 4821 1888 4884 33333-

1142 4925 1222 4985 rem,
1245 4911 1303 4972 sub
1324 4911 1440 4974 annulo
1462 4912 1633 4988 Piscatoris,
1656 4915 1705 4976 die
1726 4928 1794 4975 xxx.
1818 4915 1886 4978 iulii

1143 5018 1298 5078 ccccxx,
1322 5005 1517 5085 pontificatus
1539 5007 1638 5068 nostri
1659 5023 1740 5069 anno
1756 5023 1810 5069 xx.
1826 5007 1882 5088 (l).

1139 5228 1280 5274 modolihet
1295 5228 1431 5282 cortoessis,
1445 5229 1608 5275 cotthrntatis
1623 5231 1649 5276 et
1664 5229 1809 5288 innovatis:
1831 5230 1886 5290 qui·

1138 5297 1186 5342 bus
1201 5296 1323 5342 omnibus
1340 5299 1366 5342 et
1388 5295 1501 5352 singulis
1523 5297 1630 5342 iliorum
1653 5300 1743 5344 tenore
1765 5311 1885 5356 praesen·

1139 5364 1206 5408 tium
1221 5375 1267 5420 pro
1282 5365 1357 5421 plene
1372 5367 1398 5409 et
1413 5363 1572 5408 sufficienter
1584 5365 1713 5420 expressis
1724 5377 1754 5410 ac
1765 5367 1795 5412 de
1808 5369 1885 5413 verbo

1137 5432 1170 5477 ud
1185 5432 1293 5476 verbum
1311 5431 1416 5476 insertis
1439 5431 1573 5486 habentes,
1589 5430 1642 5475 illis
1656 5431 1725 5476 alias
1740 5432 1767 5477 33
1783 5445 1830 5480 suo
1846 5446 1885 5480 ro·

1138 5499 1199 5543 frore
1220 5497 1409 5554 permansuris,
1424 5497 1456 5544 ad
1471 5498 1677 5554 pt·aerttissot·u1n
1699 5499 1820 5545 effectum
1836 5499 1885 5547 huc

1137 5565 1193 5610 vice
1214 5565 1352 5612 dumtaxat
1373 5564 1524 5622 specialiter
1539 5567 1564 5609 33
1584 5576 1705 5622 expresse
1726 5567 1884 5624 derogamus

1136 5633 1283 5689 ceterisque
1297 5631 1439 5677 3333333333
1454 5632 1669 5688 quibuscumque.

1177 5702 1274 5744 Datunr
1284 5702 1390 5753 Romae,
1401 5698 1470 5754 apud
1481 5701 1503 5742 s.
1515 5698 1625 5743 btcriam
1637 5700 1771 5757 Maiorem,
1782 5702 1830 5747 sub
1841 5713 1884 5748 att-

1137 5767 1200 5810 nulo
1214 5766 1362 5821 Piscatoris,
1378 5766 1420 5810 die
1435 5777 1477 5810 xx.
1495 5765 1585 5810 martii
1601 5778 1735 5824 truccxvx,
1750 5771 1884 5826 pontifica-

1137 5837 1179 5877 tus
1195 5833 1279 5878 nostri
1292 5843 1361 5878 anuo
1375 5843 1429 5877 xvr.

1177 5903 1206 5958 (tt
1221 5903 1285 5946 Acta
1298 5899 1465 5946 confuscavit
1476 5903 1535 5944 Bon.
1546 5903 1610 5946 xlll.
1621 5905 1702 5947 33333.
1714 5908 1883 5956 apostolatus

1136 5972 1257 6026 officioram,
1275 5977 1353 6026 quam
1369 5965 1437 6012 infra
1451 5979 1499 6014 suo
1513 5967 1569 6014 loco
1583 5969 1775 6016 adnotabimus.

1749 6097 1776 6154 43

1817 552 1875 620 337
1926 549 1979 606 Au.
1994 551 2025 608 O.
2046 549 2115 606 tneo
