4836 6998
113 546 214 601 01030.
236 547 303 600 1732

995 563 1137 610 cheneris
1160 563 1217 610 xtt.

334 696 497 757 rogamus,
519 681 691 760 ceterisque
707 682 868 744 contrariis
883 681 1081 760 quibuscum-

334 789 406 851 que.

1802 553 1859 614 1331
1913 555 1967 608 Δ3.
1981 555 2011 607 Ο.
2033 556 2101 608 1732

1137 681 1209 758 30000
1229 682 1294 744 0300
1314 684 1489 762 sumptibus
1508 684 1623 747 ibidem
1643 687 1808 748 sustentari
1829 701 1884 746 vo-

1136 777 1264 852 luerint,
1287 783 1322 839 ut
1343 777 1541 839 instruantur
1564 785 1595 839 et
1616 778 1732 842 habiles
1753 777 1883 840 reddan-

157 873 230 918 Fides
243 875 316 918 tran·
375 867 394 940 ἓ
414 865 444 928 6.
468 863 621 928 Volumus
640 872 746 929 autem
768 873 803 929 ut
824 865 950 942 regulae
964 871 995 927 et
1009 881 1082 927 con·
1138 881 1189 934 030
1209 872 1245 934 ad
1265 887 1387 932 sacrum
1416 871 1644 948 presbyteratus
1668 872 1811 934 ordinem
1831 888 1882 934 su-

102 931 273 982 sumptorum.

335 956 514 1020 stitutionos
529 958 705 1018 huiusmodi
721 957 817 1019 latine
827 965 859 1018 et
873 957 1003 1031 arabice,
1020 957 1082 1019 331

335 1063 407 1110 oum
429 1049 641 1125 praesentibus
657 1049 779 1123 litteris,
797 1049 876 1128 typis
891 1050 1081 1128 supradictae

338 1142 593 1217 congregationis
614 1141 824 1204 cardinalium
850 1143 1080 1221 imprimantur,

336 1249 507 1311 earumque
541 1235 753 1312 praesentium
787 1235 964 1298 litterarum
999 1244 1081 1296 tran-

335 1326 478 1402 sumptis,
494 1342 549 1388 seu
567 1327 729 1404 exemplis,
745 1327 789 1388 sic
803 1327 969 1404 impressis,
986 1343 1081 1390 manu

336 1417 464 1478 alicuius
475 1419 588 1480 notarii
600 1419 715 1496 publici
729 1419 919 1497 subscriptis,
936 1427 966 1482 00
980 1420 1082 1500 sigillo

335 1525 482 1588 personae
497 1511 531 1572 in
547 1511 748 1573 ecelesiastica
769 1513 918 1588 dignitate
932 1513 1084 1574 constitu-

336 1609 383 1662 tae
405 1602 553 1676 munitis,
576 1605 681 1664 eadem
711 1619 836 1682 prorsus
861 1605 936 1666 fides
965 1605 1082 1666 tamin

336 1694 448 1755 iudicio
476 1710 569 1772 quam
590 1703 677 1756 extra
701 1695 916 1774 illudubiqne
945 1696 1081 1760 locorum

334 1787 502 1862 habeatur,
525 1803 603 1865 quae
625 1787 792 1850 haberetur
814 1789 888 1866 ipsis
914 1789 1082 1867 303000300-

335 1878 438 1940 bussi
460 1879 563 1940 100030
584 1879 738 1941 exhibitae
759 1880 810 1941 001
832 1889 980 1942 00003030.

377 1971 489 2031 Datum
504 1970 630 2045 Romae,
643 1971 722 2049 apud
738 1971 768 2034 S.
783 1973 908 2034 hiarium
923 1973 1080 2046 Maiorem,

335 2063 393 2124 sub
423 2063 540 2124 annulo
571 2064 751 2139 Piscatoris,
783 2065 830 2129 die
857 2080 946 2127 xxxx
982 2065 1082 2126 martii

337 2172 527 2218 unccxxxrr.
546 2157 743 2235 pontificatus
764 2157 861 2219 nostri
882 2174 965 2220 3330
987 2175 1021 2219 00.

593 2357 831 2364 -—--.—--——-..—.-

686 2531 737 2596 Vr.

341 2717 515 2795 Confirmat
543 2717 772 2797 [occationem
794 2716 925 2792 Neapoli
950 2715 1087 2796 Conpre-

378 2811 521 2889 gorionis
555 2810 814 2888 presbyterorum
845 2809 1083 2880 saecularium,

377 2904 444 2963 sive
467 2903 599 2982 Collegii
620 2900 679 2964 sod
701 2903 799 2964 titolo
818 2901 925 2964 Sacrae
940 2901 1086 2963 Familiae

379 2997 446 3058 lesu
469 2995 584 3058 Christi
606 2995 759 3056 0000003303
783 2994 968 3056 sinensium
991 3001 1086 3071 01333

378 3089 534 3154 ludorum
550 3087 592 3150 od
606 3087 860 3164 praedicandum
873 3086 1086 3166 coangelicum

379 3185 415 3243 irc
436 3180 623 3260 patricii).

513 3377 698 3446 01ΕΜΕΝ8
725 3377 826 3445 ΡΛΡΑ
850 3375 907 3443 tit.

461 3540 497 3606 ad
520 3545 690 3622 perpetuam
713 3539 756 3604 rei
785 3538 965 3605 memoriam.

144 3763 226 3809 caroli
244 3763 323 3819 impo-
381 3743 400 3817 ἓ
424 3742 449 3803 l·
474 3740 591 3819 Nuper,
615 3757 671 3820 pi'o
686 3741 934 3820 paitccttl'issimi
951 3741 984 3800 iii
1000 3737 1089 3801 Chri-

107 3818 201 3862 tatoris
226 3829 269 3872 per
288 3817 323 3863 le-

107 3875 199 3926 gatum
218 3871 323 3916 sanctis·

341 3843 388 3896 sto
410 3836 464 3896 clii
482 3835 578 3897 nostri
594 3835 693 3898 caroli
709 3835 925 3912 Hispaniarum
947 3831 1087 3895 catholici

107 3925 174 3969 ⁵¹m⁰
216 3924 322 3968 d0ml¹¹⁰
341 3945 374 3990 ac
385 3928 596 3990 Romanorum
609 3929 691 4004 regis
706 3928 739 3987 in
755 3927 973 4005 imperatorem
985 3925 1085 3999 electi,

107 3982 198 4022 nostro
226 3987 324 4032 βῠΙΊΘῢ·

108 4036 151 4076 tae
172 4041 257 4085 proces
274 4042 322 4128 Rm
342 4021 483 4098 exposuit
495 4021 583 4081 nobis
594 4020 725 4081 dilectus
740 4019 822 4080 silius
837 4027 942 4080 noster
956 4019 1087 4080 Alvarus

107 4084 249 4129 obtinentia
293 4095 308 4129 n

108 4107 323 4182 0303030300οἶ
338 4113 374 4178 S.
398 4114 433 4174 lt.
458 4113 492 4174 E.
517 4113 680 4190 presbyter
709 4111 874 4174 cardinalis
902 4111 1088 4187 cieoloegos

107 4192 231 4236 motione.

341 4214 549 4284 nuncupatus,
563 4205 818 4283 metropolitanae
839 4205 983 4266 ecclesiae
1003 4204 1088 4266 Mon-

342 4300 495 4374 tisregalis
517 4301 549 4359 in
572 4298 677 4362 Sicilie
699 4314 737 4359 ex
758 4297 956 4358 concessione
977 4305 1009 4358 et
1030 4298 1089 4360 dis-

341 4397 523 4474 pensatione
537 4395 701 4472 apostolicd
722 4394 856 4472 praesul,
873 4394 952 4472 quod
969 4395 1088 4454 nonita

341 4488 462 4566 pridem
483 4489 613 4550 consilio
624 4505 658 4549 ac
673 4503 819 4564 persuasu
842 4494 948 4548 nostro
963 4485 1088 4548 lundata

341 4579 401 4641 luit
422 4587 508 4642 extra
523 4597 630 4641 muros
644 4578 776 4640 civitatis
794 4577 1012 4656 Neapolitanae
1027 4595 1088 4638 una

342 4674 389 4751 pia
402 4673 609 4749 congregatio
620 4670 872 4750 presbyterorum
886 4670 1088 4731 saecularium

341 4780 396 4826 seu
418 4765 585 4840 collegium
606 4765 664 4825 sub
684 4762 776 4824 titulo
799 4761 915 4824 Sacrae
930 4762 1088 4824 Foorilioe

343 4859 413 4920 1033
431 4856 566 4928 Christi,
582 4857 669 4918 cuius
684 4857 885 4933 praecipuum
908 4855 1088 4916 institutum

342 4958 389 5011 est
410 4949 549 5012 educatio
570 4948 770 5010 alumnorum
792 4947 972 5010 Sinensium
994 4957 1025 5009 et
1040 4948 1089 5009 13-

343 5044 465 5116 dorum,
478 5042 532 5119 qui
547 5057 586 5101 ex
601 5041 636 5101 iis
652 5041 830 5117 regionibus
851 5039 1017 5101 advenient
1032 5055 1087 5118 pro

338 5135 531 5198 addiscendis
546 5134 712 5196 catholicae
729 5133 801 5195 lidei
822 5133 1002 5212 praeceptis,
1025 5148 1090 5194 am·

342 5229 506 5308 plectendo
527 5235 610 5290 statu
625 5226 837 5306 presbyterali,
853 5241 968 5288 300000
983 5242 1090 5304 paran-

337 5323 389 5384 dis
410 5321 445 5382 ad
468 5320 750 5399 3030000330130303
764 5336 874 5380 eorum
889 5319 986 5398 patrii
1002 5319 1088 5382 chri-

338 5415 382 5476 sti
415 5413 637 5490 Evangelium3
666 5413 699 5474 in
727 5429 788 5490 quo
822 5421 925 5474 033003
961 5413 1089 5489 collegio

342 5507 437 5568 etiam
463 5507 586 5568 admitti
612 5507 728 5584 possint
749 5519 857 5566 omues
884 5505 936 5566 alii
957 5521 996 5566 ex
1016 5521 1090 5583 qua·

343 5615 477 5678 cumque
497 5609 583 5679 parte
605 5600 745 5678 Europae
759 5599 940 5674 existentes,
956 5599 1009 5676 qui
1022 5614 1091 5677 pro-

1136 963 1341 1042 scipiendum,
1365 970 1395 1024 et
1415 979 1514 1025 sacras
1537 963 1698 1024 missiones
1713 963 1881 1040 obeundas3

1137 1074 1216 1136 quae
1235 1057 1362 1136 quidem
1384 1055 1535 1130 fundatio,
1554 1056 1671 1132 regulis
1686 1074 1719 1118 ac
1734 1057 1883 1134 regimini

1137 1167 1215 1228 qnae
1225 1157 1390 1212 servantur
1400 1149 1432 1210 03
1446 1149 1591 1223 ecclesiis,
1605 1149 1746 1212 domibus
1758 1157 1788 1212 et
1803 1151 1884 1213 con·

1138 1242 1372 1320 gregationibus
1386 1241 1639 1320 presbyterorum
1654 1243 1761 1304 itidem
1781 1258 1884 1306 saecu·

1138 1336 1250 1397 larium
1279 1334 1409 1398 00300010
1442 1333 1547 1396 Sancti
1578 1334 1707 1412 Philippi
1736 1333 1821 1396 Nerii
1849 1352 1883 1396 30

1138 1429 1264 1491 Piorum
1285 1427 1504 1506 Operariorum
1525 1426 1621 1488 diotae
1645 1427 1777 1490 civitatis
1806 1427 1882 1488 Nea-

1138 1521 1290 1599 politanae
1313 1518 1513 1592 conlormari,
1538 1526 1568 1580 et
1589 1535 1644 1596 pro
1667 1529 1806 1598 tempore
1820 1520 1884 1580 exi-

1138 1613 1248 1674 stentis
1257 1611 1482 1689 Archiepisoopi
1495 1610 1688 1688 Neapolitani
1701 1611 1885 1674 iurisdictio-

1139 1707 1172 1766 ni
1195 1705 1227 1766 in
1249 1705 1392 1766 omnibus
1419 1703 1554 1766 subiecta
1576 1718 1738 1765 remanere
1765 1704 1883 1778 debeat,

1139 1789 1248 1858 00001003
1263 1812 1388 1874 3000030
1399 1797 1490 1858 modo
1505 1804 1536 1858 00
1550 1795 1660 1870 lorini,
1676 1797 1787 1874 quibus
1800 1813 1884 1876 prae-

1139 1888 1217 1950 latae
1237 1890 1314 1950 duae
1337 1888 1599 1963 congregationes
1621 1887 1751 1950 Oratorii
1767 1889 1798 1952 S.
1816 1889 1886 1950 Phi-

1139 1980 1213 2058 lippi
1225 1979 1311 2042 Nerii
1322 1995 1355 2040 30
1369 1979 1496 2040 Piorum
1507 1979 1725 2058 Operariorum
1740 1982 1884 2056 subsunt,

1139 2073 1293 2133 reservati
1315 2071 1372 2150 ipsi
1395 2072 1502 2134 carolo
1517 2073 1584 2148 regi
1605 2073 1677 2136 dicti
1700 2073 1822 2150 collegii
1838 2090 1885 2136 00-

1139 2165 1187 2240 gii
1208 2165 1399 2241 protectione
1420 2165 1518 2242 quoad
1534 2165 1613 2226 bona
1628 2166 1712 2228 illius
1734 2175 1885 2246 tempora-

1140 2257 1179 2318 lia
1202 2265 1264 2320 tam
1286 2273 1369 2320 nunc
1390 2257 1536 2336 acquisita
1557 2274 1659 2336 ,quarn
1682 2259 1885 2338 imposterum

1140 2350 1336 2428 acquirenda.
1367 2350 1407 2412 Ut
1428 2357 1533 2412 autem
1561 2352 1724 2428 praedictis
1752 2353 1886 2414 alumnis

1141 2442 1322 2506 Sinensibns
1342 2449 1375 2504 et
1390 2443 1472 2505 indis
1487 2443 1596 2505 modus
1611 2460 1677 2506 sese
1691 2447 1886 2508 sustentandi

1140 2545 1298 2614 suppetat,
1322 2551 1455 2614 acopos
1482 2535 1659 2597 huiusmodi
1681 2539 1716 2600 ad
1746 2546 1886 2616 optatum

1141 2629 1237 2690 linem
1252 2627 1447 2708 perducatur,
1461 2628 1498 2689 de
1509 2644 1663 2691 consensu
1679 2631 1817 2692 eiusdem
1833 2633 1888 2694 ca-

1142 2721 1198 2782 roli
1220 2722 1302 2797 regis
1322 2720 1455 2782 stabilita
1470 2719 1528 2782 luit
1550 2723 1603 2782 dos
1624 2722 1746 2797 collegii
1760 2725 1887 2801 praelati

1141 2829 1197 2892 pro
1218 2813 1362 2874 alimonia
1384 2814 1536 2874 dictorum
1560 2813 1761 2876 alumnorum
1777 2815 1887 2880 Sinen-

1141 2907 1221 2968 sium
1244 2913 1275 2966 et
1296 2905 1444 2967 indorum
1459 2907 1617 2968 dumtaxat
1633 2907 1665 2968 in
1680 2909 1783 2968 33330
1803 2925 1889 2972 sum-

1143 2999 1191 3060 30
1212 2998 1465 3073 octingentorum
1486 2999 1666 3060 ducatorum
1683 3008 1825 3062 monetae
1840 3018 1889 3063 re-

1142 3091 1196 3167 gni
1218 3089 1369 3168 Neapolis,
1392 3091 1577 3152 retrahendi
1598 3107 1637 3152 ex
1658 3095 1719 3154 330
1736 3101 1890 3156 00000300-

1143 3200 1213 3245 rom
1234 3199 1327 3260 super
1349 3182 1536 3260 Tropiensis,
1566 3183 1660 3244 310000
1681 3186 1888 3250 ducentorum

1142 3294 1235 3355 snper
1250 3275 1458 3350 cassanensis,
1475 3275 1708 3352 cathedralium,
1725 3278 1889 3357 etreliqua

1142 3371 1255 3432 annuis
1266 3370 1464 3448 pensionibus
1480 3375 1695 3432 trecentorum
1707 3373 1889 3433 ducatorum

1142 3464 1222 3541 paris
1249 3472 1392 3524 monetae
1415 3478 1507 3540 super
1532 3463 1790 3541 metropolitanae
1810 3464 1889 3525 Rhe·

1143 3557 1280 3633 ginensis
1301 3555 1499 3618 ecclesiarum
1528 3556 1696 3632 lructibus,
1719 3557 1888 3620 redditibus

1142 3659 1173 3711 et
1201 3650 1421 3727 proventibus,
1444 3665 1460 3709 a
1490 3649 1578 3711 nobis
1608 3665 1664 3726 per
1687 3650 1805 3712 litteras
1831 3652 1890 3714 sub

1143 3743 1269 3820 plumbo
1298 3741 1476 3820 propediem
1507 3741 1711 3820 expediendas
1739 3731 1907 3822 perpetuo'

1143 3835 1338 3914 imponendis
1349 3852 1382 3896 ac
1394 3835 1602 3896 reservandis:
1621 3836 1661 3896 ita
1674 3844 1777 3898 tamen
1795 3837 1887 3914 quod,

1142 3929 1167 3988 si
1190 3927 1405 3989 istalundatio
1434 3927 1565 3988 minime
1595 3929 1816 4006 perficeretur,
1839 3929 1890 3990 vel

1144 4035 1308 4098 progressu
1331 4021 1480 4098 temporis
1502 4019 1657 4097 deficeret,
1674 4029 1726 4083 aut
1742 4039 1756 4081 a
1771 4037 1828 4082 suo
1844 4021 1889 4082 in—

1143 4115 1251 4176 stituto
1280 4113 1433 4188 deviaret,
1463 4115 1538 4175 adeo
1560 4120 1594 4174 ut
1615 4114 1789 4194 supradicta
1810 4115 1889 4178 con-

1145 4207 1283 4282 gregatio
1314 4207 1571 4284 presbyterorum
1604 4205 1712 4270 Sacrae
1744 4209 1890 4270 Familiae

1143 4301 1285 4361 alumnos
1307 4297 1453 4360 Sinenses
1468 4307 1499 4360 et
1514 4299 1602 4361 Indos
1624 4302 1659 4360 ad
1682 4301 1890 4363 103003010οῑ0-

1145 4399 1254 4454 natum
1270 4393 1399 4454 educare
1415 4391 1523 4470 nollet,
1538 4401 1611 4454 tunc
1625 4395 1790 4470 pensiones
1806 4409 1890 4471 prae-

1144 4485 1221 4548 latae
1235 4503 1268 4546 30
1284 4501 1362 4546 0330
1376 4502 1431 4546 003
1453 4484 1599 4562 obligatio
1613 4485 1680 4546 01130
1695 4486 1890 4563 300001003011

1144 4578 1272 4639 omnino
1293 4594 1412 4639 cessare
1426 4575 1574 4654 debeant3
1594 4579 1738 4656 quodque
1754 4579 1891 4655 Congre-

1144 4672 1227 4747 gatio
1259 4685 1313 4748 pro
1342 4679 1483 4750 tempore
1510 4670 1657 4733 similiter
1687 4671 1889 4732 existentium

1144 4763 1283 4826 eiusdem
1306 4762 1389 4826 SR.
1408 4764 1442 4824 Ε.
1467 4763 1688 4839 cardinalium,
1705 4763 1797 4824 rebus
1819 4763 1890 4825 Pro·

1145 4855 1299 4933 pagandae
1320 4855 1405 4916 Fidei
1426 4857 1688 4934 praepositorum,
1712 4855 1821 4933 quovis
1842 4872 1890 4918 eo·

1144 4945 1209 5006 lore
1232 4946 1390 5008 00103303
1412 4961 1575 5024 nunquam
1596 4961 1706 5007 manus
1735 4963 1889 5026 apponere

1144 5037 1244 5098 valeat
1265 5034 1368 5099 lundis
1390 5053 1445 5099 seu
1467 5038 1648 5116 capitalibus
1670 5039 1765 5116 ipsios
1781 5039 1891 5104 lunda-

1146 5131 1238 5192 tionis
1266 5131 1479 5208 praesentibus
1500 5148 1533 5193 ac
1554 5131 1686 5207 futuris,
1716 5135 1891 5212 annuisque

1145 5217 1254 5288 eorum
1268 5225 1450 5300 redditibus,
1463 5239 1564 5304 neque
1580 5225 1784 5302 praetendere
1798 5243 1891 5305 super

1144 5315 1223 5378 dicta
1234 5317 1416 5380 fundatione
1430 5319 1679 5396 superioritatem
1694 5318 1829 5397 aliquam
1841 5319 1891 5381 vel

1145 5411 1368 5486 directionem,
1396 5413 1448 5472 sed
1470 5412 1621 5474 eiusmodi
1650 5413 1891 5488 congregationi

1146 5505 1357 5570 Cardinalium
1385 5505 1581 5568 solummodo
1609 5513 1762 5584 competat
1789 5523 1822 5568 ac
1844 5523 1892 5568 re-

1145 5607 1303 5660 servatum
1331 5597 1498 5659 00003001
1525 5597 1650 5661 13031030
1681 5599 1889 5676 0033133300,

384 5841 413 5896 (l)
429 5843 466 5885 Ex
480 5841 569 5886 Tabul.
586 5840 704 5886 eiusdem
719 5844 795 5896 cong.
813 5844 907 5886 sacrae
925 5841 1017 5886 Famii.
1041 5841 1129 5891 Quoad
1143 5841 1223 5884 huius
1238 5839 1348 5896 collegii
1369 5841 1467 5886 sortem
1483 5837 1584 5886 3000010
1603 5837 1732 5894 gubernio
1753 5837 1891 5896 indictam,

342 5907 401 5953 vide
415 5919 482 5965 quae
496 5908 529 5954 ad
542 5911 624 5954 const.
640 5911 824 5956 Misericordia
839 5911 884 5952 Det
898 5909 990 5953 Bened.
1006 5911 1068 5952 XIV.
1083 5907 1275 5954 adnotabimus.
