4878 6982
125 1769 234 1824 Species
248 1767 316 1814 laeli.

963 589 1171 642 innocencius
1194 590 1249 642 Xli.

653 716 761 782 xxvi.
1106 733 1108 800 1

338 909 513 987 Goupirmot
535 909 597 970 duo
619 907 742 969 decretu
758 906 905 968 ntiuistri
921 903 1078 985 peuerolis
1106 865 1108 900 ²

376 1004 463 1066 circo
480 1003 657 1080 hospitium
673 1004 707 1063 iu
724 1000 867 1064 coenobio
883 1001 917 1061 de
930 998 1078 1061 Aracaeli
1106 1038 1108 1049 ,

378 1096 414 1159 dc
440 1095 516 1160 Urbe
530 1111 587 1174 pro
608 1097 755 1176 protracto
770 1095 1013 1172 prouinciarum
1028 1091 1081 1154 In-

377 1192 508 1254 diarum
540 1188 793 1252 Occidentaiium
825 1187 955 1251 Ordinis
979 1183 1080 1247 Mico-

378 1301 451 1348 ruru
470 1283 499 1346 S.
518 1281 686 1344 Fruerisci
708 1282 744 1342 de
769 1279 976 1345 Obseruuatic
997 1273 1052 1358 (i).

504 1453 755 1524 thhoefittlttts
776 1453 837 1521 ΡΡ.
855 1452 912 1520 lili.

479 1577 941 1648 mmmmmwm

376 1759 445 1835 gi.
470 1757 590 1835 Exponi
619 1755 707 1816 nobis
735 1769 834 1831 nuper
859 1753 930 1814 iecit
951 1751 1081 1812 dilectus
1108 1782 1109 1791 κ

1136 729 1228 794 super
1248 716 1345 777 honae
1376 715 1545 777 memoriae
1568 714 1661 794 patris
1687 713 1797 776 iuliani
1819 715 1878 778 Ou-
1907 763 1911 770 .

1137 809 1235 872 milies
1256 809 1498 886 praedecessoris
1513 818 1544 871 et
1560 807 1814 870 reverendissimi
1828 823 1881 885 pa-

1137 905 1192 966 tris
1215 905 1341 966 Antonii
1363 905 1400 965 de
1415 903 1553 966 cardona
1575 900 1699 964 actualis
1720 901 1879 962 indiarum

1136 997 1337 1059 commissarii
1360 997 1528 1072 generalis,
1557 1003 1678 1058 maturo
1700 995 1827 1058 oonsilio
1848 1003 1880 1058 et

1137 1105 1261 1152 assensu
1283 1107 1315 1152 ac
1337 1090 1509 1164 voluntate,
1539 1090 1761 1152 habitationem
1781 1089 1880 1168 ipsam

1137 1183 1278 1248 riernoliri
1301 1184 1452 1259 decrevit,
1469 1183 1621 1262 aliamque
1637 1199 1653 1244 a
1667 1181 1880 1246 fundamentis

1138 1277 1167 1337 in
1189 1277 1371 1356 ampliorem
1387 1285 1419 1340 et
1434 1279 1676 1342 commodiorem
1696 1278 1825 1340 iormam
1842 1294 1879 1339 ex

1136 1370 1344 1449 eleemosynis
1372 1371 1553 1434 earumdem
1585 1372 1815 1450 provinciarum
1845 1372 1880 1432 ad

1138 1466 1313 1527 huiusmodi
1345 1465 1492 1528 erectum
1513 1467 1650 1528 collectis
1680 1465 1823 1540 redigere
1850 1471 1881 1526 et

1137 1560 1259 1634 erigere
1276 1561 1449 1638 perpendit.
1474 1560 1603 1634 Verum,
1617 1560 1687 1639 quia
1702 1557 1879 1638 provinciae

1139 1653 1287 1730 praelatae
1309 1654 1522 1732 eleemosynas
1547 1651 1724 1715 huiusmodi
1747 1653 1882 1714 nuliate-

1138 1762 1195 1807 nus
1217 1745 1405 1822 profundere
1429 1746 1608 1823 intendunt,
1633 1747 1692 1808 nisi
1717 1747 1823 1820 etiam,
1845 1753 1884 1814 ut

1803 563 1858 636 {85
1908 571 1962 626 Aa.
1977 573 2006 626 O.
2028 570 2096 624 1698

339 1853 420 1916 tilius
432 1851 574 1913 Nicotaus
589 1851 626 1911 de
642 1849 725 1909 Leon
743 1845 838 1907 irater
852 1861 997 1925 expresse
1012 1859 1082 1922 pro-
1108 1862 1109 1921 p
1139 1853 1191 1915 par
1211 1846 1268 1912 est,
1291 1855 1384 1917 super
1399 1840 1456 1902 hoo
1470 1841 1591 1902 accedat
1613 1856 1790 1914 consensus,
1809 1856 1881 1904 cou-

339 1947 435 2010 iessns
456 1944 633 2024 provinciae
656 1943 701 2006 Ss.
725 1941 792 2004 xit.
817 1939 1033 2018 Apostolorum
1050 1938 1080 1998 in
1108 1924 1110 2016 ζ
1139 1932 1271 1992 firmatio
1292 1941 1323 1994 et
1345 1933 1521 2010 approbatio
1546 1943 1667 1995 vestrae
1689 1935 1881 2012 paternitatis

341 2057 437 2118 regno
470 2037 618 2100 Perusiae
650 2035 771 2098 Ordinis
799 2033 955 2094 hiinorum
978 2030 1080 2094 Sanrrti
1108 2036 1109 2115 q
1139 2027 1428 2100 reverendissimae,
1451 2043 1483 2088 ao
1505 2027 1632 2104 insuper
1658 2027 1738 2104 quod
1761 2042 1880 2088 novum

338 2133 490 2196 Francisci
522 2132 560 2192 de
587 2127 785 2192 Obseruantia
813 2131 1080 2202 nuncupatorum,
1137 2117 1311 2180 aedificium
1333 2120 1462 2196 eiusque
1486 2119 1581 2181 ceilae
1595 2119 1754 2198 perpetuis
1768 2119 1881 2181 tuturis

339 2227 430 2305 quod,
453 2240 525 2286 cum
546 2223 617 2283 aliis
639 2222 703 2299 ipse
726 2220 803 2297 (qui,
824 2226 855 2280 ut
879 2217 997 2291 asserit,
1021 2215 1081 2276 lec·
1108 2235 1110 2311 ss
1139 2211 1328 2289 temporibus
1348 2220 1430 2273 stare
1450 2220 1482 2274 et
1503 2212 1657 2274 inservire
1679 2213 1811 2274 debeant
1826 2221 1881 2289 pro

341 2329 387 2380 tor
419 2317 564 2379 iubilatus
593 2332 626 2376 ac
650 2313 746 2377 Oiiicii
774 2312 980 2390 inquisitionis
1009 2309 1081 2371 dicti
1108 2340 1110 2353 =

338 2412 426 2487 regni
449 2410 655 2489 qualificator,
676 2420 800 2490 necnon
827 2421 933 2467 causae
958 2403 1083 2466 canoni·
1108 2460 1110 2476 ,

340 2505 467 2567 cationis
477 2504 510 2564 B.
522 2501 673 2565 Francisei
686 2499 801 2571 Seiani,
813 2501 887 2560 dum
899 2497 988 2571 vixit,
1002 2497 1082 2558 eius·
1108 2542 1110 2555 .

340 2601 411 2662 dem
432 2595 553 2659 Ordinis
575 2593 766 2672 proiessoris,
790 2593 820 2653 in
841 2593 976 2654 Romani
992 2590 1081 2654 Curii
1109 2576 1110 2600 ¹

340 2697 519 2770 procurator
530 2696 562 2749 et
576 2688 760 2748 secretarius
777 2686 930 2762 generalis
941 2685 1012 2746 dicti
1029 2685 1082 2747 Or·
1109 2684 1110 2693 ’

340 2785 420 2846 dinis
441 2781 559 2858 existit)
573 2797 611 2842 ex
627 2781 834 2858 eleemosynis
852 2779 1081 2858 provinciarum
1109 2802 1110 2811 ¹

340 2876 496 2938 indiarum
518 2873 760 2938 Occidentaiium
784 2872 878 2949 ipsius
893 2871 1014 2934 Ordinis
1029 2874 1083 2930 ho·

339 2971 467 3048 spitium
495 2968 649 3045 quoddam
677 2967 709 3027 in
731 2972 889 3028 conventu
917 2964 946 3027 S.
973 2963 1110 3026 hieriae·

1139 2307 1324 2368 habitatione
1340 2307 1498 2368 dumtaxat
1513 2305 1767 2368 reverendissimi
1787 2305 1881 2382 patris

1137 2399 1338 2460 commissarii
1372 2399 1526 2477 generalis
1547 2400 1702 2461 indiarum
1726 2415 1782 2478 pro
1803 2405 1883 2458 iem-

1137 2509 1211 2571 pore
1233 2500 1264 2552 et
1285 2491 1330 2570 (2)
1352 2493 1533 2570 earumdem
1558 2493 1788 2570 provinciarum
1809 2490 1882 2552 reii-

1138 2588 1303 2664 giosorum‚
1330 2587 1355 2650 si
1383 2594 1414 2648 et
1441 2594 1594 2666 quatenus
1618 2601 1814 2664 quacumque
1843 2585 1880 2644 de

1138 2683 1224 2742 musa
1245 2681 1310 2742 sive
1333 2681 1622 2758 quomodocumque
1648 2678 1777 2740 Romam
1799 2693 1882 2740 acce-

1138 2772 1210 2834 dere
1232 2779 1264 2834 et
1285 2787 1472 2851 permanere
1503 2773 1673 2848 contingat,
1700 2789 1733 2834 ae
1755 2773 1881 2850 iusuper

1137 2867 1219 2943 quod
1240 2866 1414 2928 aediticium
1446 2866 1548 2943 ipsura
1567 2867 1610 2928 sio
1631 2873 1772 2928 erectum
1801 2865 1881 2926 eius-

1138 2959 1304 3038 querellae
1320 2960 1478 3038 perpetuis
1493 2958 1605 3022 tuturis
1620 2959 1811 3038 temporibus
1825 2958 1882 3020 sub

340 3065 377 3125 de
409 3061 546 3125 hracaeii
573 3067 752 3136 nuncupato
781 3059 818 3120 de
845 3059 938 3132 Urbe,
961 3057 1083 3120 Ordinis
1109 3067 1111 3124 t
1138 3053 1209 3116 curi
1231 3060 1263 3114 et
1284 3053 1482 3131 dispositione
1512 3053 1766 3114 reverendissimi
1787 3053 1881 3130 patris

341 3155 528 3228 huiusmodi,
544 3171 600 3232 pro
617 3151 766 3228 religiosis
787 3153 938 3214 dictarum
959 3151 1085 3228 provin·
1109 3174 1111 3227 ;
1138 3145 1338 3207 commissarii
1366 3146 1520 3221 generalis
1541 3146 1699 3209 indiarum
1727 3162 1782 3224 pro
1805 3155 1882 3207 tem-

341 3249 457 3310 ciarum
479 3247 631 3326 privative
647 3247 681 3307 ad
698 3247 771 3306 aiios
786 3253 968 3308 construere
982 3245 1084 3306 inten·
1109 3232 1111 3243 '
1140 3255 1211 3316 pore
1233 3239 1396 3301 existentis
1417 3255 1544 3302 manere
1571 3241 1713 3314 debeant,
1737 3249 1769 3302 et
1790 3240 1823 3302 iu
1845 3257 1882 3302 eo

341 3345 441 3416 deret,
463 3345 559 3420 eaque
576 3341 716 3404 (because
737 3339 908 3401 venerabili
926 3338 1084 3399 iratciBo·
1110 3379 1112 3421 Ξ
1139 3333 1222 3410 (casu
1246 3349 1308 3411 quo
1340 3333 1453 3394 Rornae
1482 3349 1544 3396 non
1573 3337 1716 3397 adessent
1748 3333 1883 3411 religiosi

343 3443 533 3498 narenturae
556 3436 663 3497 Poerio
685 3435 920 3512 archiepiscopo
948 3433 1086 3496 Salerni·
1140 3427 1365 3504 praedictarum
1391 3429 1622 3505 provinciarum
1649 3429 1701 3508 qui
1729 3429 1830 3506 primo
1851 3435 1883 3490 et

343 3539 425 3604 lano,
446 3531 498 3608 qui
522 3539 596 3592 lunc
610 3529 747 3589 ministri
769 3528 922 3604 generalis
943 3527 1083 3589 eiusdem
1142 3521 1350 3600 principaliter
1365 3521 1398 3582 in
1414 3522 1478 3599 ipso
1493 3523 1686 3586 domicilium
1702 3523 1816 3584 hahere
1832 3521 1883 3582 de·

342 3623 464 3687 Ordinis
487 3637 618 3684 manere
641 3621 839 3698 tangebatur,
856 3621 1027 3699 supplicem
1050 3621 1085 3682 li·
1142 3616 1217 3674 irent
1247 3613 1399 3691 privative
1422 3612 1456 3674 ad
1486 3613 1579 3694 aiios)
1610 3616 1716 3676 nulius
1741 3617 1882 3690 animine,

344 3719 460 3780 beilum
475 3731 569 3793 super
580 3715 755 3793 praemissis
767 3715 953 3794 porrexisset
971 3715 1085 3775 tenoris
1111 3736 1113 3784 ς
1141 3707 1275 3768 cuiusvis
1306 3707 1434 3782 matins,
1457 3707 1615 3784 dignitatis
1639 3715 1671 3768 et
1699 3707 1884 3770 conditionis

343 3808 568 3888 misequitur,
592 3806 750 3867 videlicet:
1140 3799 1205 3860 sive
1227 3799 1451 3877 cuiuscumque
1482 3801 1631 3877 nationis,
1664 3800 1796 3862 familiae
1828 3815 1884 3862 seu

161 3911 276 3969 supplex
292 3909 324 3954 u-
383 3901 687 3963 inoverenottsstme
714 3905 807 3978 poter.
833 3899 1007 3978 Epponinae
1028 3899 1084 3960 hu.
1141 3891 1318 3968 provinciae
1342 3893 1392 3967 sit,
1417 3893 1492 3954 inihi
1514 3895 1609 3978 recipi
1638 3897 1744 3973 possit,
1767 3895 1828 3958 nisi
1849 3893 1884 3956 ad

109 3965 325 4074 ῗῖἶῖῗῦςοοῗῗέιῖ
345 3997 462 4058 militer
479 3993 755 4055 reverendissimae
771 3993 947 4070 paternitati
963 4001 1085 4054 vestrae
1141 3985 1287 4048 eiiectum
1309 3985 1485 4048 huiusmodi
1508 3987 1544 4049 ah
1560 3987 1670 4049 eodem
1692 3987 1886 4050 reverendis·-

110 4083 155 4170 ilg⁰
172 4075 325 4181 ffliiifl]
345 4105 399 4168 pro
420 4095 505 4166 parte
528 4087 630 4147 tratris
652 4085 767 4147 Nicoiai
783 4085 820 4147 de
843 4087 939 4159 Leon,
962 4086 1086 4148 lectoris
1112 4082 1114 4096 '
1140 4079 1218 4139 simo
1239 4087 1325 4156 patra
1347 4081 1554 4142 commissario
1573 4083 1711 4157 generati
1727 4083 1884 4144 indiarum

112 4179 180 4240 quoa
196 4180 327 4234 primurn·
345 4183 474 4256 1uhrhtr,
496 4195 596 4242 sacrae
622 4179 833 4257 inquisitionis
855 4179 1085 4258 qualificatcris,
1113 4204 1114 4219 κ
1143 4173 1298 4234 licentiam
1319 4188 1375 4234 seu
1401 4172 1578 4237 facultatem
1600 4177 1632 4237 in
1656 4177 1777 4254 scriptis
1798 4175 1884 4236 exhi-

113 4231 327 4332 ῗῗιᾞῖἓηιαιῗιῗῧῗ
344 4273 517 4337 excustodis
538 4279 569 4333 et
591 4273 700 4350 prioris
721 4273 896 4348 provinciae
919 4273 983 4334 liii.
1009 4275 1086 4349 hpo-
1141 4269 1273 4330 bendum
1296 4266 1483 4330 obtinuerit:
1509 4269 1565 4330 hoc
1580 4268 1683 4348 itaque
1707 4276 1805 4331 totum
1827 4268 1885 4330 hu-

113 4339 327 4447 fflf'fflffi‘ss
344 4369 496 4431 stolorum
519 4365 566 4427 del
588 4364 683 4436 Porri,
708 4365 740 4426 in
762 4367 817 4426 hac
839 4365 974 4426 nomana
994 4365 1087 4428 Curii
1143 4363 1274 4424 miliime
1294 4362 1444 4441 supplicat
1466 4371 1567 4426 orator
1587 4379 1644 4444 per
1664 4364 1885 4443 paternitatem

114 4446 327 4547 ξξῗξξοᾙῆξὲζ
344 4476 450 4524 causae
481 4457 724 4521 canonizationis
751 4457 784 4518 B.
808 4459 961 4520 Francisoi
984 4457 1086 4520 Seiani
1113 4481 1114 4494 ¹
1143 4463 1277 4518 vestram
1305 4455 1597 4520 reverendissimam
1623 4457 1811 4531 confirmari,
1835 4473 1886 4535 ap·

114 4557 142 4600 rii
162 4553 297 4611 generans.
346 4553 559 4634 procuratoris,
576 4559 607 4612 et
619 4551 743 4613 actualis
758 4552 915 4612 secretarii
932 4551 1086 4628 generalis
1113 4542 1115 4611 i
1142 4552 1263 4630 probari
1284 4559 1316 4612 et
1336 4552 1509 4630 respective
1531 4553 1669 4614 mandari
1691 4560 1782 4630 atque
1805 4549 1885 4612 inhi-

344 4647 475 4722 Ordinis‚
492 4646 596 4708 devoti
611 4644 788 4724 paternitati
804 4653 923 4706 vestrae
939 4661 1087 4708 reveren·
1114 4672 1115 4721 1
1145 4645 1226 4723 beri3
1249 4662 1282 4706 ac
1304 4645 1444 4724 insuper,
1467 4661 1522 4723 pro
1544 4643 1652 4706 maiori
1674 4645 1785 4707 horum
1805 4644 1885 4707 uoti-

344 4741 484 4805 dissimae
500 4739 638 4813 oratoris,
651 4739 794 4817 qualiter,
807 4739 931 4800 ruinam
946 4739 1086 4802 minante
1113 4724 1115 4810 l
1144 4741 1193 4814 tta,
1216 4737 1410 4800 observantia
1431 4747 1462 4800 et
1483 4740 1680 4815 executione,
1704 4741 1780 4818 petit
1803 4739 1885 4802 idem

344 4845 376 4898 et
396 4851 436 4896 er
457 4835 512 4897 hac
533 4835 620 4896 causi
641 4834 678 4895 ab
695 4832 861 4895 architecto
883 4835 1041 4911 recogniti
1056 4841 1087 4896 et
1113 4820 1115 4863 ⁴
1142 4841 1244 4894 orator
1258 4847 1273 4891 a
1289 4833 1390 4894 vestra
1411 4833 1598 4910 paternitate
1610 4833 1884 4909 reverendissima,
1943 4869 1950 4878 ·

345 4945 418 4991 vere
450 4927 577 4991 ruinose
605 4935 637 4989 et
657 4927 828 4989 collabente
858 4929 980 5006 reperti
1011 4927 1087 4990 celii
1113 4945 1115 4989 r
1143 4933 1295 5004 quatenns
1316 4929 1465 5003 dignetur
1484 4929 1669 5006 permittere
1685 4930 1884 5004 eimundus,

344 5039 421 5102 quae
444 5041 459 5084 a
480 5023 705 5101 quinquaginta
726 5024 815 5084 annis
832 5033 864 5084 et
887 5024 966 5086 ultra
989 5025 1086 5086 inser·
1143 5025 1177 5082 ut
1198 5019 1300 5083 eidem
1320 5021 1503 5082 habitationi
1518 5022 1584 5082 sive
1600 5023 1732 5101 hospitio
1748 5022 1821 5100 lapis
1836 5039 1886 5084 su·

345 5118 443 5180 vierat
464 5124 496 5178 et
517 5131 614 5193 usque
637 5117 728 5178 modo
750 5116 879 5177 inservit
896 5131 950 5194 pro
973 5118 1088 5179 habita·
1143 5115 1375 5193 perimponatur
1403 5129 1474 5175 carn
1500 5116 1644 5194 sequenti
1671 5115 1884 5194 inscriptione,

345 5213 428 5274 tione
449 5210 655 5289 procuratoris
669 5225 725 5286 pro
746 5217 885 5286 ternpore
896 5211 1087 5288 supradictae
1142 5209 1166 5269 si
1188 5208 1228 5269 ita
1255 5207 1288 5268 in
1317 5207 1447 5269 Domino
1474 5207 1532 5270 sihi
1564 5208 1748 5272 benevisum
1777 5207 1882 5270 tuerit.

344 5319 450 5367 causae
466 5303 499 5365 B.
516 5303 668 5365 Francisoi
690 5301 805 5378 Seiani,
822 5303 902 5380 quod
924 5309 1023 5365 totum
1038 5319 1087 5365 re·
1113 5301 1115 5385 ζ
1142 5303 1237 5377 Quod,
1260 5308 1319 5363 eto.

345 5397 588 5482 verendissimae
604 5395 782 5475 paternitati
803 5403 923 5458 vestrae
940 5405 1035 5474 patet,
1051 5397 1086 5457 ad
1110 5393 1123 5440 t

344 5491 586 5570 praecavendam
607 5489 786 5551 huiusmodi
813 5488 1009 5551 habitationis
1031 5489 1087 5550 im·
1113 5477 1116 5555 l
1183 5491 1373 5567 inscriptio:
1401 5488 1446 5552 Ne
1468 5489 1663 5551 habitationis
1689 5490 1792 5568 inopie
1813 5490 1885 5552 reli·

345 5584 521 5646 minentem
552 5583 694 5657 ruinam,
723 5588 842 5656 orator,
867 5581 969 5644 habito
994 5599 1088 5662 super
1114 5586 1116 5666 l
1143 5584 1218 5662 giosi
1240 5599 1279 5645 ex
1301 5583 1394 5645 iudiis
1420 5583 1663 5646 Occidentalibus
1688 5583 1818 5645 Romam
1840 5601 1885 5646 ac-

345 5678 412 5752 hoc‚
436 5677 552 5740 nedum
573 5674 725 5754 praefatae
740 5691 812 5737 suae
831 5675 1018 5754 provinciae,
1033 5677 1086 5737 sed
1114 5685 1116 5761 l
1142 5677 1288 5738 cedentes
1310 5677 1383 5738 hinc
1403 5675 1476 5738 inde
1492 5677 1596 5754 vagari
1614 5683 1814 5753 cogerentur,
1837 5678 1887 5739 ad-

344 5779 377 5833 et
398 5769 528 5832 aliarum
549 5769 790 5834 Occidentaiium
811 5769 1025 5843 indiarum,ac
1040 5769 1087 5830 in·
1114 5774 1116 5844 ζ
1144 5769 1476 5832 modumreverendus
1491 5767 1720 5833 P.F.Nieoiaus
1735 5770 1772 5832 de
1788 5771 1885 5846 Leon,

386 5983 415 6041 lt)
431 5983 468 6027 iix
482 5983 586 6038 Regest.
602 5981 629 6026 in
645 5983 719 6028 arch.
735 5983 807 6026 Beer.
1113 5985 1117 6038 1
1184 5983 1212 6039 (2)
1229 5981 1362 6029 coniunct.
1378 5989 1402 6028 et
1415 5994 1463 6030 uos
1477 5983 1606 6030 addimus.

452 6105 504 6154 tur.
521 6105 588 6152 l‘out.
603 6103 635 6152 de
651 6105 723 6166 Prop.
739 6105 801 6152 Fide
814 6106 896 6153 Partis
911 6108 928 6152 1.
944 6105 998 6152 voi.
1014 6109 1043 6154 ll.
