4878 6982
122 2817 262 2864 interdieta
275 2819 313 2864 13-

101 2872 313 2928 33113313131313-

101 2925 313 3026 fflictdispen-

134 3849 283 3898 clausulae

956 541 1164 590 lvuocttlvrlu's
1186 545 1242 590 xll.

328 665 498 740 dumtaxat,
511 664 562 728 vel
572 679 841 744 quorumcumque
853 660 1071 726 ecclesiastico·

328 777 399 825 rum
416 768 446 823 et
465 760 614 824 laicorum
638 760 816 822 huiusmodi
840 757 964 820 mixtim
989 771 1072 818 com-

328 851 1072 930 mendata,annexaseuquomodocumquecom-

328 949 420 1012 missa
431 948 482 1010 vel
496 948 641 1010 attributa
657 946 744 1022 sunt)
764 962 843 1008 onus
863 961 917 1006 seu
938 959 1009 1006 cura
1024 959 1071 1004 ce·

329 1042 507 1106 lebrationis
518 1041 694 1113 missarum,
709 1039 774 1103 sive
789 1038 992 1110 manualium,
1005 1035 1071 1096 sive

329 1137 365 1198 ad
378 1144 511 1213 tempus,
523 1134 573 1196 vel
584 1134 616 1196 in
628 1141 814 1212 perpetuum
826 1133 970 1211 pertinet:
985 1130 1069 1201 11133,

328 1229 422 1292 salvis
435 1245 557 1308 semper
568 1229 616 1302 113,
624 1243 703 1307 3333
713 1228 745 1290 in
756 1225 954 1305 praeinsertis
969 1224 1070 1286 decre-

330 1323 599 1397 11333311333131,
622 1338 730 1383 omnes
750 1327 782 1382 et
802 1320 990 1398 quicumque
1014 1319 1072 1380 bu-

329 1415 462 1479 iusmodi
476 1413 861 1487 archiconiraternitatum,
876 1413 1070 1485 societatum,

329 1509 624 1587 congregationum,
658 1507 876 1586 hospitalium,
908 1506 1070 1580 altarium,

330 1601 554 1682 cappellarum,
577 1601 783 1664 oratoriorum
804 1610 836 1663 31
860 1601 1070 1673 333133131313,

330 1713 364 1758 33
383 1695 666 1758 3113131313331331
682 1703 713 1758 31
727 1709 857 1774 3331313
872 1695 993 1772 3131313
1009 1710 1071 1755 133-

330 1799 412 1853 tores
426 1807 482 1852 seu
503 1790 764 1852 administratores
778 1790 830 1850 vel
850 1789 1028 1863 directores,
1041 1797 1072 1850 31

330 1885 380 1946 3111
396 1883 575 1946 huiusmodi
590 1881 743 1958 officiales,
760 1899 882 1945 necnon
898 1884 929 1958 ii,
945 1883 981 1944 ad
997 1899 1072 1959 quos

331 1993 401 2040 cura
415 1975 543 2038 tabellae
557 1983 588 2038 et
603 1975 753 2038 librorum
766 1975 796 2040 in
810 1976 983 2053 praemissis
992 1991 1073 2054 spec-

330 2077 386 2144 tat,
408 2069 592 2134 tabellarum
619 2069 712 2130 libros
732 2076 762 2130 et
784 2069 858 2132 haec
885 2069 1004 2130 decreta
1027 2086 1073 2130 re-

330 2165 477 2242 spective,
499 2165 583 2226 iuxta
604 2165 710 2226 modos
733 2163 875 2242 superius
896 2177 1071 2240 expressos,

331 2257 476 2338 3113111131
497 2258 644 2331 13113313,
671 2272 794 2318 necnon
815 2255 852 2316 de
874 2255 1019 2316 oneribus
1040 2273 1073 2318 ac

330 2350 587 2412 celebrationibus
621 2359 652 2412 et
682 2349 888 2427 eleemosynis
922 2349 1073 2411 dictarum

332 2444 496 2506 missarum
515 2444 645 2520 singulis
660 2444 748 2506 33313
768 2444 922 2506 rationem
936 2443 1072 2519 exigere,

331 2543 363 2598 et
378 2537 549 2616 respective
564 2538 611 2611 iis,
628 2539 665 2600 ad
679 2553 755 2616 qnos
770 2537 918 2615 pertinet,
934 2537 1072 2610 reddere,

330 2629 388 2692 snb
409 2631 514 2708 poenis
535 2631 673 2706 arbitrio,
696 2639 738 2706 et,
760 2631 793 2692 in
815 2630 1000 2704 subsidium,
1023 2645 1075 2691 ex·

331 2725 630 2800 communicationis,
653 2732 828 2786 teneantur.

373 2835 443 2881 11111.
466 2819 625 2882 Postremo
652 2821 796 2882 omnibus
818 2829 848 2882 et
876 2821 1075 2900 quibuscum-

331 2933 393 2996 que
414 2925 476 2980 tam
497 2917 707 2980 ecclesiasticis
728 2917 878 2996 personis,
901 2917 1074 2979 cuiuscum-

331 3027 393 3090 que
413 3011 547 3084 0rdinis,
567 3018 675 3085 status,
698 3013 820 3087 gradus,
843 3009 980 3089 regulae,
1002 3025 1074 3073 con-

332 3103 532 3181 gregationis,
547 3104 711 3178 societatis,
727 3103 911 3166 conditionis
929 3113 960 3165 et
974 3103 1076 3180 digni·

332 3197 402 3260 tatis
415 3197 561 3272 existant,
574 3213 666 3276 quana
678 3198 761 3260 laicis
772 3213 968 3276 quocumque
978 3198 1075 3259 bono

332 3307 367 3352 re
387 3298 417 3352 et
438 3299 588 3369 potestate
605 3291 760 3368 praeditis,
776 3292 880 3352 omnia
901 3300 932 3352 et
952 3290 1075 3367 singula

331 3385 496 3462 praemissa
510 3383 630 3448 decreta
644 3384 879 3462 interpretandi,
893 3399 1014 3446 necnon
1028 3399 1076 3446 33-

332 3479 505 3542 313313311313
522 3479 683 3558 praedictis
709 3494 822 3557 poenas
843 3477 877 3539 in
898 3478 1075 3542 huiusmodi

333 3572 461 3634 decretis
483 3572 650 3648 relaxandi,
675 3589 730 3634 seu
756 3574 972 3650 quoquomodo
997 3573 1075 3634 circa

333 3665 496 3744 praemissa
518 3664 723 3744 dispensandi,
747 3666 847 3727 omnis
865 3673 1076 3744 3133333331-

333 3775 393 3838 que
415 3759 600 3822 13331133311
622 3759 744 3837 penitus
766 3757 937 3821 interdicta.

372 3851 481 3914 »Non
507 3852 714 3926 obstantibus,
744 3855 841 3930 quoad
873 3855 1076 3932 suprascripta

333 3950 437 4013 omnia
464 3957 495 4010 et
522 3949 644 4026 singula
672 3951 704 4011 13
737 3951 915 4012 buiusmodi
945 3951 1076 4012 decretis

333 4049 488 4117 contenta,
501 4043 771 4105 constitutionibus
786 4052 817 4104 et
831 4044 1076 4106 ordinationibus

333 4138 504 4218 apostolicis
522 4137 554 4198 in
576 4137 713 4198 lavorem
724 4153 994 4215 quarumcumque
1009 4153 1078 4216 per-

333 4247 497 4306 sonarum,
520 4237 612 4309 atquo
639 4229 790 4292 Ordinum
812 4238 874 4291 tam
902 4231 1075 4294 1133111333-

335 4327 413 4388 tium
427 4341 520 4404 quam
536 4341 598 4387 non
610 4324 863 4399 mendicantium,
879 4325 1074 4398 militiarum,

333 4418 426 4480 etiam
455 4418 557 4480 Sancti
585 4417 706 4480 loannis
737 4416 1018 4495 Hierosolymitani,
1046 4425 1077 4478 et

334 4511 621 4588 congregationum,
643 4510 836 4586 societatum,
859 4527 891 4572 33
912 4511 1077 4572 cuiuslibet

334 4605 460 4666 alterius
482 4604 634 4678 instituti,
664 4605 758 4666 etiam
783 4606 969 4680 necessario,
993 4613 1024 4666 et
1045 4605 1077 4666 in

335 4699 494 4760 individuo
516 4699 722 4776 exprimendi,
745 4698 957 4773 ecclesiarum,
972 4715 1078 4760 mona·

333 4793 518 4868 3131131331,
539 4799 770 4866 conventuum,
793 4791 1008 4868 collegiorum,
1030 4811 1076 4855 ca·

334 4886 523 4964 pitulornm,
546 4885 761 4965 hospitalium,
787 4887 1076 4949 confraternitatum

333 4987 365 5041 et
375 4979 507 5042 aliorum
518 4995 788 5057 quorumcumque
799 4987 863 5040 tam
873 4980 1077 5043 saecularium

334 5089 428 5152 quam
439 5073 630 5149 regularium
642 5073 791 5147 locorum,
804 5089 925 5135 necnon
937 5073 1076 5148 illorum,

334 5169 429 5230 etiam
444 5167 630 5241 iuramento,
652 5167 888 5244 confirmatione
902 5167 1076 5246 apostolica,

335 5262 384 5324 vel
405 5263 513 5340 quavis
540 5262 687 5322 firmitate
712 5259 874 5335 roboratis,
903 5261 1025 5322 statutis
1046 5269 1077 5322 et

335 5355 626 5430 consuetudinibus,
651 5356 743 5416 etiam
767 5354 1075 5428 immemorabilibus‚

334 5449 505 5526 privilegiis
525 5465 660 5527 quoque,
683 5447 810 5510 indultis
831 5455 862 5509 et
883 5447 994 5508 litteris
1008 5461 1078 5524 apo-

335 5543 461 5617 stolicis,
474 5544 568 5604 etiam
589 5540 674 5606 111311
698 5540 813 5621 Magno
834 5557 888 5602 seu
905 5539 1003 5602 Buttct
1019 5556 1076 5601 ott·

336 5636 391 5699 red
412 5647 464 5699 aut
485 5637 557 5698 aliis
579 5638 774 5714 3333333113,
797 5635 854 5696 sub
878 5635 1078 5713 quibuscum·

336 5747 397 5808 que
419 5731 578 5793 tenoribus
596 5737 627 5791 et
649 5730 766 5802 1313113,
781 5747 813 5792 33
829 5746 900 5791 3313
918 5729 1077 5808 quibusvis

1125 663 1219 724 etiam
1239 663 1503 741 derogatoriarnm
1524 663 1738 744 derogatorib,
1768 671 1799 728 31
1821 665 1867 728 13-

1125 757 1222 818 3311113
1240 757 1394 834 clausulis,
1412 774 1533 822 333333
1551 759 1745 822 irritantibus
1766 761 1870 822 decre·

1127 849 1176 924 tis,
1198 851 1290 912 etiam
1312 859 1399 914 motu
1420 853 1554 932 proprio,
1571 859 1601 914 et
1616 870 1655 914 ex
1669 855 1750 915 certa
1771 853 1869 916 scien-

1126 941 1178 1018 tia,
1194 960 1227 1004 ac
1241 943 1279 1005 de
1293 946 1472 1022 apostolicae
1488 947 1645 1024 potestatis
1660 947 1867 1024 plenitudine,

1126 1046 1178 1098 aut
1200 1037 1273 1098 alias
1303 1039 1550 1116 quomodolibet,
1580 1040 1672 1102 etiam
1703 1056 1758 1118 per
1785 1041 1868 1102 riam

1126 1132 1412 1194 communicationis
1431 1149 1486 1194 seu
1506 1133 1707 1207 extensionis,
1719 1133 1869 1196 concessis

1125 1229 1157 1284 et
1177 1223 1294 1284 iteratis
1316 1225 1433 1288 vicibus
1454 1228 1624 1306 approbatis
1646 1235 1676 1289 et
1700 1227 1867 1301 innovatis,

1127 1315 1246 1378 etiamsi
1267 1333 1322 1397 pro
1343 1319 1469 1382 illorum
1490 1321 1655 1384 sufficienti
1670 1321 1869 1398 derogatione

1127 1410 1164 1470 de
1180 1410 1239 1472 illis
1261 1427 1432 1492 eorumque
1447 1414 1517 1476 totis
1539 1416 1699 1478 tenoribus
1714 1423 1744 1476 et
1762 1413 1869 1476 1311313

1127 1505 1263 1583 333313113
1283 1513 1315 1568 31
1337 1507 1496 1570 individua
1517 1525 1551 1570 33
1572 1509 1609 1570 de
1627 1510 1722 1571 verbo
1744 1510 1779 1570 ad
1801 1525 1869 1570 ver·

1128 1597 1218 1672 bum,
1242 1608 1433 1662 nouantem
1460 1618 1515 1680 per
1539 1602 1688 1664 clausulas
1710 1603 1870 1678 generales

1127 1692 1256 1767 mentio,
1273 1709 1327 1754 seu
1343 1694 1469 1772 quaevis
1480 1693 1535 1756 3113
1551 1697 1707 1774 expressio
1718 1697 1868 1770 habenda,

1128 1793 1180 1846 aut
1211 1785 1311 1864 aliqua
1336 1787 1393 1848 alia
1418 1789 1569 1865 exquisita
1591 1788 1689 1851 iorrna
1720 1789 1869 1851 servanda

1128 1887 1218 1952 33331,
1242 1887 1365 1942 tenores
1393 1881 1587 1957 huiusmodi,
1610 1883 1688 1942 acsi
1710 1883 1747 1945 de
1775 1883 1869 1944 verbo

1128 1971 1322 2048 adverbum,
1346 1973 1425 2036 nibil
1446 1975 1570 2052 penitus
1591 1975 1714 2050 omisso,
1728 1984 1758 2037 et
1772 1975 1871 2037 131311

1129 2065 1161 2126 13
1190 2065 1249 2126 11113
1282 2067 1391 2130 tradita
1422 2068 1596 2144 observati,
1627 2069 1735 2131 inserti
1767 2069 1871 2131 131331

1129 2159 1341 2236 praesentibus
1361 2159 1407 2241 (1)
1428 2162 1642 2236 adversantur,
1660 2162 1721 2224 illis
1742 2163 1815 2224 alias
1837 2163 1869 2224 in

1128 2266 1184 2312 suo
1205 2252 1315 2314 robore
1340 2253 1567 2330 permansuris,
1589 2271 1672 2316 33313
1695 2257 1870 2332 congrega·

1130 2343 1183 2419 tio,
1207 2343 1474 2410 SanctitatisSuae
1488 2347 1679 2424 auctoritate,
1700 2349 1872 2426 specialiter

1129 2445 1160 2499 et
1180 2454 1323 2516 expresse
1344 2441 1485 2518 derogat3
1512 2443 1682 2520 ceterisque
1710 2443 1872 2505 contrariis

1128 2531 1386 2611 quibuscumque.

1169 2640 1282 2701 Datum
1296 2640 1420 2716 Rornae,
1439 2644 1488 2705 die
1506 2658 1599 2704 xxm.
1618 2659 1691 2706 nov.
1703 2661 1867 2708 nuoxovrr.

1183 2761 1295 2824 losaru
1311 2765 1397 2826 Gard.
1417 2765 1651 2842 Sacnrraxres,
1669 2767 1849 2847 praelectus.

1369 2889 1598 2952 Fannrrvaunus
1619 2889 1760 2952 Nuurrus

1282 2979 1390 3045 Sacrae
1404 2985 1589 3062 congregat.
1605 2985 1785 3050 secretarius
1801 3003 1828 3044 1.

1169 3104 1237 3177 52.
1260 3103 1420 3179 Quocirca,
1448 3121 1520 3166 cum
1551 3105 1680 3168 dilectus
1709 3108 1791 3172 filius
1817 3123 1873 3170 no-
1891 3109 2101 3213 mgffiaiscontr·

1129 3203 1193 3258 ster
1214 3195 1320 3276 loseph
1342 3197 1424 3260 tituli
1448 3199 1478 3262 S.
1502 3199 1613 3261 llariae
1628 3201 1871 3280 'lranspontinae

1132 3289 1162 3352 S.
1179 3291 1215 3351 ll.
1234 3291 1268 3351 li.
1293 3291 1454 3370 presbyter
1481 3293 1646 3355 cardinalis
1668 3295 1870 3374 Sacripantes,

1130 3393 1317 3446 memoratae
1328 3385 1584 3463 congregationis
1596 3388 1872 3467 praelectus,prae·

1131 3475 1189 3538 1313
1210 3479 1329 3540 decreta
1351 3480 1439 3541 nobis
1461 3481 1621 3556 retulerit,
1645 3498 1712 3557 nos,
1735 3484 1874 3545 conside·

1131 3577 1234 3632 rantes
1255 3571 1361 3633 eadem
1376 3581 1406 3634 et
1424 3575 1547 3651 singula
1567 3575 1671 3638 omnia
1692 3577 1823 3652 decreta,
1841 3579 1873 3640 31

1131 3679 1191 3740 qna
1212 3665 1298 3727 decet
1313 3667 1492 3730 maturitate
1512 3669 1627 3745 digesta
1643 3679 1673 3732 et
1688 3671 1871 3745 examinata,

1131 3758 1218 3818 acin
1245 3759 1310 3820 vim
1335 3761 1517 3838 apostolicae
1543 3765 1749 3838 auctoritatis,
1773 3765 1871 3826 eidem

1132 3850 1371 3929 Congregationi
1390 3855 1562 3932 specialiter
1582 3865 1617 3918 ut
1637 3857 1809 3935 praefertur
1830 3867 1873 3919 31-

1132 3945 1276 4030 tributae,
1300 3957 1430 4024 peracta,
1454 3949 1595 4027 perutilia
1613 3950 1677 4012 iore
1698 3961 1872 4027 censentes,

1132 4038 1245 4116 illaque
1266 4048 1426 4118 propterea
1448 4050 1597 4120 perpetuo
1610 4051 1642 4104 et
1656 4043 1874 4107 inviolabiliter

1132 4133 1304 4210 observari,
1337 4151 1458 4198 3331133
1490 4139 1719 4202 constitutionis
1751 4149 1874 4204 nostrae

1131 4228 1308 4290 munimine
1320 4229 1464 4292 roborare
1475 4231 1626 4307 volentes,
1640 4241 1727 4296 motu
1740 4236 1872 4314 proprio,

1132 4335 1194 4380 non
1216 4319 1253 4380 ad
1274 4321 1455 4400 cuiusquam
1472 4324 1560 4384 nobis
1580 4341 1672 4402 super
1686 4327 1744 4388 boc
1758 4327 1875 4389 oblatae

1132 4413 1289 4490 petitionis
1301 4413 1490 4490 instantiam,
1503 4419 1554 4479 sed
1566 4433 1603 4478 ex
1614 4420 1696 4480 331131
1707 4419 1834 4481 scientia
1845 4428 1875 4481 31

1133 4508 1252 4570 maturi
1266 4509 1498 4586 deliberatione,
1514 4511 1613 4590 deque
1628 4513 1808 4591 apostolicae
1823 4529 1875 4591 po-

1133 4601 1247 4662 testatis
1262 4601 1467 4679 plenitudine,
1481 4605 1595 4667 inserta
1610 4605 1742 4682 decreta,
1758 4607 1875 4668 omnia·

1132 4711 1193 4774 que
1207 4703 1237 4756 et
1251 4695 1372 4771 singula
1385 4697 1417 4758 in
1430 4698 1473 4758 eis
1494 4707 1649 4774 33313313,
1667 4707 1774 4762 133313
1789 4717 1874 4778 3133-

1131 4789 1279 4864 33311331,
1301 4791 1483 4854 33313111313
1510 4793 1687 4869 apostolici,
1710 4795 1874 4856 confirma·

1132 4891 1247 4944 133331
1268 4885 1483 4962 approbamus,
1500 4885 1621 4964 illisque
1642 4887 1828 4950 inviolabilis
1843 4896 1874 4950 et

1132 4975 1349 5054 irrefragabilis
1363 4979 1543 5057 apostolicae
1566 4981 1720 5044 firmitatis
1734 4983 1828 5044 robur
1843 4991 1874 5044 et

1133 5069 1296 5131 efficaciam
1311 5072 1487 5148 adiicimus3
1500 5073 1653 5150 quinimo,
1666 5076 1875 5150 3131333133-

1133 5165 1183 5242 tia,
1206 5165 1426 5228 deliberatione
1448 5182 1480 5228 33
1501 5169 1658 5244 3313313113
1680 5167 1874 5246 plenitudine

1131 5260 1295 5334 similibus,
1317 5259 1420 5321 omnia
1441 5267 1472 5322 et
1492 5261 1624 5337 singula,
1641 5262 1672 5322 in
1694 5263 1873 5339 supradictis

1132 5353 1262 5414 decretis
1282 5361 1437 5427 contenta,
1462 5355 1499 5415 de
1520 5369 1601 5414 novo
1622 5355 1797 5429 statuimus,
1823 5355 1875 5418 de-

1132 5446 1288 5508 cernimus
1310 5454 1340 5507 et
1361 5447 1549 5520 ordinamus,
1572 5448 1663 5509 acab
1684 5449 1828 5510 omnibus
1843 5457 1873 5510 et

1132 5539 1389 5616 quibuscumque,
1407 5539 1499 5602 311313
1520 5540 1643 5618 33331311
1665 5549 1695 5603 31
1716 5542 1874 5604 individui

1133 5636 1204 5694 notai
1216 5632 1329 5708 dignis,
1345 5632 1473 5694 3133133
1489 5644 1594 5696 313313
1608 5643 1638 5696 31
1650 5643 1799 5713 33133133
1813 5651 1875 5698 331·

1132 5727 1197 5787 vari
1219 5727 1376 5801 volumus,
1398 5727 1554 5790 sancimus
1575 5735 1606 5789 et
1628 5731 1819 5792 mandamus.

377 5945 406 6000 ll)
421 5943 488 5990 radit.
505 5945 600 5992 1311113.
616 5943 1020 5998 33311313333131331133313,
1038 5947 1134 5997 qulbus
1149 5946 1282 5996 31133333
1297 5953 1365 5995 quae
1375 5943 1569 5996 praecentibus.

1794 525 1847 588 lul
1899 519 1952 575 An.
1967 522 1996 574 O.
2019 521 2086 574 1697
