4880 6982
1013 553 1153 601 cratinus
1174 551 1219 600 ιιι.
1323 509 1325 514 ¹
1812 533 1869 600 att
1921 535 1974 588 An.
1989 537 2018 590 O·
2040 537 2109 594 1710

348 681 380 736 et
401 675 554 750 obtinere,
570 692 603 738 ac
619 673 690 749 illis,
713 673 748 736 ad
764 691 839 753 quos
860 680 975 754 spectat
990 681 1020 735 et
1036 689 1090 752 pro
1117 671 1120 761 i
1146 675 1278 736 stianam
1306 675 1399 738 fidem
1432 673 1674 752 catholicamque
1705 672 1890 751 religionem

350 777 488 846 tempore
499 770 756 848 quandocumque
770 769 927 848 spectabit,
944 769 976 830 in
993 769 1092 830 omoi-
1118 764 1120 851 ξ
1147 769 1372 846 propagandam
1385 768 1526 830 mittendi
1542 775 1714 846 opportune
1726 767 1890 830 instituan-

350 863 405 924 bus
427 871 457 924 et
479 863 656 942 peremnia
678 863 857 941 plenissime
873 862 1045 939 suffragari,
1060 869 1092 924 et
1118 858 1121 937 l
1149 867 1211 934 tur,
1232 860 1346 924 salubri
1369 862 1535 924 directione
1562 860 1704 940 felicique
1725 875 1890 940 progressu

349 957 386 1018 ab
407 957 451 1018 eis
477 957 647 1035 respective
670 957 889 1020 inviolabiliter
914 956 1091 1029 observari,
1118 946 1121 1047 l
1148 953 1314 1016 constituta
1329 969 1394 1016 esse
1409 961 1593 1028 noscuntur,
1610 971 1671 1033 quo
1686 955 1806 1016 firmius
1820 955 1890 1017 snb·

350 1049 454 1128 sicque
477 1049 509 1131 ip
531 1050 705 1130 praemissis
726 1067 781 1129 per
808 1066 1020 1129 quoscumque
1047 1051 1094 1110 iu-
1119 1054 1121 1111 Ξ
1148 1046 1257 1108 sistant
1272 1055 1302 1108 et
1316 1054 1483 1108 serventur
1494 1047 1639 1121 exactius,
1652 1047 1807 1124 apostolici
1822 1065 1891 1128 mu-

350 1142 431 1205 dices
455 1143 625 1205 ordinarios
645 1151 677 1204 et
695 1143 861 1220 delegatos,
878 1145 971 1206 etiam
992 1160 1093 1205 cansa·
1120 1186 1121 1221 ,
1149 1139 1280 1202 niminis
1301 1140 1504 1216 adiungamus
1526 1139 1716 1202 firmitatem.

351 1251 422 1298 rum
437 1235 539 1315 palatii
561 1237 717 1315 apostolici
739 1238 905 1312 auditores,
922 1237 1048 1300 indicari
1064 1228 1122 1298 etl
1190 1233 1218 1306 5.
1244 1233 1270 1293 l.
1294 1232 1375 1295 Alias
1403 1233 1556 1312 siquidem
1583 1251 1656 1310 nos,
1679 1234 1763 1297 iuxta
1788 1236 1890 1298 decre·
1936 1245 2031 1308 nycetio
2050 1243 2122 1292 semt-

350 1331 472 1394 dellniri
488 1330 615 1407 debere;
631 1348 664 1393 ac
679 1331 802 1392 irritum
816 1340 846 1392 et
861 1331 952 1392 inane
966 1331 991 1392 si
1007 1347 1094 1392 secus
1121 1368 1123 1411 ,
1151 1335 1217 1388 tum
1239 1328 1320 1405 quod
1342 1327 1437 1406 prius,
1457 1343 1571 1406 nempe
1591 1329 1623 1389 in
1646 1329 1891 1406 congregatione
1911 1308 2040 1397 iiiiii?
2067 1297 2123 1396 iii-

350 1439 443 1502 super
457 1425 504 1484 his
527 1441 542 1485 a
571 1441 738 1503 quoquam,
766 1425 873 1502 quavis
902 1425 1094 1497 auctoritate,
1121 1418 1124 1461 l
1152 1419 1365 1482 venerablium
1386 1419 1516 1483 iratrum
1539 1429 1719 1484 nostrorum
1741 1421 1772 1484 S.
1795 1422 1830 1484 n.
1855 1423 1889 1484 Ε.
1911 1409 2017 1504 filim
2057 1409 2124 1450 ⁰⁰¹¹·

351 1517 483 1578 scienter
509 1518 559 1579 vel
586 1518 780 1594 ignoranter,
809 1517 975 1594 contigerit
997 1525 1095 1578 atten—
1122 1491 1124 1553 l
1154 1513 1363 1576 Cardinalium
1399 1515 1532 1592 negotiis
1566 1515 1780 1594 Propagandae
1808 1516 1892 1578 Fidei

354 1611 420 1670 tari.
1123 1591 1397 1685 *praepositorum
1429 1610 1478 1670 die
1504 1625 1551 1669 ιιι.
1582 1609 1715 1672 octobris
1746 1626 1891 1672 noccvn.

101 1708 332 1802 dffontrarlorum
391 1703 410 1777 5
430 1703 459 1766 lp,
484 1703 553 1766 Non
574 1705 765 1768 obstantibus
779 1705 1052 1768 constitutionibus
1067 1712 1098 1766 el
1152 1715 1254 1760 coram
1281 1701 1369 1762 nobis
1398 1701 1517 1778 habim,
1542 1703 1752 1776 edideramuS,
1776 1703 1893 1766 dilectis

122 1765 262 1815 “⁰⁶³tw'
352 1795 790 1877 ordinationibusapostolicis,
803 1806 1098 1876 ac,quatenusopus
1124 1771 1126 1810 ¹
1154 1793 1440 1872 liliisquorumdam
1456 1797 1832 1874 religiosoranrdinum
1845 1814 1894 1862 su·

352 1891 402 1964 sit,
425 1891 551 1970 praelati
572 1899 744 1954 conventus
766 1892 945 1967 assisiensis,
962 1899 993 1954 et
1015 1891 1098 1952 illius
1125 1866 1127 1957 Ι
1154 1887 1327 1964 perioribns
1357 1889 1588 1967 praecepimuS‚
1623 1898 1657 1952 ut
1684 1891 1830 1966 omnino,
1862 1909 1894 1953 ac

353 1984 484 2059 Ordinis,
498 1985 628 2064 aliisque
642 1985 813 2064 quibusvis,
828 1985 918 2048 etiam
942 1986 1100 2048 iuramen-
1125 1970 1127 2038 l
1154 1980 1398 2057 quamprimum,
1421 1997 1476 2042 sno
1497 1983 1612 2060 quique
1634 1984 1666 2044 in
1688 1982 1802 2046 Ordine
1823 2001 1896 2046 con-

356 2085 397 2152 to,
419 2079 655 2140 confirmatione
670 2079 843 2158 apostolica,
860 2079 909 2140 vel
925 2079 1032 2158 quavis
1048 2080 1099 2140 ltr-
1125 2058 1127 2141 Ῐ
1155 2079 1287 2134 venium
1306 2074 1442 2151 aliquem
1463 2075 1560 2137 veluti
1576 2093 1632 2155 pro
1642 2077 1809 2138 seminario
1824 2077 1897 2138 mis·

353 2171 459 2233 nitate
484 2171 541 2233 atta
562 2172 721 2247 roborans,
738 2174 860 2234 statutis
882 2181 913 2235 et
934 2180 1098 2234 consueta·
1126 2155 1128 2225 l
1154 2165 1372 2241 stonartorum,
1396 2167 1430 2228 au
1459 2167 1554 2230 instar
1582 2169 1821 2232 semianimum
1841 2187 1894 2234 seu

354 2265 491 2339 dinibus,
514 2265 749 2340 stabilimentis,
779 2266 884 2328 usibus
904 2273 936 2327 et
958 2264 1097 2340 naturis,
1126 2280 1127 2305 ι
1154 2259 1357 2336 collegiorum
1380 2261 1413 2322 in
1430 2261 1459 2322 S.
1477 2261 1627 2324 Pancratii
1649 2279 1743 2342 prope
1764 2271 1795 2326 et
1810 2273 1894 2328 extra

354 2358 524 2436 privilegiis
545 2374 680 2436 quoque,
704 2359 831 2421 indultis
853 2369 884 2422 et
903 2359 1015 2422 litteris
1029 2376 1099 2438 apo·
1126 2384 1128 2432 ι
1155 2368 1261 2415 muros
1276 2354 1366 2416 Urbis
1380 2355 1501 2418 Ordinis
1516 2355 1647 2418 fratrum
1663 2358 1770 2420 Beatae
1785 2359 1895 2421 Mariae

354 2451 468 2512 stolicis
489 2451 522 2512 in
544 2453 736 2514 contrarium
759 2453 996 2530 praemissorum
1025 2469 1099 2532 quo·
1126 2474 1127 2482 ι
1155 2445 1293 2524 Virginis
1314 2447 1351 2509 tle
1366 2449 1470 2510 Monte
1487 2449 1626 2512 Carmclu
1642 2451 1895 2516 biscalceatorum

355 2544 524 2606 modolibet
545 2545 707 2620 concessis,
721 2546 910 2608 confirmatis
926 2554 956 2608 et
971 2547 1099 2608 innova·
1126 2537 1128 2542 ’
1150 2549 1418 2620 nuncupatorum,
1441 2559 1473 2604 ac
1494 2541 1525 2605 S.
1540 2543 1622 2604 Petri
1643 2544 1677 2604 in
1699 2545 1896 2608 Monteanreo

354 2637 405 2714 tis;
422 2637 533 2716 quibus
549 2639 693 2700 omnibus
707 2647 738 2700 et
753 2639 895 2716 singulis,
914 2641 1040 2703 illorum
1057 2649 1101 2703 te·
1127 2658 1128 2692 ι
1156 2637 1193 2696 de
1214 2635 1319 2696 eidem
1341 2635 1422 2696 Urbe
1444 2635 1564 2698 Ordinis
1585 2635 1717 2699 fratrum
1738 2639 1895 2702 lllinorum

355 2746 445 2791 nores
461 2730 674 2808 praesentibus
690 2747 744 2810 pro
759 2732 850 2811 plene
865 2741 895 2794 et
910 2733 1100 2797 sufficienter
1156 2727 1259 2790 Sancti
1280 2729 1433 2791 Francisci
1454 2729 1492 2790 de
1514 2729 1712 2794 Obseruantia
1740 2733 1898 2796 Reforma-

355 2823 505 2902 expressis
526 2840 559 2885 ac
580 2823 615 2884 ad
638 2824 771 2888 verbum
793 2825 917 2886 insertis
939 2827 1098 2900 habentes
1127 2890 1128 2896 χ
1157 2828 1259 2882 lurum
1290 2823 1385 2884 eliam
1412 2832 1663 2902 nuncupatorum
1692 2827 1897 2890 conventibus

357 2915 416 2976 illis
444 2915 516 2978 aliis
540 2916 572 2978 in
597 2933 653 2978 suo
678 2917 787 2978 robore
817 2921 1040 2996 permansuris,
1063 2922 1098 2983 ad
1155 2915 1324 2991 respective
1339 2915 1819 2995 institutorum,deputarent,in
1836 2936 1897 2998 quo

356 3009 596 3088 praemissorum
611 3009 767 3085 ellectum,
780 3011 834 3073 hac
849 3011 917 3074 rice
928 3013 1098 3090 dumtaxat,
1156 3008 1207 3070 diu
1223 3025 1256 3068 ac
1270 3007 1437 3088 diligenter
1459 3011 1577 3072 vocatio
1592 3019 1622 3072 et
1633 3012 1760 3090 spiritus
1776 3029 1895 3089 eorum,

355 3101 527 3180 specialiter
548 3111 578 3164 et
592 3119 735 3181 expresse
756 3105 959 3182 derogamus;
976 3109 1101 3168 ceteris·
1127 3090 1128 3121 *
1155 3101 1208 3179 qui
1231 3101 1428 3164 missionibus
1449 3104 1690 3178 destinarentur,
1703 3106 1895 3183 probaretur,

356 3211 416 3274 que
438 3195 598 3256 contrariis
619 3196 876 3274 quibuscumque.
1155 3194 1276 3272 ipsique
1297 3186 1390 3257 etlam
1411 3193 1526 3258 ibidem
1541 3196 1578 3258 de
1600 3198 1754 3273 omnibus,
1770 3217 1847 3278 quae
1861 3201 1896 3263 ad

177 3299 338 3344 rtrresrrtn-
395 3288 463 3362 §5-
481 3287 632 3350 Volumus
650 3294 755 3350 autem
771 3297 805 3351 ut
819 3291 999 3354 earumdem
1015 3309 1102 3371 prae-
1156 3288 1213 3349 hoc
1233 3289 1434 3366 apostolieum
1453 3289 1663 3353 ministerium
1678 3307 1749 3353 cum
1765 3291 1853 3357 laude
1866 3301 1896 3355 et

112 3357 296 3410 ⁵¹¹¹¹¹⁰¹⁰‘⁰¹¹¹‘
354 3382 490 3442 sentium
506 3381 681 3442 litterarum
698 3385 911 3462 transumptis,
926 3401 981 3447 sen
997 3402 1100 3447 exem·
1127 3440 1128 3460 ,
1156 3379 1258 3443 tractu
1280 3382 1487 3445 exercendum
1509 3383 1596 3444 utilia
1617 3400 1650 3445 ac
1671 3387 1840 3448 necessaria
1854 3386 1897 3448 lo-

354 3473 423 3554 plis,
446 3475 540 3536 etiam
559 3473 726 3552 impressis,
747 3490 842 3538 manu
865 3477 993 3542 alicuius
1015 3487 1100 3541 nota·
1127 3492 1129 3503 ¹
1156 3474 1598 3553 rent,pleneinstruerentur;
1612 3481 1896 3554 quatenusreroin

354 3567 393 3628 rii
414 3565 528 3646 publici
553 3565 742 3646 subscriptis,
770 3575 800 3631 et
820 3569 923 3646 sigillo
953 3587 1101 3650 personae
1127 3581 1129 3595 ·
1156 3565 1257 3644 aliquo
1278 3567 1392 3630 Ordine
1412 3577 1586 3632 conventus
1607 3571 1784 3634 huiusmodi
1806 3574 1897 3636 desti·

355 3661 388 3721 in
409 3659 608 3722 ecclesiastici
629 3661 779 3738 dignitate
797 3664 984 3726 constitutae
998 3667 1101 3728 muni·
1128 3728 1129 3746 ,
1157 3660 1240 3721 nulio
1261 3660 1297 3721 ull
1319 3660 1403 3723 huno
1431 3661 1576 3724 effectum
1601 3669 1720 3725 lantum
1749 3681 1811 3728 non
1833 3673 1897 3728 tam

356 3754 407 3828 tis,
430 3754 536 3815 eadem
558 3770 681 3832 prorsus
696 3755 770 3816 fides
793 3753 824 3816 in
841 3756 952 3818 iudicio
969 3766 998 3818 et
1014 3767 1101 3820 extra
1127 3784 1129 3836 ι
1156 3752 1216 3814 cito
1239 3752 1306 3814 steri
1327 3763 1438 3832 posset,
1461 3752 1559 3818 donec
1578 3771 1613 3816 ea
1635 3756 1733 3831 lieret,
1746 3774 1780 3820 ea
1795 3759 1897 3821 omnia

357 3846 547 3921 adhibeatur,
563 3863 641 3924 quae
660 3845 859 3909 adhiberetur
874 3848 945 3925 ipsis
960 3865 1102 3927 praesen·
1128 3841 1129 3849 '
1156 3845 1188 3906 in
1211 3845 1313 3924 aliquo
1335 3856 1492 3910 conventu
1509 3848 1558 3909 vel
1581 3850 1671 3911 domo
1692 3850 1830 3912 eiusdem
1845 3853 1898 3916 Or·

356 3939 450 4012 tibus,
466 3939 490 3998 si
506 3939 609 4000 lorent
631 3938 783 4000 exhibitae
804 3939 855 4000 rel
869 3948 1019 4004 ostensae.
1128 3992 1130 4005 .
1156 3939 1244 4014 dinis,
1268 3939 1320 4001 nbi
1342 3939 1491 4016 regularis
1516 3941 1709 4003 observantia
1736 3945 1833 4021 magis
1854 3945 1898 4007 xi-

396 4031 509 4092 Oatum
530 4029 655 4106 Romae,
673 4033 752 4109 apud
773 4031 803 4094 S.
821 4032 961 4108 Petrum,
977 4035 1035 4097 sub
1049 4053 1102 4097 an·
1127 4024 1130 4091 l
1157 4039 1262 4108 geret,
1292 4034 1468 4095 executioni
1489 4035 1722 4098 mandarentur.
1749 4037 1844 4099 Porro
1866 4039 1897 4099 in
1944 4054 2130 4120 coriaginem-

361 4121 437 4186 nulo
459 4123 631 4199 Piscatoris,
655 4125 704 4187 die
726 4139 793 4186 ιιιιι.
817 4125 946 4188 ianuarii
965 4143 1099 4205 uncos,
1158 4129 1395 4204 praemissorum
1410 4127 1663 4206 implementum,
1679 4131 1758 4192 sicut
1773 4131 1898 4210 praelati
1918 4109 2129 4209 ffinffifflllifffflm

358 4216 553 4296 pontificatus
576 4218 674 4278 nostri
692 4233 775 4279 anno
792 4235 821 4278 x.
1129 4233 1130 4255 ¹
1158 4219 1333 4284 Cardinales
1362 4221 1449 4282 nobis
1470 4237 1571 4300 nuper
1597 4231 1822 4300 exposuerunt,
1845 4242 1900 4288 no·

1129 4323 1131 4332 ⁴
1160 4313 1283 4397 vissime
1313 4313 1345 4374 in
1371 4324 1529 4378 conventu
1559 4315 1589 4378 S.
1620 4317 1845 4380 Bartholomaei
1868 4320 1898 4381 in

1129 4398 1262 4488 llnsull
1282 4409 1320 4471 de
1347 4407 1429 4470 Urbe
1454 4409 1588 4487 praefata
1616 4409 1737 4474 Ordinis
1768 4411 1899 4476 fratrum

682 4503 782 4568 XXX.
1129 4498 1131 4579 l
1158 4501 1315 4562 Minorum
1341 4500 1443 4565 Sancti
1470 4503 1624 4565 Francisci
1646 4506 1682 4567 de
1702 4504 1900 4569 Obseruantia

1129 4582 1132 4683 l
1158 4602 1410 4673 nuncupatorum
1438 4611 1558 4658 novum
1582 4597 1749 4676 collegium
1779 4615 1834 4661 seu
1855 4617 1903 4660 se-

360 4686 443 4751 ldcm
464 4707 501 4754 uc
523 4691 558 4751 itt
580 4691 781 4768 praecedenti
802 4707 859 4769 pro
881 4691 1012 4772 collegio
1028 4693 1103 4754 otia·
1130 4744 1131 4755 ,
1158 4688 1328 4750 minarium
1343 4704 1398 4768 pro
1412 4689 1612 4752 missionariis
1628 4691 1805 4753 huiusmodi
1819 4709 1901 4756 erec-

399 4783 621 4846 clooort'ornot
642 4785 678 4844 ln
700 4792 856 4848 contentu
880 4783 911 4846 S.
936 4784 1103 4848 Bartholo-
1129 4794 1132 4811 ·
1158 4789 1227 4843 tum
1247 4797 1302 4843 seu
1323 4781 1524 4858 destinatum,
1541 4798 1663 4845 necnon
1685 4783 1901 4848 dormitorium

398 4877 481 4940 rocci
504 4877 539 4938 t‘o
567 4877 680 4940 insulsi
702 4879 739 4942 de
765 4876 843 4942 Urbe
869 4881 1015 4958 fratrom
1045 4881 1105 4945 Mi·
1130 4888 1132 4952 t
1158 4893 1214 4956 pro
1228 4875 1390 4937 duodecim
1404 4875 1555 4954 religiosis
1569 4878 1605 4939 ad
1622 4877 1684 4939 loca
1704 4879 1903 4942 lernaesanc-

399 4985 515 5031 ntorum
536 4971 572 5033 de
598 4969 807 5035 Obseruantia
829 4970 842 5052 (
861 4973 885 5052 ).
1130 5014 1133 5101 1
1160 4979 1207 5032 tae
1229 4980 1259 5032 et
1280 4969 1352 5032 alias
1372 4971 1533 5034 missiones
1556 4971 1754 5050 expediendis
1769 4973 1902 5050 assigna-

1159 5071 1228 5126 tum
1243 5063 1313 5139 luit,
1329 5080 1362 5126 ac
1377 5063 1503 5126 insimul
1520 5065 1692 5128 nonnullae
1708 5066 1833 5142 regulae
1847 5083 1902 5146 pro

565 5139 750 5209 θΙ-ΕΜΕΝΒ
773 5142 833 5210 ΡΡ·
857 5142 902 5210 lli·
1130 5126 1133 5191 5
1160 5174 1242 5220 novo
1252 5157 1382 5234 collegio
1392 5174 1447 5219 seu
1458 5159 1625 5220 seminario
1636 5159 1817 5222 huiusmodi
1831 5175 1904 5221 corr-

499 5263 536 5331 αα
557 5265 686 5332 futuram
712 5265 755 5331 pet
783 5265 961 5332 memoriam,
1130 5216 1133 5317 l
1161 5251 1266 5328 lectae,
1289 5252 1421 5328 illaeque
1443 5252 1515 5330 ipsis
1531 5252 1752 5328 cardinalibus,
1766 5259 1800 5314 nt
1814 5253 1852 5314 ab
1867 5253 1902 5314 iis

1131 5348 1133 5399 l
1160 5349 1431 5421 confirmarentur,
1453 5345 1606 5408 exhibitae
1627 5346 1767 5421 luerunt,
1785 5348 1903 5409 tenoris

402 5442 563 5504 Commissi
579 5441 1020 5506 nobisdivinitussacrosancti
1035 5459 1104 5522 apo·
1131 5403 1133 5507 l
1160 5442 1214 5520 qui
1235 5442 1388 5520 sequitur,
1413 5439 1571 5501 videlicet:

361 5535 488 5596 stolatus
509 5536 600 5597 ollicii
622 5537 699 5597 ratio
720 5537 865 5614 postulat,
883 5545 917 5599 ut
938 5537 1011 5612 illis,
1028 5554 1106 5615 quae
1131 5510 1133 5631 J

362 5628 492 5706 provido
512 5629 640 5690 consilio
651 5645 706 5708 pro
728 5629 930 5706 collegiorum
944 5645 999 5692 seu
1013 5631 1106 5692 semi·
1130 5638 1134 5787 Ι
1199 5631 1340 5712 nepetae
1354 5637 1384 5694 et
1399 5629 1594 5708 provisiones
1608 5646 1666 5709 pro
1682 5647 1760 5695 uoco
1775 5629 1902 5714 collegio
1923 5638 2055 5737 daegnies
2069 5641 2134 5686 uius-

1941 5703 1980 5738 em
2016 5693 2134 5740 referun-

363 5722 536 5798 nariorum,
559 5724 592 5784 in
614 5723 726 5801 quibus
748 5723 884 5800 religiosi
899 5723 959 5784 viri
975 5725 1010 5786 ad
1025 5723 1105 5786 cbri-
1160 5741 1216 5786 seu
1250 5725 1424 5788 seminario
1457 5724 1620 5788 Minorem
1655 5723 1902 5791 observantium
1922 5750 1971 5794 tur.

404 5935 433 5992 (tl
449 5937 485 5980 Ex
500 5939 561 5994 Reg.
578 5937 604 5982 in
620 5937 694 5982 hrclr.
710 5940 781 5982 Breu
798 5937 860 5981 l'ide
874 5949 930 5994 pag.
949 5941 975 5982 Sd
990 5939 1013 5982 h.
1031 5937 1079 5982 rel.
1094 5943 1175 5984 const.
1192 5943 1323 5984 dcctestue‘
1333 5945 1478 5986 Cutltoticoe
1493 5945 1576 5988 innoc.
1589 5947 1628 5988 ill.
1645 5944 1670 5989 et
1686 5947 1774 5989 crotala
1788 5953 1844 6000 pag.
1856 5945 1902 5990 aba.
