4844 6990
342 569 440 625 Aac.
462 573 532 628 tras
582 576 642 639 ago

562 715 636 776 bere
656 715 760 778 locum
780 717 814 778 in
839 718 965 780 vocibus
986 725 1017 780 et
1044 719 1224 781 nominibus
1246 717 1305 778 iam

562 807 599 870 ab
622 808 818 872 institutione
849 811 1004 874 missionis
1030 813 1238 875 communiter
1260 825 1307 873 re-

563 902 670 979 ceptis,
693 920 771 981 quae
787 912 891 968 tamen
906 921 961 983 per
976 909 1054 969 bano
1069 906 1309 970 declarationem

563 1011 620 1058 uec
641 996 848 1074 approbantur
869 1014 971 1079 neque
992 1000 1205 1078 reprobantur.

604 1107 645 1150 tv.
669 1090 820 1154 Dubium:
845 1093 892 1156 Art
905 1101 934 1154 ct
957 1095 1108 1172 quomodo
1124 1093 1247 1156 dictam
1261 1092 1310 1156 tle·

565 1191 685 1247 cretum
706 1186 750 1248 slt
773 1187 990 1266 secedendum
1007 1187 1043 1248 itt
1057 1186 1093 1250 ed
1109 1193 1216 1264 purte,
1231 1201 1310 1262 qnae

564 1284 610 1340 est
633 1280 754 1342 loboris
775 1281 947 1358 sequentis.-
972 1281 1010 1342 Et
1031 1281 1102 1358 quia
1121 1279 1308 1352 audivimus,

564 1372 756 1450 baptismum
772 1373 939 1436 inlantium
955 1392 992 1436 ex
1014 1373 1187 1436 cbristianis
1202 1387 1309 1451 paren-

566 1465 647 1529 tibus
662 1475 801 1543 ortorum
817 1469 999 1530 corumdem
1014 1467 1133 1529 incuria
1144 1481 1231 1544 saepe
1247 1481 1311 1526 sae-

565 1559 634 1638 pius
655 1559 707 1622 diu
729 1561 867 1639 protrahi
889 1577 952 1624 non
974 1561 1041 1622 sine
1063 1561 1198 1622 maximo
1217 1559 1312 1622 dicto·

566 1671 635 1716 rum
659 1654 827 1717 infantium
848 1655 956 1718 salutis
979 1647 1180 1728 discrimine,
1204 1667 1312 1714 mone-

566 1762 636 1808 mus
664 1748 858 1826 evangelicos
885 1749 1057 1828 operariae,
1089 1755 1122 1809 ut
1153 1761 1311 1809 sacrorum

567 1857 721 1904 canonum
745 1857 899 1904 memores
928 1843 1100 1904 terminum
1123 1840 1310 1912 breviorem,

568 1951 662 2012 quam
690 1935 755 1998 steri
786 1937 880 2015 possit
908 1936 1035 1999 attentis
1059 1932 1311 2006 circumstantiis,

569 2029 762 2104 genitoribus
783 2029 969 2109 praeligant,
999 2029 1135 2106 graviter
1156 2027 1311 2091 conscien-

569 2121 643 2184 tiam
654 2138 763 2184 eorum
779 2131 954 2196 onerantes,
968 2123 1026 2186 nisi
1039 2122 1118 2184 lilios
1133 2122 1213 2183 intra
1229 2135 1314 2198 prae·

569 2217 667 2279 fixum
690 2224 811 2296 tempus
832 2217 866 2278 ad
890 2217 1057 2279 Ecclesiam
1074 2216 1212 2278 delerant
1229 2227 1312 2275 sacro

569 2309 655 2372 ionte
675 2309 852 2371 abluendos.

612 2404 685 2465 Eriti
707 2405 881 2468 discerent:
906 2405 1101 2470 Servandum
1123 2419 1189 2466 esse
1210 2403 1313 2494 decre-

570 2505 639 2560 tum
661 2497 731 2560 Emi
752 2500 842 2562 Card.
867 2502 903 2563 de
925 2501 1086 2563 Tournon.

611 2609 639 2652 r.
664 2593 816 2655 Dubium:
836 2597 886 2658 Aa
901 2595 1096 2673 ecquomodo
1112 2593 1314 2672 praedictum

571 2686 732 2750 decretum
763 2686 808 2747 sit
835 2689 1051 2766 ementiendum
1081 2689 1115 2750 irc
1141 2686 1178 2749 ed
1208 2690 1313 2763 porte,

572 2798 651 2860 acac
673 2787 717 2842 cst
742 2782 862 2843 terroris
884 2782 1054 2859 sequentis.-
1070 2782 1228 2842 Praeterea
1244 2795 1314 2840 cum

571 2873 667 2938 moris
688 2873 868 2938 huiusmodi
890 2875 1025 2950 regionis
1046 2875 1103 2944 sit,
1126 2882 1161 2936 ut
1182 2871 1316 2933 infantes

571 2987 624 3032 sex
647 2969 697 3030 vel
718 2975 837 3047 septem
859 2983 1025 3041 annorum,
1041 2966 1200 3030 interdum
1222 2963 1317 3026 eliam

573 3065 605 3128 in
628 3061 775 3125 teneriori
793 3069 902 3136 aetate,
918 3077 956 3122 ex
971 3061 1150 3138 genitorum
1163 3073 1316 3122 consensu

572 3156 808 3220 matrimonium
845 3153 1057 3217 indissolubile
1089 3154 1126 3216 tle
1160 3151 1316 3230 praesenti

573 3250 756 3314 contrabant
778 3265 832 3328 per
853 3249 1083 3327 impositionem
1103 3245 1176 3324 Taly
1193 3244 1318 3324 pensilis

572 3359 628 3406 seu
649 3357 760 3404 aureae
782 3350 913 3404 tesserae
934 3341 1081 3419 nuptialis
1103 3339 1207 3402 uxoris
1228 3338 1317 3412 collo,

574 3437 775 3502 missionariis
796 3434 995 3510 mandamus,
1018 3451 1058 3496 ne
1079 3434 1257 3496 huiusmodi
1279 3432 1319 3493 ir·

575 3532 633 3596 rita
656 3531 851 3592 matrimonia
873 3530 955 3591 inter
976 3527 1158 3590 christianos
1170 3525 1236 3588 fiori
1250 3519 1321 3606 pe'r-

574 3625 711 3699 mittant,
734 3639 793 3686 nec
813 3617 1004 3702 sponsos'sic
1029 3621 1211 3684 coniunctos
1233 3618 1320 3680 coba·

575 3717 672 3779 bitaro
707 3717 827 3790 sinant,
864 3717 961 3777 donec
996 3712 1146 3792 completi
1183 3711 1321 3788 legitima

576 3817 675 3874 aetate
699 3818 732 3872 et
760 3810 917 3889 explorato
945 3823 1054 3871 eorum
1086 3823 1258 3879 consensu,
1289 3805 1320 3865 in

576 3905 685 3968 faciem
711 3903 863 3966 Ecclesiae
896 3902 981 3964 iuxta
1008 3900 1140 3962 iortnam
1173 3917 1189 3960 a
1218 3899 1323 3963 Sacro-

575 4009 680 4062 sancto
713 3997 850 4061 Concilio
884 3995 1069 4058 lridentino
1103 3993 1322 4074 praescriptam

577 4109 687 4154 verum
716 4100 746 4153 et
773 4092 960 4153 canonicum
989 4087 1224 4151 matrimonium
1252 4103 1323 4150 con-

578 4186 738 4250 traxerint.

619 4281 691 4346 Erite
707 4279 881 4342 dicerunt:
899 4279 1126 4356 Euequendum
1141 4293 1206 4340 esse
1221 4279 1324 4340 decre·

578 4385 647 4440 tum
680 4373 748 4436 Etiti
770 4375 808 4436 de
829 4373 995 4447 Tournon,
1025 4388 1095 4435 oum
1119 4371 1323 4434 declaratione

579 4478 696 4544 tamen,
718 4465 903 4528 servandam
915 4481 979 4527 esse
1002 4463 1134 4528 formam
1150 4480 1204 4544 pro
1219 4465 1326 4526 matri-

580 4563 694 4626 moniis
708 4577 722 4622 a
738 4576 797 4622 sac.
812 4559 949 4622 Concilio
961 4557 1146 4620 Tridentino
1158 4558 1327 4636 praescrip·

581 4667 644 4720 tam
659 4657 690 4718 in
707 4655 792 4729 locis,
809 4655 842 4716 in
859 4653 972 4732 quibus
983 4652 1141 4714 decretum
1157 4652 1230 4714 dicti
1247 4654 1325 4714 Con-

582 4751 642 4814 cilii
667 4752 698 4812 in
721 4763 789 4826 cop.
803 4749 907 4824 ptimo
922 4763 995 4806 scca.
1014 4761 1101 4806 xxiv.
1126 4745 1162 4806 tle
1183 4745 1323 4825 Resotnt.

582 4845 725 4908 matrim.
750 4841 939 4920 publicatum
961 4846 1018 4914 est,
1035 4840 1067 4901 in
1091 4849 1250 4917 posterum
1273 4855 1326 4918 pu·

582 4937 757 5011 blicabitur,
784 4949 888 5012 neque
909 4933 975 4994 eius
996 4933 1191 4994 observantia
1212 4934 1251 4994 sit
1271 4933 1327 4994 im-

583 5030 747 5110 possibilis,
768 5035 798 5090 et
821 5026 1007 5088 missionarii
1030 5034 1152 5101 curent,
1175 5035 1327 5104 quantum

584 5123 652 5187 beri
674 5131 785 5200 potest,
800 5128 833 5184 ut
849 5121 882 5182 in
898 5119 1045 5182 omnibus
1057 5119 1128 5182 locis
1144 5121 1328 5182 missionum

583 5219 708 5282 illarum
728 5217 865 5295 partium
886 5213 1002 5276 tlictum
1024 5215 1183 5276 decretum
1201 5213 1329 5276 Concilii

585 5312 770 5392 publicetur.

738 5499 840 5562 Fronte
862 5516 903 5560 tv.
929 5515 982 5558 nte
1004 5513 1075 5558 xrtr.
1100 5513 1173 5560 unu

741 5631 743 5635 v
806 5608 884 5654 ,aaut
906 5607 1112 5654 uncotxxru.

627 5809 669 5853 vr.
694 5791 845 5853 Dubium:
870 5795 920 5850 Art
932 5795 962 5848 ct
978 5785 1128 5865 quomodo
1145 5782 1268 5844 dictum
1283 5781 1333 5842 da-

589 5894 712 5948 cretuut
733 5885 777 5946 sit
798 5881 1016 5961 accedendum
1032 5881 1067 5940 in
1082 5877 1118 5941 cd
1133 5884 1236 5956 purte,
1254 5891 1333 5954 quoe

588 5985 636 6042 est
658 5979 779 6072 terroris
810 5976 989 6056 seducatis:
1015 5974 1052 6036 tlt
1081 5971 1228 6052 quoniam
1255 5968 1334 6049 apud,

1088 597 1152 644 IUR.
1176 597 1268 644 bobr.
1292 599 1332 642 be
1353 599 1382 644 P.
1406 599 1434 646 1³.
1460 600 1541 646 PARS
1563 601 1584 644 l.

1364 718 1525 796 peritiores
1547 719 1657 798 impiae
1673 718 1755 781 illius
1769 718 1930 796 religionis
1944 726 2111 782 sectatores

1365 813 1439 890 Taly
1461 813 1627 892 praeselert
1646 814 1826 889 imaginem,
1844 815 1914 878 licet
1929 815 2108 889 iniormem,

1365 906 1534 984 Pulleyaris
1555 924 1608 970 seu
1639 907 1798 986 Pylleiaris
1820 908 1893 971 idoli
1920 908 2111 987 nuptialibus

1365 1000 1550 1063 ceremoniis
1581 1001 1762 1079 praepositi3
1800 1017 1934 1080 cumque
1969 1000 2112 1064 dedeceat

1366 1094 1545 1157 christianas
1572 1092 1720 1156 mulieres
1749 1094 1842 1156 talem
1869 1095 2004 1171 effigiem
2032 1096 2112 1158 collo

1366 1186 1487 1249 deterre
1514 1187 1546 1249 in
1576 1189 1703 1264 signum
1735 1189 1944 1264 matrimonii,
1972 1189 2113 1252 districte

1367 1279 1578 1360 probibemus,
1591 1297 1631 1343 na
1643 1282 1675 1342 in
1697 1289 1858 1361 posterum
1872 1281 2015 1357 audeant,
2039 1283 2111 1360 Taly

1367 1387 1437 1434 cum
1450 1373 1506 1434 buc
1520 1372 1622 1450 elligie
1637 1373 1715 1436 collo
1730 1376 1914 1454 appendere,
1927 1383 1969 1450 et,
1982 1391 2022 1438 ne
2037 1391 2114 1438 uuo-

1367 1483 1416 1528 res
1439 1466 1591 1544 innuptae
1613 1468 1794 1543 videantur,
1816 1477 1965 1546 poterunt
1987 1469 2032 1530 uti
2054 1469 2113 1530 alio

1369 1555 1454 1638 Tuly,
1478 1559 1528 1622 vel
1551 1559 1663 1624 ssmae
1685 1561 1804 1636 Crucis,
1827 1561 1878 1623 vel
1903 1559 1993 1623 SStiti
2014 1562 2047 1622 b.
2072 1561 2110 1623 N.

1368 1653 1435 1715 lesu
1459 1653 1586 1729 Christi,
1609 1653 1660 1716 rel
1682 1653 1715 1714 Β.
1734 1653 1886 1730 Virginis,
1903 1654 1953 1716 vel
1968 1654 2026 1716 alia
2040 1671 2113 1734 qua-

1368 1749 1415 1810 vis
1436 1749 1579 1826 religiose
1602 1749 1735 1826 imagine
1750 1759 1869 1812 ornato.

1409 1841 1482 1904 bns·
1504 1844 1679 1906 dicerunt.-
1702 1843 1897 1907 Servandum
1922 1861 1989 1907 esse
2010 1845 2115 1906 decre·

1371 1945 1438 2000 tum
1455 1937 1523 1998 Emi
1539 1938 1576 2000 de
1591 1937 1751 2012 Temnon,
1765 1939 1906 2016 quamvis
1928 1938 2114 2000 missionarii

1369 2036 1516 2106 asserant,
1539 2045 1701 2108 uunquam
1716 2031 1891 2109 permisisse
1909 2033 2114 2108 gestationem

1369 2124 1442 2186 dicti
1465 2125 1550 2203 Taly.

1410 2235 1465 2280 rrr.
1490 2218 1643 2280 llubium:
1674 2218 1723 2279 Ae
1744 2227 1775 2281 et
1798 2219 1949 2298 quomodo
1970 2221 2115 2298 proedic-

1371 2318 1441 2372 tum
1464 2311 1681 2392 decreturosit
1697 2312 1915 2390 caesaraeam
1938 2313 1972 2374 to
1993 2313 2116 2391 aepor-

1372 2415 1413 2478 te,
1431 2423 1510 2484 quoe
1525 2411 1571 2468 est
1589 2405 1709 2469 tenoris
1731 2408 1902 2485 sequentis.-
1926 2408 2049 2470 Etcum
2066 2426 2116 2470 su·

1371 2499 1553 2578 perstitione
1568 2516 1632 2562 non
1648 2507 1747 2562 careat
1763 2499 1920 2564 luniculus
1941 2510 2070 2564 centum
2085 2511 2117 2567 et

1371 2601 1439 2654 octo
1461 2593 1520 2654 tilis
1541 2593 1729 2670 compositus
1750 2601 1780 2655 et
1804 2609 1910 2656 croceo
1931 2612 2021 2658 succo
2042 2597 2118 2658 deli·

1372 2687 1467 2761 nitus,
1481 2703 1542 2766 quo
1554 2688 1694 2766 plerique
1709 2687 1828 2750 dictum
1840 2687 1914 2766 Taly
1925 2689 2116 2768 appendunt,

1373 2779 1572 2858 probibemus
1586 2781 1680 2842 etiam
1696 2781 1851 2844 dictorum
1866 2781 1992 2844 filorum
2008 2799 2118 2845 nume·

1373 2890 1444 2936 rum
1466 2882 1497 2935 et
1519 2875 1711 2936 unctionem.
1898 2868 1908 2886 “

1413 2967 1486 3030 deici
1509 2967 1682 3032 dicerunt.-
1712 2969 1907 3034 serrandum
1929 2985 1995 3032 esse
2016 2971 2121 3034 decre-

1374 3067 1442 3124 tum
1464 3061 1534 3124 Eriri
1555 3061 1592 3122 de
1614 3063 1774 3126 Tournon.

1414 3173 1483 3216 vrrr.
1508 3155 1660 3218 Dubium:
1689 3155 1739 3222 Art
1761 3163 1791 3219 ct
1813 3157 1964 3235 quontodo
1993 3157 2121 3220 dictum

1375 3249 1537 3311 decretum
1557 3249 1602 3310 sit
1635 3250 1852 3328 recudendum
1881 3251 1916 3312 itt
1945 3251 1981 3312 ed
2008 3260 2119 3328 parte,

1359 3339 1454 3420 'prtoe
1486 3349 1532 3404 cst
1563 3343 1683 3404 tenores
1711 3345 1894 3422 sequentis.-
1918 3345 2122 3408 ceremoniae

1375 3435 1467 3496 etiam
1482 3435 1635 3514 nuptiales
1650 3437 1733 3498 iuxta
1749 3440 1859 3499 barum
1874 3437 2040 3508 regionum
2056 3455 2124 3501 mo·

1376 3544 1444 3590 rem
1466 3536 1510 3590 tot
1527 3537 1602 3592 sunt
1625 3531 1769 3608 tantique
1784 3531 2005 3609 superstitione
2019 3548 2124 3594 macu-

1378 3623 1466 3698 latae,
1489 3631 1524 3684 ut
1546 3623 1645 3685 tutius
1666 3624 1842 3686 remedium
1858 3624 1954 3702 aptari
1970 3641 2033 3686 uon
2055 3642 2123 3704 pos-

1376 3723 1435 3790 set,
1458 3731 1550 3794 quam
1572 3732 1622 3776 eas
1644 3716 1773 3778 omuino
1796 3717 2027 3792 interdicendo,
2049 3734 2122 3778 cum

1378 3811 1517 3888 undique
1539 3812 1629 3874 nouit
1651 3811 1834 3886 gentilitatis
1856 3810 1922 3872 laba
1942 3819 2077 3874 scateant
2091 3819 2124 3873 et

1378 3903 1597 3968 difficillimum
1619 3905 1658 3968 sit
1674 3921 1724 3966 eas
1739 3923 1754 3966 a
1768 3905 1990 3983 superstitiosis
2011 3922 2125 3985 expur-

1380 4016 1463 4076 gare.
1488 4001 1527 4062 at
1559 4015 1644 4073 vero,
1670 4005 1703 4060 ut
1724 3997 1853 4060 iaciliori
1881 3999 2125 4061 conversionum

1380 4094 1448 4154 riae
1468 4101 1499 4154 et
1521 4091 1750 4169 neophytorum
1776 4093 1949 4166 commodo,
1973 4099 2125 4170 quantum

1381 4187 1447 4248 steri
1469 4193 1581 4264 potest,
1598 4184 1629 4245 in
1647 4185 1778 4246 Domino
1800 4183 2028 4261 indulgeamus,
2051 4185 2125 4246 mis-

1381 4277 1522 4340 sionariis
1544 4285 1575 4338 et
1596 4277 1758 4356 praecipue
1780 4278 1963 4339 missionum
1988 4279 2125 4356 superio-

1382 4373 1465 4434 ribus
1487 4371 1694 4448 iniungimus,
1718 4380 1752 4433 ut
1774 4371 1863 4432 novis
1893 4370 2036 4433 adhibitis
2057 4371 2128 4433 dili-

1382 4465 1494 4542 gentiis
1525 4464 1736 4542 severiorique
1768 4463 1884 4527 calculo
1916 4464 2127 4542 superstitiosa

1381 4559 1484 4619 orrrnia
1506 4573 1520 4618 a
1544 4557 1630 4618 dictis
1661 4557 1844 4619 ceremoniis
1874 4567 2061 4636 expurgent,
2085 4559 2127 4619 ita

1382 4659 1417 4713 ut
1440 4650 1518 4712 nibil
1541 4650 1677 4712 inultum
1706 4651 1917 4730 relinquatur,
1944 4653 2024 4729 quod
2047 4651 2127 4712 cbri-

1382 4747 1514 4807 stianam
1537 4745 1683 4822 pietatem
1705 4743 1838 4805 ollendat
1853 4750 1883 4804 et
1899 4743 2062 4820 gentilium
2077 4762 2129 4807 su·

1384 4839 1597 4918 perstitionem
1619 4837 1765 4911 redoleat,
1779 4845 1809 4898 et
1824 4839 1987 4914 signanter
2008 4847 2129 4916 praeter

1384 4950 1444 5007 eas,
1457 4949 1532 5012 quas
1547 4932 1723 4994 audivimus
1739 4933 1799 4993 inm
1820 4941 1934 4994 statuta
1949 4932 1981 4992 in
1996 4933 2051 4993 ltac
2066 4947 2131 5014 ma-

1386 5027 1477 5102 terii,
1501 5026 1537 5088 ab
1559 5025 1667 5087 iisdem
1696 5025 1915 5100 missionariis,
1938 5024 2131 5088 reformatio-

1386 5137 1452 5195 nes,
1466 5136 1568 5182 ramus
1583 5119 1698 5180 arboris
1714 5119 1919 5180 bresciomata
1935 5119 2064 5182 omnino
2079 5109 2130 5181 au·

1386 5215 1522 5292 leratnr;
1545 5213 1735 5274 ferculorum
1757 5228 1910 5274 numerus
1932 5229 1996 5274 non
2026 5213 2131 5274 minus

1387 5326 1420 5370 ac
1441 5309 1500 5370 cibi
1525 5308 1709 5385 praescripta
1738 5305 1868 5382 qualitas
1897 5306 2051 5378 varietur,
2074 5307 2131 5368 cit·-

1387 5403 1449 5464 culi
1478 5416 1573 5480 super
1604 5407 1695 5479 caput
1719 5415 1905 5477 sponsorum
1934 5399 1969 5460 ad
1998 5400 2131 5462 tollenda

1388 5494 1535 5556 maleficia
1562 5494 1765 5567 omittantur3
1795 5501 1826 5553 et
1846 5492 1927 5570 quod
1949 5494 1986 5554 de
2008 5492 2132 5556 ferculis

1388 5589 1534 5662 diximus,
1567 5589 1605 5649 de
1626 5586 1716 5647 luteis
1744 5585 1823 5647 vasis
1851 5585 1964 5646 ibidem
1996 5586 2133 5648 adbiberi

1388 5683 1486 5745 solitis
1501 5698 1515 5741 a
1532 5681 1619 5744 nobis
1640 5679 1757 5742 dictum
1779 5687 1810 5740 et
1831 5678 2021 5757 prohibitum
2043 5677 2135 5741 intel-

1389 5776 1515 5853 ligatur.

1431 5868 1503 5930 Eriti
1526 5869 1701 5931 dicerunt:
1725 5867 1920 5940 servandum
1943 5881 2009 5928 esse
2030 5866 2134 5928 decre-

1392 5971 1458 6027 tum
1481 5963 1550 6026 liciti
1573 5963 1660 6028 Card.
1683 5962 1721 6024 de
1744 5961 1902 6024 Tournon.
