<?xml version="1.0" encoding="UTF-8"?>
<!DOCTYPE html PUBLIC "-//W3C//DTD XHTML 1.0 Transitional//EN"
    "http://www.w3.org/TR/xhtml1/DTD/xhtml1-transitional.dtd">
<html xmlns="http://www.w3.org/1999/xhtml" xml:lang="en" lang="en">
 <head>
  <title>
</title>
<meta http-equiv="Content-Type" content="text/html;charset=utf-8" />
  <meta name='ocr-system' content='tesseract 3.04.00' />
  <meta name='ocr-capabilities' content='ocr_page ocr_carea ocr_par ocr_line ocrx_word'/>
</head>
<body>
  <div class='ocr_page' id='page_1' title='image "./iurispontificii04martgoog_0366.png"; bbox 0 0 4836 6998; ppageno 0'>
   <div class='ocr_carea' id='block_1_1' title="bbox 313 521 611 594">
    <p class='ocr_par' dir='ltr' id='par_1_1' title="bbox 313 521 611 594">
     <span class='ocr_line' id='line_1_1' title="bbox 313 521 611 594; baseline 0.027 -8"><span class='ocrx_word' id='word_1_1' title='bbox 313 527 411 586; x_wconf 66' lang='lat' dir='ltr'>Aac.</span> <span class='ocrx_word' id='word_1_2' title='bbox 433 521 501 584; x_wconf 76' lang='lat' dir='ltr'>aare</span> <span class='ocrx_word' id='word_1_3' title='bbox 552 521 611 594; x_wconf 71' lang='grc'>338</span> 
     </span>
    </p>
   </div>
   <div class='ocr_carea' id='block_1_2' title="bbox 298 665 1277 839">
    <p class='ocr_par' dir='ltr' id='par_1_2' title="bbox 298 665 1277 839">
     <span class='ocr_line' id='line_1_2' title="bbox 300 665 1277 748; baseline -0.005 -17"><span class='ocrx_word' id='word_1_4' title='bbox 300 684 363 748; x_wconf 49' lang='lat' dir='ltr'>,our</span> <span class='ocrx_word' id='word_1_5' title='bbox 378 681 511 748; x_wconf 70' lang='lat' dir='ltr'>erigendus</span> <span class='ocrx_word' id='word_1_6' title='bbox 571 683 616 729; x_wconf 88' lang='lat' dir='ltr'>rx.</span> <span class='ocrx_word' id='word_1_7' title='bbox 639 665 817 730; x_wconf 89' lang='lat' dir='ltr'>Declaretur</span> <span class='ocrx_word' id='word_1_8' title='bbox 831 665 924 728; x_wconf 89' lang='lat' dir='ltr'>etiam</span> <span class='ocrx_word' id='word_1_9' title='bbox 939 665 1020 744; x_wconf 89' lang='lat' dir='ltr'>qnod</span> <span class='ocrx_word' id='word_1_10' title='bbox 1035 666 1217 728; x_wconf 78' lang='lat' dir='ltr'>secretarius</span> <span class='ocrx_word' id='word_1_11' title='bbox 1231 681 1277 727; x_wconf 88' lang='lat' dir='ltr'>ca·</span> 
     </span>
     <span class='ocr_line' id='line_1_3' title="bbox 298 743 1274 839; baseline -0.002 -17"><span class='ocrx_word' id='word_1_12' title='bbox 298 749 326 785; x_wconf 85' lang='lat'>¹¹¹</span> <span class='ocrx_word' id='word_1_13' title='bbox 338 743 509 786; x_wconf 60' lang='lat' dir='ltr'>⁸⁰⁰s³W¹¹¹¹¹¹·</span> <span class='ocrx_word' id='word_1_14' title='bbox 529 761 619 839; x_wconf 89' lang='lat' dir='ltr'>pituli</span> <span class='ocrx_word' id='word_1_15' title='bbox 633 775 703 838; x_wconf 83' lang='lat' dir='ltr'>gen.</span> <span class='ocrx_word' id='word_1_16' title='bbox 717 759 908 838; x_wconf 89' lang='lat' dir='ltr'>debeateligi</span> <span class='ocrx_word' id='word_1_17' title='bbox 920 760 957 822; x_wconf 91' lang='lat' dir='ltr'>dc</span> <span class='ocrx_word' id='word_1_18' title='bbox 968 777 1099 822; x_wconf 91' lang='lat' dir='ltr'>numero</span> <span class='ocrx_word' id='word_1_19' title='bbox 1111 747 1274 822; x_wconf 81' lang='lat' dir='ltr'><strong>vocalium.</strong></span> 
     </span>
    </p>
   </div>
   <div class='ocr_carea' id='block_1_3' title="bbox 296 946 1275 5678">
    <p class='ocr_par' dir='ltr' id='par_1_3' title="bbox 296 946 1275 5678">
     <span class='ocr_line' id='line_1_4' title="bbox 347 946 1275 1025; baseline -0.001 -19"><span class='ocrx_word' id='word_1_20' title='bbox 347 958 509 1006; x_wconf 78' lang='lat' dir='ltr'>conarmano</span> <span class='ocrx_word' id='word_1_21' title='bbox 569 949 638 1024; x_wconf 66' lang='lat'>52.</span> <span class='ocrx_word' id='word_1_22' title='bbox 664 949 742 1011; x_wconf 89' lang='lat' dir='ltr'>Cum</span> <span class='ocrx_word' id='word_1_23' title='bbox 764 955 878 1023; x_wconf 89' lang='lat' dir='ltr'>antem,</span> <span class='ocrx_word' id='word_1_24' title='bbox 899 947 978 1010; x_wconf 89' lang='lat' dir='ltr'>sicut</span> <span class='ocrx_word' id='word_1_25' title='bbox 1000 949 1106 1010; x_wconf 90' lang='lat' dir='ltr'>eadem</span> <span class='ocrx_word' id='word_1_26' title='bbox 1127 946 1275 1025; x_wconf 74' lang='lat' dir='ltr'>expositio</span> 
     </span>
     <span class='ocr_line' id='line_1_5' title="bbox 297 1011 1274 1121; baseline -0.004 -18"><span class='ocrx_word' id='word_1_27' title='bbox 297 1011 436 1121; x_wconf 39' lang='lat' dir='ltr'>stiffi?</span> <span class='ocrx_word' id='word_1_28' title='bbox 451 1019 509 1112; x_wconf 55' lang='lat'>331}</span> <span class='ocrx_word' id='word_1_29' title='bbox 528 1042 746 1118; x_wconf 86' lang='lat' dir='ltr'>subiungebat,</span> <span class='ocrx_word' id='word_1_30' title='bbox 762 1042 934 1119; x_wconf 85' lang='lat' dir='ltr'>praedictus</span> <span class='ocrx_word' id='word_1_31' title='bbox 949 1041 1042 1102; x_wconf 82' lang='lat' dir='ltr'>irater</span> <span class='ocrx_word' id='word_1_32' title='bbox 1054 1040 1151 1101; x_wconf 92' lang='lat' dir='ltr'>maior</span> <span class='ocrx_word' id='word_1_33' title='bbox 1162 1047 1274 1102; x_wconf 89' lang='lat' dir='ltr'>statuta</span> 
     </span>
     <span class='ocr_line' id='line_1_6' title="bbox 296 1119 1275 1220; baseline -0.004 -25"><span class='ocrx_word' id='word_1_34' title='bbox 296 1119 509 1220; x_wconf 54' lang='lat' dir='ltr'>{lgssggfflssbuflf</span> <span class='ocrx_word' id='word_1_35' title='bbox 528 1151 582 1197; x_wconf 90' lang='lat' dir='ltr'>seu</span> <span class='ocrx_word' id='word_1_36' title='bbox 605 1137 725 1197; x_wconf 89' lang='lat' dir='ltr'>decreta</span> <span class='ocrx_word' id='word_1_37' title='bbox 756 1133 945 1208; x_wconf 87' lang='lat' dir='ltr'>huiusmodi,</span> <span class='ocrx_word' id='word_1_38' title='bbox 969 1150 1024 1212; x_wconf 89' lang='lat' dir='ltr'>pro</span> <span class='ocrx_word' id='word_1_39' title='bbox 1047 1131 1176 1194; x_wconf 76' lang='lat' dir='ltr'>firmiori</span> <span class='ocrx_word' id='word_1_40' title='bbox 1208 1131 1275 1192; x_wconf 94' lang='lat' dir='ltr'>illo-</span> 
     </span>
     <span class='ocr_line' id='line_1_7' title="bbox 527 1225 1273 1298; baseline -0.005 -10"><span class='ocrx_word' id='word_1_41' title='bbox 527 1243 598 1288; x_wconf 89' lang='lat' dir='ltr'>rum</span> <span class='ocrx_word' id='word_1_42' title='bbox 620 1226 817 1289; x_wconf 78' lang='lat' dir='ltr'>subsistentia</span> <span class='ocrx_word' id='word_1_43' title='bbox 839 1232 870 1288; x_wconf 89' lang='lat' dir='ltr'>et</span> <span class='ocrx_word' id='word_1_44' title='bbox 887 1225 1033 1288; x_wconf 80' lang='lat' dir='ltr'>exactiori</span> <span class='ocrx_word' id='word_1_45' title='bbox 1049 1225 1273 1298; x_wconf 88' lang='lat' dir='ltr'>observatione,</span> 
     </span>
     <span class='ocr_line' id='line_1_8' title="bbox 527 1317 1273 1399; baseline -0.004 -19"><span class='ocrx_word' id='word_1_46' title='bbox 527 1319 707 1399; x_wconf 90' lang='lat' dir='ltr'>apostolicae</span> <span class='ocrx_word' id='word_1_47' title='bbox 730 1319 972 1382; x_wconf 82' lang='lat' dir='ltr'>confirmationis</span> <span class='ocrx_word' id='word_1_48' title='bbox 1003 1327 1126 1380; x_wconf 89' lang='lat' dir='ltr'>nostrae</span> <span class='ocrx_word' id='word_1_49' title='bbox 1147 1317 1273 1396; x_wconf 92' lang='lat' dir='ltr'>patroci-</span> 
     </span>
     <span class='ocr_line' id='line_1_9' title="bbox 527 1411 1271 1492; baseline -0.004 -17"><span class='ocrx_word' id='word_1_50' title='bbox 527 1415 580 1476; x_wconf 94' lang='lat' dir='ltr'>nio</span> <span class='ocrx_word' id='word_1_51' title='bbox 604 1414 792 1476; x_wconf 87' lang='lat' dir='ltr'>communiri</span> <span class='ocrx_word' id='word_1_52' title='bbox 816 1413 990 1492; x_wconf 89' lang='lat' dir='ltr'>plurimum</span> <span class='ocrx_word' id='word_1_53' title='bbox 1011 1411 1177 1474; x_wconf 79' lang='lat' dir='ltr'>desideret:</span> <span class='ocrx_word' id='word_1_54' title='bbox 1204 1428 1271 1484; x_wconf 90' lang='lat' dir='ltr'>nos,</span> 
     </span>
     <span class='ocr_line' id='line_1_10' title="bbox 527 1506 1272 1587; baseline -0.005 -19"><span class='ocrx_word' id='word_1_55' title='bbox 527 1509 621 1587; x_wconf 89' lang='lat' dir='ltr'>ipsius</span> <span class='ocrx_word' id='word_1_56' title='bbox 639 1508 678 1569; x_wconf 87' lang='lat' dir='ltr'>lr.</span> <span class='ocrx_word' id='word_1_57' title='bbox 701 1507 824 1568; x_wconf 90' lang='lat' dir='ltr'>maioris</span> <span class='ocrx_word' id='word_1_58' title='bbox 845 1507 924 1568; x_wconf 91' lang='lat' dir='ltr'>votis</span> <span class='ocrx_word' id='word_1_59' title='bbox 947 1508 1002 1568; x_wconf 90' lang='lat' dir='ltr'>bac</span> <span class='ocrx_word' id='word_1_60' title='bbox 1023 1506 1056 1568; x_wconf 95' lang='lat' dir='ltr'>in</span> <span class='ocrx_word' id='word_1_61' title='bbox 1071 1520 1104 1566; x_wconf 93' lang='lat' dir='ltr'>re</span> <span class='ocrx_word' id='word_1_62' title='bbox 1120 1511 1272 1583; x_wconf 91' lang='lat' dir='ltr'>quantum</span> 
     </span>
     <span class='ocr_line' id='line_1_11' title="bbox 527 1598 1273 1679; baseline -0.011 -15"><span class='ocrx_word' id='word_1_63' title='bbox 527 1618 599 1664; x_wconf 89' lang='lat' dir='ltr'>curn</span> <span class='ocrx_word' id='word_1_64' title='bbox 630 1599 760 1663; x_wconf 88' lang='lat' dir='ltr'>Domino</span> <span class='ocrx_word' id='word_1_65' title='bbox 791 1615 952 1679; x_wconf 89' lang='lat' dir='ltr'>possumus</span> <span class='ocrx_word' id='word_1_66' title='bbox 983 1598 1194 1660; x_wconf 80' lang='lat' dir='ltr'>favorabiliter</span> <span class='ocrx_word' id='word_1_67' title='bbox 1220 1613 1273 1657; x_wconf 93' lang='lat' dir='ltr'>an-</span> 
     </span>
     <span class='ocr_line' id='line_1_12' title="bbox 527 1686 1275 1772; baseline -0.005 -16"><span class='ocrx_word' id='word_1_68' title='bbox 527 1710 625 1756; x_wconf 91' lang='lat' dir='ltr'>nuere</span> <span class='ocrx_word' id='word_1_69' title='bbox 638 1686 791 1768; x_wconf 69' lang='lat' dir='ltr'>volentes,</span> <span class='ocrx_word' id='word_1_70' title='bbox 805 1707 940 1772; x_wconf 90' lang='lat' dir='ltr'>eumque</span> <span class='ocrx_word' id='word_1_71' title='bbox 951 1707 967 1752; x_wconf 91' lang='lat' dir='ltr'>a</span> <span class='ocrx_word' id='word_1_72' title='bbox 978 1691 1137 1770; x_wconf 87' lang='lat' dir='ltr'>quibusvis</span> <span class='ocrx_word' id='word_1_73' title='bbox 1153 1707 1275 1752; x_wconf 90' lang='lat' dir='ltr'>excom·</span> 
     </span>
     <span class='ocr_line' id='line_1_13' title="bbox 527 1784 1271 1865; baseline -0.005 -16"><span class='ocrx_word' id='word_1_74' title='bbox 527 1787 763 1862; x_wconf 87' lang='lat' dir='ltr'>manicationis,</span> <span class='ocrx_word' id='word_1_75' title='bbox 796 1786 1005 1865; x_wconf 83' lang='lat' dir='ltr'>suspensionis</span> <span class='ocrx_word' id='word_1_76' title='bbox 1036 1792 1067 1846; x_wconf 92' lang='lat' dir='ltr'>et</span> <span class='ocrx_word' id='word_1_77' title='bbox 1098 1784 1271 1858; x_wconf 77' lang='lat' dir='ltr'>interdicti,</span> 
     </span>
     <span class='ocr_line' id='line_1_14' title="bbox 526 1877 1274 1962; baseline -0.004 -21"><span class='ocrx_word' id='word_1_78' title='bbox 526 1881 655 1962; x_wconf 92' lang='lat' dir='ltr'>aliisque</span> <span class='ocrx_word' id='word_1_79' title='bbox 686 1881 897 1944; x_wconf 88' lang='lat' dir='ltr'>ecclesiasticis</span> <span class='ocrx_word' id='word_1_80' title='bbox 927 1879 1106 1953; x_wconf 87' lang='lat' dir='ltr'>sententiis,</span> <span class='ocrx_word' id='word_1_81' title='bbox 1136 1877 1274 1940; x_wconf 88' lang='lat' dir='ltr'>censoris</span> 
     </span>
     <span class='ocr_line' id='line_1_15' title="bbox 527 1972 1273 2055; baseline -0.008 -17"><span class='ocrx_word' id='word_1_82' title='bbox 527 1983 557 2038; x_wconf 87' lang='lat' dir='ltr'>et</span> <span class='ocrx_word' id='word_1_83' title='bbox 585 1976 708 2055; x_wconf 92' lang='lat' dir='ltr'>poenis,</span> <span class='ocrx_word' id='word_1_84' title='bbox 731 1993 747 2038; x_wconf 91' lang='lat' dir='ltr'>a</span> <span class='ocrx_word' id='word_1_85' title='bbox 768 1976 835 2036; x_wconf 89' lang='lat' dir='ltr'>iure</span> <span class='ocrx_word' id='word_1_86' title='bbox 864 1974 914 2034; x_wconf 93' lang='lat' dir='ltr'>vel</span> <span class='ocrx_word' id='word_1_87' title='bbox 935 1974 972 2035; x_wconf 91' lang='lat' dir='ltr'>ab</span> <span class='ocrx_word' id='word_1_88' title='bbox 993 1973 1136 2046; x_wconf 89' lang='lat' dir='ltr'>bomine,</span> <span class='ocrx_word' id='word_1_89' title='bbox 1166 1972 1273 2051; x_wconf 91' lang='lat' dir='ltr'>quavis</span> 
     </span>
     <span class='ocr_line' id='line_1_16' title="bbox 525 2065 1273 2144; baseline -0.003 -14"><span class='ocrx_word' id='word_1_90' title='bbox 525 2070 684 2134; x_wconf 79' lang='lat' dir='ltr'>occasione</span> <span class='ocrx_word' id='word_1_91' title='bbox 704 2069 754 2131; x_wconf 90' lang='lat' dir='ltr'>vel</span> <span class='ocrx_word' id='word_1_92' title='bbox 769 2067 857 2130; x_wconf 74' lang='lat' dir='ltr'>causi</span> <span class='ocrx_word' id='word_1_93' title='bbox 878 2067 962 2141; x_wconf 91' lang='lat' dir='ltr'>latis,</span> <span class='ocrx_word' id='word_1_94' title='bbox 978 2065 1130 2143; x_wconf 90' lang='lat' dir='ltr'>siquibus</span> <span class='ocrx_word' id='word_1_95' title='bbox 1145 2081 1273 2144; x_wconf 88' lang='lat' dir='ltr'>quomo·</span> 
     </span>
     <span class='ocr_line' id='line_1_17' title="bbox 525 2158 1274 2236; baseline -0.008 -12"><span class='ocrx_word' id='word_1_96' title='bbox 525 2163 640 2224; x_wconf 85' lang='lat' dir='ltr'>delibet</span> <span class='ocrx_word' id='word_1_97' title='bbox 655 2163 819 2226; x_wconf 89' lang='lat' dir='ltr'>innodatus</span> <span class='ocrx_word' id='word_1_98' title='bbox 840 2161 955 2234; x_wconf 82' lang='lat' dir='ltr'>existit,</span> <span class='ocrx_word' id='word_1_99' title='bbox 972 2162 1008 2223; x_wconf 92' lang='lat' dir='ltr'>ad</span> <span class='ocrx_word' id='word_1_100' title='bbox 1028 2158 1173 2221; x_wconf 85' lang='lat' dir='ltr'>ellectum</span> <span class='ocrx_word' id='word_1_101' title='bbox 1188 2173 1274 2236; x_wconf 88' lang='lat' dir='ltr'>prae-</span> 
     </span>
     <span class='ocr_line' id='line_1_18' title="bbox 524 2252 1272 2331; baseline -0.005 -13"><span class='ocrx_word' id='word_1_102' title='bbox 524 2257 660 2318; x_wconf 90' lang='lat' dir='ltr'>sentium</span> <span class='ocrx_word' id='word_1_103' title='bbox 681 2255 842 2316; x_wconf 89' lang='lat' dir='ltr'>dumtaxat</span> <span class='ocrx_word' id='word_1_104' title='bbox 868 2254 1138 2331; x_wconf 89' lang='lat' dir='ltr'>consequendum,</span> <span class='ocrx_word' id='word_1_105' title='bbox 1161 2252 1272 2314; x_wconf 91' lang='lat' dir='ltr'>barum</span> 
     </span>
     <span class='ocr_line' id='line_1_19' title="bbox 524 2347 1273 2412; baseline -0.004 -2"><span class='ocrx_word' id='word_1_106' title='bbox 524 2351 605 2412; x_wconf 92' lang='lat' dir='ltr'>serie</span> <span class='ocrx_word' id='word_1_107' title='bbox 635 2349 829 2411; x_wconf 84' lang='lat' dir='ltr'>absolventes</span> <span class='ocrx_word' id='word_1_108' title='bbox 849 2355 880 2410; x_wconf 91' lang='lat' dir='ltr'>et</span> <span class='ocrx_word' id='word_1_109' title='bbox 909 2347 1083 2410; x_wconf 88' lang='lat' dir='ltr'>absolutum</span> <span class='ocrx_word' id='word_1_110' title='bbox 1106 2347 1171 2409; x_wconf 87' lang='lat' dir='ltr'>iore</span> <span class='ocrx_word' id='word_1_111' title='bbox 1203 2363 1273 2408; x_wconf 90' lang='lat' dir='ltr'>cen·</span> 
     </span>
     <span class='ocr_line' id='line_1_20' title="bbox 524 2441 1273 2521; baseline -0.007 -16"><span class='ocrx_word' id='word_1_112' title='bbox 524 2452 639 2517; x_wconf 90' lang='lat' dir='ltr'>sentes,</span> <span class='ocrx_word' id='word_1_113' title='bbox 661 2443 934 2521; x_wconf 85' lang='lat' dir='ltr'>supplicationibus</span> <span class='ocrx_word' id='word_1_114' title='bbox 956 2443 1022 2504; x_wconf 87' lang='lat' dir='ltr'>eins</span> <span class='ocrx_word' id='word_1_115' title='bbox 1043 2441 1170 2502; x_wconf 92' lang='lat' dir='ltr'>nomine</span> <span class='ocrx_word' id='word_1_116' title='bbox 1185 2441 1273 2502; x_wconf 92' lang='lat' dir='ltr'>nobis</span> 
     </span>
     <span class='ocr_line' id='line_1_21' title="bbox 524 2533 1272 2614; baseline -0.003 -18"><span class='ocrx_word' id='word_1_117' title='bbox 524 2551 616 2614; x_wconf 89' lang='lat' dir='ltr'>super</span> <span class='ocrx_word' id='word_1_118' title='bbox 636 2537 694 2597; x_wconf 91' lang='lat' dir='ltr'>boc</span> <span class='ocrx_word' id='word_1_119' title='bbox 715 2535 876 2596; x_wconf 84' lang='lat' dir='ltr'>humiliter</span> <span class='ocrx_word' id='word_1_120' title='bbox 896 2536 1045 2613; x_wconf 90' lang='lat' dir='ltr'>porrectis</span> <span class='ocrx_word' id='word_1_121' title='bbox 1060 2534 1211 2608; x_wconf 89' lang='lat' dir='ltr'>inclinati,</span> <span class='ocrx_word' id='word_1_122' title='bbox 1235 2533 1272 2594; x_wconf 91' lang='lat' dir='ltr'>de</span> 
     </span>
     <span class='ocr_line' id='line_1_22' title="bbox 522 2626 1269 2692; baseline -0.001 -4"><span class='ocrx_word' id='word_1_123' title='bbox 522 2627 749 2690; x_wconf 90' lang='lat' dir='ltr'>venerabilium</span> <span class='ocrx_word' id='word_1_124' title='bbox 772 2627 904 2690; x_wconf 78' lang='lat' dir='ltr'>fratrum</span> <span class='ocrx_word' id='word_1_125' title='bbox 927 2634 1105 2692; x_wconf 90' lang='lat' dir='ltr'>nostrorum</span> <span class='ocrx_word' id='word_1_126' title='bbox 1127 2628 1157 2690; x_wconf 87' lang='lat' dir='ltr'>S.</span> <span class='ocrx_word' id='word_1_127' title='bbox 1175 2627 1210 2688; x_wconf 81' lang='lat' dir='ltr'>tt.</span> <span class='ocrx_word' id='word_1_128' title='bbox 1235 2626 1269 2688; x_wconf 81' lang='lat' dir='ltr'>lt.</span> 
     </span>
     <span class='ocr_line' id='line_1_23' title="bbox 523 2719 1271 2797; baseline -0.004 -14"><span class='ocrx_word' id='word_1_129' title='bbox 523 2720 736 2783; x_wconf 82' lang='lat' dir='ltr'>Cardinalium</span> <span class='ocrx_word' id='word_1_130' title='bbox 772 2721 904 2797; x_wconf 91' lang='lat' dir='ltr'>negotiis</span> <span class='ocrx_word' id='word_1_131' title='bbox 932 2728 963 2782; x_wconf 90' lang='lat' dir='ltr'>et</span> <span class='ocrx_word' id='word_1_132' title='bbox 995 2719 1271 2782; x_wconf 89' lang='lat' dir='ltr'>consultationibus</span> 
     </span>
     <span class='ocr_line' id='line_1_24' title="bbox 523 2813 1273 2894; baseline -0.005 -18"><span class='ocrx_word' id='word_1_133' title='bbox 523 2815 746 2894; x_wconf 82' lang='lat' dir='ltr'>Episcoporum</span> <span class='ocrx_word' id='word_1_134' title='bbox 774 2821 805 2876; x_wconf 92' lang='lat' dir='ltr'>et</span> <span class='ocrx_word' id='word_1_135' title='bbox 825 2814 1047 2891; x_wconf 71' lang='lat' dir='ltr'>tegolariam,</span> <span class='ocrx_word' id='word_1_136' title='bbox 1070 2815 1124 2891; x_wconf 89' lang='lat' dir='ltr'>qui</span> <span class='ocrx_word' id='word_1_137' title='bbox 1150 2813 1273 2874; x_wconf 92' lang='lat' dir='ltr'>relatio·</span> 
     </span>
     <span class='ocr_line' id='line_1_25' title="bbox 524 2906 1272 2969; baseline -0.003 -1"><span class='ocrx_word' id='word_1_138' title='bbox 524 2923 598 2969; x_wconf 89' lang='lat' dir='ltr'>nem</span> <span class='ocrx_word' id='word_1_139' title='bbox 609 2908 711 2969; x_wconf 88' lang='lat' dir='ltr'>dilecti</span> <span class='ocrx_word' id='word_1_140' title='bbox 723 2907 780 2969; x_wconf 88' lang='lat' dir='ltr'>lilii</span> <span class='ocrx_word' id='word_1_141' title='bbox 794 2908 891 2968; x_wconf 89' lang='lat' dir='ltr'>nostri</span> <span class='ocrx_word' id='word_1_142' title='bbox 904 2906 1052 2968; x_wconf 89' lang='lat' dir='ltr'>Bernardi</span> <span class='ocrx_word' id='word_1_143' title='bbox 1067 2907 1178 2968; x_wconf 87' lang='lat' dir='ltr'>Mariae</span> <span class='ocrx_word' id='word_1_144' title='bbox 1191 2906 1272 2968; x_wconf 89' lang='lat' dir='ltr'>eius-</span> 
     </span>
     <span class='ocr_line' id='line_1_26' title="bbox 522 2999 1270 3080; baseline -0.003 -18"><span class='ocrx_word' id='word_1_145' title='bbox 522 3001 593 3062; x_wconf 87' lang='lat' dir='ltr'>dem</span> <span class='ocrx_word' id='word_1_146' title='bbox 613 3000 644 3063; x_wconf 90' lang='lat' dir='ltr'>S.</span> <span class='ocrx_word' id='word_1_147' title='bbox 662 2999 697 3061; x_wconf 80' lang='lat' dir='ltr'>a.</span> <span class='ocrx_word' id='word_1_148' title='bbox 715 3001 749 3062; x_wconf 86' lang='grc' dir='ltr'>Ε.</span> <span class='ocrx_word' id='word_1_149' title='bbox 773 2999 943 3080; x_wconf 76' lang='lat' dir='ltr'>presbyteri</span> <span class='ocrx_word' id='word_1_150' title='bbox 967 2999 1136 3062; x_wconf 89' lang='lat' dir='ltr'>Cardinalis</span> <span class='ocrx_word' id='word_1_151' title='bbox 1158 3001 1195 3062; x_wconf 91' lang='lat' dir='ltr'>de</span> <span class='ocrx_word' id='word_1_152' title='bbox 1213 3000 1270 3062; x_wconf 85' lang='lat' dir='ltr'>Co-</span> 
     </span>
     <span class='ocr_line' id='line_1_27' title="bbox 521 3093 1269 3172; baseline 0.001 -19"><span class='ocrx_word' id='word_1_153' title='bbox 521 3093 649 3155; x_wconf 88' lang='lat' dir='ltr'>mitibus</span> <span class='ocrx_word' id='word_1_154' title='bbox 661 3094 950 3172; x_wconf 88' lang='lat' dir='ltr'>nuncupati,nostri</span> <span class='ocrx_word' id='word_1_155' title='bbox 961 3093 1134 3156; x_wconf 90' lang='lat' dir='ltr'>secundum</span> <span class='ocrx_word' id='word_1_156' title='bbox 1145 3109 1269 3155; x_wconf 91' lang='lat' dir='ltr'>earnem</span> 
     </span>
     <span class='ocr_line' id='line_1_28' title="bbox 522 3185 1270 3265; baseline 0 -19"><span class='ocrx_word' id='word_1_157' title='bbox 522 3185 624 3248; x_wconf 79' lang='lat' dir='ltr'>fratris</span> <span class='ocrx_word' id='word_1_158' title='bbox 651 3189 790 3264; x_wconf 86' lang='lat' dir='ltr'>germani</span> <span class='ocrx_word' id='word_1_159' title='bbox 817 3187 987 3265; x_wconf 89' lang='lat' dir='ltr'>praedictae</span> <span class='ocrx_word' id='word_1_160' title='bbox 1013 3186 1270 3264; x_wconf 75' lang='lat' dir='ltr'>congregationis</span> 
     </span>
     <span class='ocr_line' id='line_1_29' title="bbox 522 3279 1268 3358; baseline -0.004 -16"><span class='ocrx_word' id='word_1_161' title='bbox 522 3280 685 3342; x_wconf 79' lang='lat' dir='ltr'>charitatis</span> <span class='ocrx_word' id='word_1_162' title='bbox 706 3281 785 3358; x_wconf 90' lang='lat' dir='ltr'>apud</span> <span class='ocrx_word' id='word_1_163' title='bbox 807 3296 864 3341; x_wconf 89' lang='lat' dir='ltr'>nos</span> <span class='ocrx_word' id='word_1_164' title='bbox 884 3289 917 3342; x_wconf 92' lang='lat' dir='ltr'>et</span> <span class='ocrx_word' id='word_1_165' title='bbox 939 3279 1049 3344; x_wconf 90' lang='lat' dir='ltr'>Sedem</span> <span class='ocrx_word' id='word_1_166' title='bbox 1064 3279 1268 3357; x_wconf 72' lang='lat' dir='ltr'>apostolicam</span> 
     </span>
     <span class='ocr_line' id='line_1_30' title="bbox 520 3371 1269 3452; baseline -0.003 -18"><span class='ocrx_word' id='word_1_167' title='bbox 520 3375 713 3452; x_wconf 90' lang='lat' dir='ltr'>protectoris,</span> <span class='ocrx_word' id='word_1_168' title='bbox 729 3389 822 3452; x_wconf 90' lang='lat' dir='ltr'>super</span> <span class='ocrx_word' id='word_1_169' title='bbox 842 3374 1016 3452; x_wconf 87' lang='lat' dir='ltr'>praemissis</span> <span class='ocrx_word' id='word_1_170' title='bbox 1035 3374 1151 3435; x_wconf 87' lang='lat' dir='ltr'>eisdem</span> <span class='ocrx_word' id='word_1_171' title='bbox 1166 3371 1269 3435; x_wconf 84' lang='lat' dir='ltr'>Cardi-</span> 
     </span>
     <span class='ocr_line' id='line_1_31' title="bbox 520 3465 1268 3541; baseline -0.003 -13"><span class='ocrx_word' id='word_1_172' title='bbox 520 3468 641 3530; x_wconf 90' lang='lat' dir='ltr'>nalibus</span> <span class='ocrx_word' id='word_1_173' title='bbox 662 3467 773 3530; x_wconf 88' lang='lat' dir='ltr'>iactam</span> <span class='ocrx_word' id='word_1_174' title='bbox 786 3467 949 3541; x_wconf 87' lang='lat' dir='ltr'>viderunt,</span> <span class='ocrx_word' id='word_1_175' title='bbox 971 3467 1110 3540; x_wconf 90' lang='lat' dir='ltr'>consilio,</span> <span class='ocrx_word' id='word_1_176' title='bbox 1127 3465 1268 3528; x_wconf 79' lang='lat' dir='ltr'>fraterni·</span> 
     </span>
     <span class='ocr_line' id='line_1_32' title="bbox 521 3561 1268 3640; baseline 0 -18"><span class='ocrx_word' id='word_1_177' title='bbox 521 3561 576 3622; x_wconf 92' lang='lat' dir='ltr'>tati</span> <span class='ocrx_word' id='word_1_178' title='bbox 607 3569 678 3622; x_wconf 88' lang='lat' dir='ltr'>tuae</span> <span class='ocrx_word' id='word_1_179' title='bbox 698 3577 754 3639; x_wconf 91' lang='lat' dir='ltr'>per</span> <span class='ocrx_word' id='word_1_180' title='bbox 776 3569 952 3640; x_wconf 87' lang='lat' dir='ltr'>praesentes</span> <span class='ocrx_word' id='word_1_181' title='bbox 983 3561 1207 3622; x_wconf 88' lang='lat' dir='ltr'>committimus</span> <span class='ocrx_word' id='word_1_182' title='bbox 1236 3568 1268 3622; x_wconf 90' lang='lat' dir='ltr'>et</span> 
     </span>
     <span class='ocr_line' id='line_1_33' title="bbox 520 3653 1267 3730; baseline -0.003 -14"><span class='ocrx_word' id='word_1_183' title='bbox 520 3655 714 3729; x_wconf 88' lang='lat' dir='ltr'>mandamus,</span> <span class='ocrx_word' id='word_1_184' title='bbox 737 3662 784 3730; x_wconf 92' lang='lat' dir='ltr'>ut,</span> <span class='ocrx_word' id='word_1_185' title='bbox 800 3655 882 3716; x_wconf 90' lang='lat' dir='ltr'>veris</span> <span class='ocrx_word' id='word_1_186' title='bbox 897 3654 1102 3716; x_wconf 87' lang='lat' dir='ltr'>existentibus</span> <span class='ocrx_word' id='word_1_187' title='bbox 1124 3653 1267 3728; x_wconf 90' lang='lat' dir='ltr'>narratis,</span> 
     </span>
     <span class='ocr_line' id='line_1_34' title="bbox 520 3747 1267 3826; baseline 0 -17"><span class='ocrx_word' id='word_1_188' title='bbox 520 3748 624 3810; x_wconf 89' lang='lat' dir='ltr'>audito</span> <span class='ocrx_word' id='word_1_189' title='bbox 646 3754 749 3810; x_wconf 87' lang='lat' dir='ltr'>tamen</span> <span class='ocrx_word' id='word_1_190' title='bbox 765 3747 850 3826; x_wconf 90' lang='lat' dir='ltr'>prius</span> <span class='ocrx_word' id='word_1_191' title='bbox 864 3747 996 3826; x_wconf 89' lang='lat' dir='ltr'>capitulo</span> <span class='ocrx_word' id='word_1_192' title='bbox 1012 3747 1148 3824; x_wconf 82' lang='lat' dir='ltr'>generali</span> <span class='ocrx_word' id='word_1_193' title='bbox 1163 3763 1267 3825; x_wconf 91' lang='lat' dir='ltr'>snpra·</span> 
     </span>
     <span class='ocr_line' id='line_1_35' title="bbox 519 3839 1265 3918; baseline 0.001 -17"><span class='ocrx_word' id='word_1_194' title='bbox 519 3840 616 3904; x_wconf 89' lang='lat' dir='ltr'>dictae</span> <span class='ocrx_word' id='word_1_195' title='bbox 643 3839 911 3918; x_wconf 85' lang='lat' dir='ltr'>Congregationis,</span> <span class='ocrx_word' id='word_1_196' title='bbox 941 3841 977 3902; x_wconf 91' lang='lat' dir='ltr'>ad</span> <span class='ocrx_word' id='word_1_197' title='bbox 1003 3840 1265 3918; x_wconf 88' lang='lat' dir='ltr'>praeinsertorum</span> 
     </span>
     <span class='ocr_line' id='line_1_36' title="bbox 519 3933 1266 3998; baseline 0.001 -3"><span class='ocrx_word' id='word_1_198' title='bbox 519 3941 707 3998; x_wconf 89' lang='lat' dir='ltr'>statutorum</span> <span class='ocrx_word' id='word_1_199' title='bbox 728 3934 995 3995; x_wconf 85' lang='lat' dir='ltr'>confirmationem</span> <span class='ocrx_word' id='word_1_200' title='bbox 1017 3933 1198 3996; x_wconf 90' lang='lat' dir='ltr'>auctoritate</span> <span class='ocrx_word' id='word_1_201' title='bbox 1212 3951 1266 3996; x_wconf 87' lang='lat' dir='ltr'>no·</span> 
     </span>
     <span class='ocr_line' id='line_1_37' title="bbox 519 4027 1266 4107; baseline 0.001 -19"><span class='ocrx_word' id='word_1_202' title='bbox 519 4029 582 4090; x_wconf 78' lang='lat' dir='ltr'>stra</span> <span class='ocrx_word' id='word_1_203' title='bbox 603 4028 764 4107; x_wconf 76' lang='lat' dir='ltr'>apostolici</span> <span class='ocrx_word' id='word_1_204' title='bbox 786 4043 840 4106; x_wconf 93' lang='lat' dir='ltr'>pro</span> <span class='ocrx_word' id='word_1_205' title='bbox 864 4034 916 4090; x_wconf 90' lang='lat' dir='ltr'>tuo</span> <span class='ocrx_word' id='word_1_206' title='bbox 937 4027 1065 4089; x_wconf 88' lang='lat' dir='ltr'>arbitrio</span> <span class='ocrx_word' id='word_1_207' title='bbox 1087 4035 1118 4088; x_wconf 93' lang='lat' dir='ltr'>et</span> <span class='ocrx_word' id='word_1_208' title='bbox 1134 4029 1266 4106; x_wconf 90' lang='lat' dir='ltr'>pruden-</span> 
     </span>
     <span class='ocr_line' id='line_1_38' title="bbox 520 4121 1266 4199; baseline 0.003 -17"><span class='ocrx_word' id='word_1_209' title='bbox 520 4121 560 4182; x_wconf 80' lang='lat' dir='ltr'>tia</span> <span class='ocrx_word' id='word_1_210' title='bbox 581 4123 725 4199; x_wconf 90' lang='lat' dir='ltr'>procedas</span> <span class='ocrx_word' id='word_1_211' title='bbox 753 4123 836 4184; x_wconf 88' lang='lat' dir='ltr'>iuxta</span> <span class='ocrx_word' id='word_1_212' title='bbox 867 4127 1052 4199; x_wconf 87' lang='lat' dir='ltr'>sequentem</span> <span class='ocrx_word' id='word_1_213' title='bbox 1081 4122 1208 4184; x_wconf 90' lang='lat' dir='ltr'>modum</span> <span class='ocrx_word' id='word_1_214' title='bbox 1236 4130 1266 4184; x_wconf 91' lang='lat' dir='ltr'>et</span> 
     </span>
     <span class='ocr_line' id='line_1_39' title="bbox 519 4213 1266 4293; baseline 0.003 -19"><span class='ocrx_word' id='word_1_215' title='bbox 519 4213 633 4276; x_wconf 89' lang='lat' dir='ltr'>additas</span> <span class='ocrx_word' id='word_1_216' title='bbox 654 4215 882 4289; x_wconf 87' lang='lat' dir='ltr'>declarationes,</span> <span class='ocrx_word' id='word_1_217' title='bbox 899 4213 1058 4276; x_wconf 87' lang='lat' dir='ltr'>videlicet:</span> <span class='ocrx_word' id='word_1_218' title='bbox 1077 4231 1138 4292; x_wconf 93' lang='lat' dir='ltr'>quo</span> <span class='ocrx_word' id='word_1_219' title='bbox 1152 4215 1188 4276; x_wconf 91' lang='lat' dir='ltr'>ad</span> <span class='ocrx_word' id='word_1_220' title='bbox 1204 4216 1266 4293; x_wconf 91' lang='lat' dir='ltr'>pri-</span> 
     </span>
     <span class='ocr_line' id='line_1_40' title="bbox 520 4307 1265 4386; baseline 0 -16"><span class='ocrx_word' id='word_1_221' title='bbox 520 4324 619 4382; x_wconf 90' lang='lat' dir='ltr'>mum,</span> <span class='ocrx_word' id='word_1_222' title='bbox 648 4309 690 4369; x_wconf 90' lang='lat' dir='ltr'>ita</span> <span class='ocrx_word' id='word_1_223' title='bbox 711 4315 816 4370; x_wconf 89' lang='lat' dir='ltr'>tamen</span> <span class='ocrx_word' id='word_1_224' title='bbox 845 4315 880 4370; x_wconf 91' lang='lat' dir='ltr'>nt</span> <span class='ocrx_word' id='word_1_225' title='bbox 908 4308 973 4368; x_wconf 92' lang='lat' dir='ltr'>vim</span> <span class='ocrx_word' id='word_1_226' title='bbox 1001 4307 1114 4368; x_wconf 90' lang='lat' dir='ltr'>babere</span> <span class='ocrx_word' id='word_1_227' title='bbox 1141 4307 1265 4386; x_wconf 87' lang='lat' dir='ltr'>incipiat</span> 
     </span>
     <span class='ocr_line' id='line_1_41' title="bbox 519 4400 1265 4479; baseline 0.003 -19"><span class='ocrx_word' id='word_1_228' title='bbox 519 4409 681 4479; x_wconf 90' lang='lat' dir='ltr'>postquam</span> <span class='ocrx_word' id='word_1_229' title='bbox 709 4402 876 4464; x_wconf 90' lang='lat' dir='ltr'>modernus</span> <span class='ocrx_word' id='word_1_230' title='bbox 907 4400 1060 4478; x_wconf 89' lang='lat' dir='ltr'>generalis</span> <span class='ocrx_word' id='word_1_231' title='bbox 1083 4409 1112 4461; x_wconf 89' lang='lat' dir='ltr'>et</span> <span class='ocrx_word' id='word_1_232' title='bbox 1133 4408 1265 4478; x_wconf 89' lang='lat' dir='ltr'>quatuor</span> 
     </span>
     <span class='ocr_line' id='line_1_42' title="bbox 518 4493 1265 4568; baseline 0 -12"><span class='ocrx_word' id='word_1_233' title='bbox 518 4495 684 4560; x_wconf 88' lang='lat' dir='ltr'>consiliarii</span> <span class='ocrx_word' id='word_1_234' title='bbox 706 4495 743 4556; x_wconf 91' lang='lat' dir='ltr'>ab</span> <span class='ocrx_word' id='word_1_235' title='bbox 763 4494 862 4555; x_wconf 90' lang='lat' dir='ltr'>otilcio</span> <span class='ocrx_word' id='word_1_236' title='bbox 883 4495 1089 4568; x_wconf 89' lang='lat' dir='ltr'>cessaverint;</span> <span class='ocrx_word' id='word_1_237' title='bbox 1106 4493 1140 4554; x_wconf 90' lang='lat' dir='ltr'>ad</span> <span class='ocrx_word' id='word_1_238' title='bbox 1156 4511 1265 4556; x_wconf 92' lang='lat' dir='ltr'>secun·</span> 
     </span>
     <span class='ocr_line' id='line_1_43' title="bbox 519 4587 1265 4666; baseline -0.001 -16"><span class='ocrx_word' id='word_1_239' title='bbox 519 4589 605 4662; x_wconf 90' lang='lat' dir='ltr'>dom,</span> <span class='ocrx_word' id='word_1_240' title='bbox 621 4589 689 4649; x_wconf 90' lang='lat' dir='ltr'>sine</span> <span class='ocrx_word' id='word_1_241' title='bbox 703 4587 889 4666; x_wconf 89' lang='lat' dir='ltr'>praeiudicio</span> <span class='ocrx_word' id='word_1_242' title='bbox 904 4587 1121 4664; x_wconf 87' lang='lat' dir='ltr'>religiosorum</span> <span class='ocrx_word' id='word_1_243' title='bbox 1136 4587 1189 4665; x_wconf 91' lang='lat' dir='ltr'>qui</span> <span class='ocrx_word' id='word_1_244' title='bbox 1204 4589 1265 4650; x_wconf 90' lang='lat' dir='ltr'>iam</span> 
     </span>
     <span class='ocr_line' id='line_1_44' title="bbox 519 4679 1264 4756; baseline 0.003 -16"><span class='ocrx_word' id='word_1_245' title='bbox 519 4681 553 4740; x_wconf 94' lang='lat' dir='ltr'>in</span> <span class='ocrx_word' id='word_1_246' title='bbox 575 4680 681 4744; x_wconf 78' lang='lat' dir='ltr'>eadem</span> <span class='ocrx_word' id='word_1_247' title='bbox 704 4681 950 4756; x_wconf 81' lang='lat' dir='ltr'>Congregatione</span> <span class='ocrx_word' id='word_1_248' title='bbox 976 4679 1098 4742; x_wconf 86' lang='lat' dir='ltr'>admissi</span> <span class='ocrx_word' id='word_1_249' title='bbox 1120 4679 1264 4755; x_wconf 88' lang='lat' dir='ltr'>luerunt,</span> 
     </span>
     <span class='ocr_line' id='line_1_45' title="bbox 518 4771 1264 4850; baseline 0 -15"><span class='ocrx_word' id='word_1_250' title='bbox 518 4773 596 4835; x_wconf 88' lang='lat' dir='ltr'>itaut</span> <span class='ocrx_word' id='word_1_251' title='bbox 616 4781 766 4834; x_wconf 91' lang='lat' dir='ltr'>statutum</span> <span class='ocrx_word' id='word_1_252' title='bbox 783 4773 923 4850; x_wconf 88' lang='lat' dir='ltr'>procedat</span> <span class='ocrx_word' id='word_1_253' title='bbox 940 4774 1038 4850; x_wconf 88' lang='lat' dir='ltr'>quoad</span> <span class='ocrx_word' id='word_1_254' title='bbox 1054 4771 1213 4848; x_wconf 87' lang='lat' dir='ltr'>religiosos</span> <span class='ocrx_word' id='word_1_255' title='bbox 1232 4773 1264 4835; x_wconf 96' lang='lat' dir='ltr'>in</span> 
     </span>
     <span class='ocr_line' id='line_1_46' title="bbox 518 4865 1265 4944; baseline 0.004 -18"><span class='ocrx_word' id='word_1_256' title='bbox 518 4865 661 4928; x_wconf 89' lang='lat' dir='ltr'>loturum</span> <span class='ocrx_word' id='word_1_257' title='bbox 675 4865 893 4942; x_wconf 72' lang='lat' dir='ltr'>admittendos,</span> <span class='ocrx_word' id='word_1_258' title='bbox 911 4865 946 4926; x_wconf 89' lang='lat' dir='ltr'>ad</span> <span class='ocrx_word' id='word_1_259' title='bbox 962 4873 1120 4944; x_wconf 89' lang='lat' dir='ltr'>quartum,</span> <span class='ocrx_word' id='word_1_260' title='bbox 1133 4867 1185 4928; x_wconf 91' lang='lat' dir='ltr'>sed</span> <span class='ocrx_word' id='word_1_261' title='bbox 1201 4882 1265 4928; x_wconf 89' lang='lat' dir='ltr'>non</span> 
     </span>
     <span class='ocr_line' id='line_1_47' title="bbox 517 4958 1265 5037; baseline -0.003 -15"><span class='ocrx_word' id='word_1_262' title='bbox 517 4967 703 5022; x_wconf 87' lang='lat' dir='ltr'>censeantur</span> <span class='ocrx_word' id='word_1_263' title='bbox 717 4959 829 5037; x_wconf 90' lang='lat' dir='ltr'>privati</span> <span class='ocrx_word' id='word_1_264' title='bbox 843 4975 919 5021; x_wconf 91' lang='lat' dir='ltr'>voce</span> <span class='ocrx_word' id='word_1_265' title='bbox 938 4959 1054 5037; x_wconf 76' lang='lat' dir='ltr'>passivi</span> <span class='ocrx_word' id='word_1_266' title='bbox 1069 4958 1114 5018; x_wconf 94' lang='lat' dir='ltr'>illi</span> <span class='ocrx_word' id='word_1_267' title='bbox 1129 4960 1265 5020; x_wconf 88' lang='lat' dir='ltr'>sacerdo-</span> 
     </span>
     <span class='ocr_line' id='line_1_48' title="bbox 519 5051 1265 5131; baseline 0 -17"><span class='ocrx_word' id='word_1_268' title='bbox 519 5061 563 5115; x_wconf 88' lang='lat' dir='ltr'>tes</span> <span class='ocrx_word' id='word_1_269' title='bbox 584 5054 638 5131; x_wconf 91' lang='lat' dir='ltr'>qoi</span> <span class='ocrx_word' id='word_1_270' title='bbox 660 5055 795 5131; x_wconf 90' lang='lat' dir='ltr'>promoti</span> <span class='ocrx_word' id='word_1_271' title='bbox 815 5053 903 5115; x_wconf 90' lang='lat' dir='ltr'>tuere</span> <span class='ocrx_word' id='word_1_272' title='bbox 926 5060 1093 5130; x_wconf 89' lang='lat' dir='ltr'>antequam</span> <span class='ocrx_word' id='word_1_273' title='bbox 1107 5051 1169 5129; x_wconf 91' lang='lat' dir='ltr'>ipsa</span> <span class='ocrx_word' id='word_1_274' title='bbox 1185 5054 1265 5114; x_wconf 85' lang='lat' dir='ltr'>Coo-</span> 
     </span>
     <span class='ocr_line' id='line_1_49' title="bbox 518 5145 1265 5224; baseline -0.005 -15"><span class='ocrx_word' id='word_1_275' title='bbox 518 5147 656 5224; x_wconf 86' lang='lat' dir='ltr'>gregatio</span> <span class='ocrx_word' id='word_1_276' title='bbox 672 5147 705 5209; x_wconf 93' lang='lat' dir='ltr'>in</span> <span class='ocrx_word' id='word_1_277' title='bbox 723 5147 907 5224; x_wconf 83' lang='lat' dir='ltr'>religionem</span> <span class='ocrx_word' id='word_1_278' title='bbox 922 5146 1106 5222; x_wconf 75' lang='lat' dir='ltr'>eligeretur,</span> <span class='ocrx_word' id='word_1_279' title='bbox 1126 5145 1162 5206; x_wconf 90' lang='lat' dir='ltr'>ad</span> <span class='ocrx_word' id='word_1_280' title='bbox 1173 5145 1265 5222; x_wconf 90' lang='lat' dir='ltr'>septi·</span> 
     </span>
     <span class='ocr_line' id='line_1_50' title="bbox 517 5238 1265 5316; baseline -0.005 -14"><span class='ocrx_word' id='word_1_281' title='bbox 517 5257 619 5316; x_wconf 90' lang='lat' dir='ltr'>mam,</span> <span class='ocrx_word' id='word_1_282' title='bbox 635 5241 675 5302; x_wconf 94' lang='lat' dir='ltr'>ita</span> <span class='ocrx_word' id='word_1_283' title='bbox 698 5250 802 5302; x_wconf 89' lang='lat' dir='ltr'>tamen</span> <span class='ocrx_word' id='word_1_284' title='bbox 824 5247 860 5302; x_wconf 93' lang='lat' dir='ltr'>ut</span> <span class='ocrx_word' id='word_1_285' title='bbox 883 5238 1058 5316; x_wconf 89' lang='lat' dir='ltr'>praesidens</span> <span class='ocrx_word' id='word_1_286' title='bbox 1079 5239 1111 5299; x_wconf 94' lang='lat' dir='ltr'>in</span> <span class='ocrx_word' id='word_1_287' title='bbox 1132 5238 1265 5315; x_wconf 91' lang='lat' dir='ltr'>capitulo</span> 
     </span>
     <span class='ocr_line' id='line_1_51' title="bbox 517 5331 1264 5409; baseline -0.005 -13"><span class='ocrx_word' id='word_1_288' title='bbox 517 5335 578 5397; x_wconf 90' lang='lat' dir='ltr'>nisi</span> <span class='ocrx_word' id='word_1_289' title='bbox 604 5351 677 5397; x_wconf 93' lang='lat' dir='ltr'>cum</span> <span class='ocrx_word' id='word_1_290' title='bbox 698 5334 814 5396; x_wconf 87' lang='lat' dir='ltr'>duabus</span> <span class='ocrx_word' id='word_1_291' title='bbox 828 5350 867 5394; x_wconf 93' lang='lat' dir='ltr'>ex</span> <span class='ocrx_word' id='word_1_292' title='bbox 882 5333 979 5394; x_wconf 89' lang='lat' dir='ltr'>tribus</span> <span class='ocrx_word' id='word_1_293' title='bbox 1000 5332 1138 5409; x_wconf 90' lang='lat' dir='ltr'>partibus</span> <span class='ocrx_word' id='word_1_294' title='bbox 1157 5331 1264 5394; x_wconf 81' lang='lat' dir='ltr'>sotira-</span> 
     </span>
     <span class='ocr_line' id='line_1_52' title="bbox 517 5425 1264 5506; baseline -0.004 -18"><span class='ocrx_word' id='word_1_295' title='bbox 517 5429 641 5504; x_wconf 82' lang='lat' dir='ltr'>giorum</span> <span class='ocrx_word' id='word_1_296' title='bbox 655 5428 728 5505; x_wconf 80' lang='lat' dir='ltr'>eligi</span> <span class='ocrx_word' id='word_1_297' title='bbox 751 5434 898 5506; x_wconf 85' lang='lat' dir='ltr'>nequeat:</span> <span class='ocrx_word' id='word_1_298' title='bbox 915 5425 996 5486; x_wconf 79' lang='lat' dir='ltr'>salvd</span> <span class='ocrx_word' id='word_1_299' title='bbox 1015 5431 1120 5486; x_wconf 86' lang='lat' dir='ltr'>tamen</span> <span class='ocrx_word' id='word_1_300' title='bbox 1141 5439 1264 5503; x_wconf 90' lang='lat' dir='ltr'>semper</span> 
     </span>
     <span class='ocr_line' id='line_1_53' title="bbox 516 5517 1263 5600; baseline -0.007 -17"><span class='ocrx_word' id='word_1_301' title='bbox 516 5523 549 5584; x_wconf 90' lang='lat' dir='ltr'>in</span> <span class='ocrx_word' id='word_1_302' title='bbox 581 5522 752 5600; x_wconf 87' lang='lat' dir='ltr'>praemissis</span> <span class='ocrx_word' id='word_1_303' title='bbox 787 5519 968 5582; x_wconf 88' lang='lat' dir='ltr'>auctoritate</span> <span class='ocrx_word' id='word_1_304' title='bbox 1007 5517 1263 5594; x_wconf 80' lang='lat' dir='ltr'>congregationis</span> 
     </span>
     <span class='ocr_line' id='line_1_54' title="bbox 516 5606 941 5678; baseline -0.007 -2"><span class='ocrx_word' id='word_1_305' title='bbox 516 5617 699 5678; x_wconf 89' lang='lat' dir='ltr'>eorumdem</span> <span class='ocrx_word' id='word_1_306' title='bbox 722 5606 941 5678; x_wconf 85' lang='lat' dir='ltr'>cardinalium.</span> 
     </span>
    </p>
   </div>
   <div class='ocr_carea' id='block_1_4' title="bbox 517 5854 1261 5970">
    <p class='ocr_par' dir='ltr' id='par_1_4' title="bbox 517 5854 1261 5970">
     <span class='ocr_line' id='line_1_55' title="bbox 558 5854 1261 5914; baseline 0.004 -14"><span class='ocrx_word' id='word_1_307' title='bbox 558 5857 587 5914; x_wconf 83' lang='lat' dir='ltr'>(l)</span> <span class='ocrx_word' id='word_1_308' title='bbox 604 5858 640 5901; x_wconf 78' lang='lat' dir='ltr'>Ex</span> <span class='ocrx_word' id='word_1_309' title='bbox 654 5859 757 5912; x_wconf 84' lang='lat' dir='ltr'>Regest.</span> <span class='ocrx_word' id='word_1_310' title='bbox 772 5854 799 5901; x_wconf 84' lang='lat' dir='ltr'>iri</span> <span class='ocrx_word' id='word_1_311' title='bbox 814 5857 889 5902; x_wconf 65' lang='lat' dir='ltr'>arch.</span> <span class='ocrx_word' id='word_1_312' title='bbox 905 5859 976 5902; x_wconf 86' lang='lat' dir='ltr'>Brev.</span> <span class='ocrx_word' id='word_1_313' title='bbox 994 5859 1086 5903; x_wconf 83' lang='lat' dir='ltr'>[trecta</span> <span class='ocrx_word' id='word_1_314' title='bbox 1101 5857 1149 5902; x_wconf 83' lang='lat' dir='ltr'>tuit</span> <span class='ocrx_word' id='word_1_315' title='bbox 1160 5857 1261 5903; x_wconf 87' lang='lat' dir='ltr'>univer·</span> 
     </span>
     <span class='ocr_line' id='line_1_56' title="bbox 517 5922 1261 5970; baseline 0 0"><span class='ocrx_word' id='word_1_316' title='bbox 517 5922 581 5970; x_wconf 83' lang='lat' dir='ltr'>sitas</span> <span class='ocrx_word' id='word_1_317' title='bbox 597 5924 622 5969; x_wconf 92' lang='lat' dir='ltr'>in</span> <span class='ocrx_word' id='word_1_318' title='bbox 637 5924 744 5969; x_wconf 87' lang='lat' dir='ltr'>civitate</span> <span class='ocrx_word' id='word_1_319' title='bbox 765 5925 915 5970; x_wconf 81' lang='lat' dir='ltr'>(tuatimala</span> <span class='ocrx_word' id='word_1_320' title='bbox 929 5925 962 5970; x_wconf 84' lang='lat' dir='ltr'>ab</span> <span class='ocrx_word' id='word_1_321' title='bbox 983 5926 1134 5970; x_wconf 88' lang='lat' dir='ltr'>Innocentio</span> <span class='ocrx_word' id='word_1_322' title='bbox 1148 5928 1188 5970; x_wconf 77' lang='lat' dir='ltr'>Xl.</span> <span class='ocrx_word' id='word_1_323' title='bbox 1204 5937 1261 5970; x_wconf 88' lang='lat' dir='ltr'>corr-</span> 
     </span>
    </p>
   </div>
   <div class='ocr_carea' id='block_1_5' title="bbox 1049 541 1547 593">
    <p class='ocr_par' dir='ltr' id='par_1_5' title="bbox 1049 541 1547 593">
     <span class='ocr_line' id='line_1_57' title="bbox 1049 541 1547 593; baseline 0 -4"><span class='ocrx_word' id='word_1_324' title='bbox 1049 541 1113 591; x_wconf 78' lang='lat' dir='ltr'>toll.</span> <span class='ocrx_word' id='word_1_325' title='bbox 1138 541 1229 593; x_wconf 83' lang='lat' dir='ltr'><strong>PONT.</strong></span> <span class='ocrx_word' id='word_1_326' title='bbox 1253 543 1293 592; x_wconf 76' lang='lat' dir='ltr'>DE</span> <span class='ocrx_word' id='word_1_327' title='bbox 1315 542 1344 592; x_wconf 81' lang='grc' dir='ltr'>Ρ.</span> <span class='ocrx_word' id='word_1_328' title='bbox 1368 542 1397 592; x_wconf 75' lang='lat' dir='ltr'>F·</span> <span class='ocrx_word' id='word_1_329' title='bbox 1422 541 1504 592; x_wconf 76' lang='lat' dir='ltr'>PARS</span> <span class='ocrx_word' id='word_1_330' title='bbox 1526 543 1547 590; x_wconf 89' lang='grc' dir='ltr'>Ι.</span> 
     </span>
    </p>
   </div>
   <div class='ocr_carea' id='block_1_6' title="bbox 2111 527 2312 586">
    <p class='ocr_par' dir='ltr' id='par_1_6' title="bbox 2111 527 2312 586">
     <span class='ocr_line' id='line_1_58' title="bbox 2111 527 2312 586; baseline 0.015 -6"><span class='ocrx_word' id='word_1_331' title='bbox 2111 527 2211 586; x_wconf 73' lang='lat' dir='ltr'>Amo.</span> <span class='ocrx_word' id='word_1_332' title='bbox 2238 529 2312 583; x_wconf 73' lang='lat'>1722</span> 
     </span>
    </p>
   </div>
   <div class='ocr_carea' id='block_1_7' title="bbox 1326 661 2279 2421">
    <p class='ocr_par' dir='ltr' id='par_1_7' title="bbox 1326 661 2279 2140">
     <span class='ocr_line' id='line_1_59' title="bbox 1372 661 2279 742; baseline -0.002 -16"><span class='ocrx_word' id='word_1_333' title='bbox 1372 666 1391 739; x_wconf 61' lang='grc' dir='ltr'>ὅ</span> <span class='ocrx_word' id='word_1_334' title='bbox 1411 664 1440 726; x_wconf 84' lang='grc'>3.</span> <span class='ocrx_word' id='word_1_335' title='bbox 1465 663 1532 726; x_wconf 94' lang='lat' dir='ltr'>Non</span> <span class='ocrx_word' id='word_1_336' title='bbox 1548 663 1740 727; x_wconf 90' lang='lat' dir='ltr'>obstantibus</span> <span class='ocrx_word' id='word_1_337' title='bbox 1758 661 1943 742; x_wconf 89' lang='lat' dir='ltr'>praemissis,</span> <span class='ocrx_word' id='word_1_338' title='bbox 1960 681 1993 726; x_wconf 90' lang='lat' dir='ltr'>ac</span> <span class='ocrx_word' id='word_1_339' title='bbox 2007 678 2078 726; x_wconf 89' lang='lat' dir='ltr'>con·</span> <span class='ocrx_word' id='word_1_340' title='bbox 2125 678 2279 728; x_wconf 74' lang='lat' dir='ltr'>clausulae.</span> 
     </span>
     <span class='ocr_line' id='line_1_60' title="bbox 1332 757 2078 832; baseline 0.003 -14"><span class='ocrx_word' id='word_1_341' title='bbox 1332 757 1545 820; x_wconf 84' lang='lat' dir='ltr'>stitutionilrus</span> <span class='ocrx_word' id='word_1_342' title='bbox 1583 766 1614 820; x_wconf 89' lang='lat' dir='ltr'>et</span> <span class='ocrx_word' id='word_1_343' title='bbox 1651 758 1916 832; x_wconf 86' lang='lat' dir='ltr'>ordinationibus,</span> <span class='ocrx_word' id='word_1_344' title='bbox 1956 773 2078 820; x_wconf 91' lang='lat' dir='ltr'>necnon</span> 
     </span>
     <span class='ocr_line' id='line_1_61' title="bbox 1332 851 2080 928; baseline 0.004 -17"><span class='ocrx_word' id='word_1_345' title='bbox 1332 851 1500 928; x_wconf 89' lang='lat' dir='ltr'>praedictae</span> <span class='ocrx_word' id='word_1_346' title='bbox 1516 851 1772 928; x_wconf 75' lang='lat' dir='ltr'>congregationis</span> <span class='ocrx_word' id='word_1_347' title='bbox 1788 851 1963 926; x_wconf 85' lang='lat' dir='ltr'>Cbaritatis,</span> <span class='ocrx_word' id='word_1_348' title='bbox 1975 852 2080 914; x_wconf 90' lang='lat' dir='ltr'>aliisve</span> 
     </span>
     <span class='ocr_line' id='line_1_62' title="bbox 1332 943 2080 1022; baseline 0.004 -18"><span class='ocrx_word' id='word_1_349' title='bbox 1332 943 1502 1022; x_wconf 88' lang='lat' dir='ltr'>quibusvis,</span> <span class='ocrx_word' id='word_1_350' title='bbox 1525 945 1619 1006; x_wconf 92' lang='lat' dir='ltr'>etiam</span> <span class='ocrx_word' id='word_1_351' title='bbox 1639 946 1823 1018; x_wconf 89' lang='lat' dir='ltr'>iuramento,</span> <span class='ocrx_word' id='word_1_352' title='bbox 1844 945 2080 1007; x_wconf 85' lang='lat' dir='ltr'>confirmatione</span> 
     </span>
     <span class='ocr_line' id='line_1_63' title="bbox 1330 1036 2080 1115; baseline 0.004 -20"><span class='ocrx_word' id='word_1_353' title='bbox 1330 1036 1504 1114; x_wconf 78' lang='lat' dir='ltr'>apostolica,</span> <span class='ocrx_word' id='word_1_354' title='bbox 1521 1037 1572 1098; x_wconf 88' lang='lat' dir='ltr'>vel</span> <span class='ocrx_word' id='word_1_355' title='bbox 1593 1038 1701 1115; x_wconf 89' lang='lat' dir='ltr'>quavis</span> <span class='ocrx_word' id='word_1_356' title='bbox 1720 1038 1866 1100; x_wconf 88' lang='lat' dir='ltr'>firmitate</span> <span class='ocrx_word' id='word_1_357' title='bbox 1880 1037 1936 1100; x_wconf 91' lang='lat' dir='ltr'>alia</span> <span class='ocrx_word' id='word_1_358' title='bbox 1958 1037 2080 1098; x_wconf 90' lang='lat' dir='ltr'>robora·</span> 
     </span>
     <span class='ocr_line' id='line_1_64' title="bbox 1331 1129 2079 1208; baseline 0.001 -20"><span class='ocrx_word' id='word_1_359' title='bbox 1331 1129 1380 1202; x_wconf 92' lang='lat' dir='ltr'>tis,</span> <span class='ocrx_word' id='word_1_360' title='bbox 1402 1129 1524 1190; x_wconf 91' lang='lat' dir='ltr'>statutis</span> <span class='ocrx_word' id='word_1_361' title='bbox 1545 1137 1576 1190; x_wconf 90' lang='lat' dir='ltr'>et</span> <span class='ocrx_word' id='word_1_362' title='bbox 1597 1129 1885 1204; x_wconf 89' lang='lat' dir='ltr'>consuetudinibus,</span> <span class='ocrx_word' id='word_1_363' title='bbox 1908 1129 2079 1208; x_wconf 83' lang='lat' dir='ltr'>privilegiis</span> 
     </span>
     <span class='ocr_line' id='line_1_65' title="bbox 1331 1222 2078 1301; baseline 0.003 -19"><span class='ocrx_word' id='word_1_364' title='bbox 1331 1222 2078 1301; x_wconf 88' lang='lat' dir='ltr'>quoque,indultisetlitterisapostolicisincon·</span> 
     </span>
     <span class='ocr_line' id='line_1_66' title="bbox 1330 1315 2079 1394; baseline 0.005 -20"><span class='ocrx_word' id='word_1_365' title='bbox 1330 1315 1461 1376; x_wconf 83' lang='lat' dir='ltr'>ararium</span> <span class='ocrx_word' id='word_1_366' title='bbox 1482 1315 1722 1394; x_wconf 89' lang='lat' dir='ltr'>praemissorum</span> <span class='ocrx_word' id='word_1_367' title='bbox 1747 1315 1978 1394; x_wconf 85' lang='lat' dir='ltr'>quomodolibet</span> <span class='ocrx_word' id='word_1_368' title='bbox 2006 1333 2079 1378; x_wconf 91' lang='lat' dir='ltr'>con-</span> 
     </span>
     <span class='ocr_line' id='line_1_67' title="bbox 1330 1408 2078 1487; baseline 0.007 -20"><span class='ocrx_word' id='word_1_369' title='bbox 1330 1408 1431 1482; x_wconf 86' lang='lat' dir='ltr'>cessis,</span> <span class='ocrx_word' id='word_1_370' title='bbox 1448 1408 1637 1472; x_wconf 89' lang='lat' dir='ltr'>consumatis</span> <span class='ocrx_word' id='word_1_371' title='bbox 1652 1417 1683 1471; x_wconf 90' lang='lat' dir='ltr'>et</span> <span class='ocrx_word' id='word_1_372' title='bbox 1698 1409 1871 1486; x_wconf 88' lang='lat' dir='ltr'>innovatis;</span> <span class='ocrx_word' id='word_1_373' title='bbox 1887 1409 1999 1487; x_wconf 91' lang='lat' dir='ltr'>quibus</span> <span class='ocrx_word' id='word_1_374' title='bbox 2014 1425 2078 1472; x_wconf 88' lang='lat' dir='ltr'>om-</span> 
     </span>
     <span class='ocr_line' id='line_1_68' title="bbox 1330 1499 2077 1580; baseline 0.007 -20"><span class='ocrx_word' id='word_1_375' title='bbox 1330 1499 1420 1561; x_wconf 90' lang='lat' dir='ltr'>nibus</span> <span class='ocrx_word' id='word_1_376' title='bbox 1441 1510 1471 1562; x_wconf 90' lang='lat' dir='ltr'>et</span> <span class='ocrx_word' id='word_1_377' title='bbox 1485 1501 1633 1578; x_wconf 87' lang='lat' dir='ltr'>singulis,</span> <span class='ocrx_word' id='word_1_378' title='bbox 1649 1501 1776 1562; x_wconf 89' lang='lat' dir='ltr'>illorum</span> <span class='ocrx_word' id='word_1_379' title='bbox 1798 1509 1921 1563; x_wconf 89' lang='lat' dir='ltr'>tenores</span> <span class='ocrx_word' id='word_1_380' title='bbox 1936 1518 2077 1580; x_wconf 87' lang='lat' dir='ltr'>praesen-</span> 
     </span>
     <span class='ocr_line' id='line_1_69' title="bbox 1329 1593 2078 1673; baseline 0.007 -20"><span class='ocrx_word' id='word_1_381' title='bbox 1329 1593 1411 1656; x_wconf 89' lang='lat' dir='ltr'>tibus</span> <span class='ocrx_word' id='word_1_382' title='bbox 1432 1609 1486 1671; x_wconf 91' lang='lat' dir='ltr'>pro</span> <span class='ocrx_word' id='word_1_383' title='bbox 1507 1593 1599 1673; x_wconf 91' lang='lat' dir='ltr'>plene</span> <span class='ocrx_word' id='word_1_384' title='bbox 1619 1602 1651 1655; x_wconf 90' lang='lat' dir='ltr'>et</span> <span class='ocrx_word' id='word_1_385' title='bbox 1671 1593 1862 1658; x_wconf 85' lang='lat' dir='ltr'>sufficienter</span> <span class='ocrx_word' id='word_1_386' title='bbox 1879 1597 2030 1673; x_wconf 88' lang='lat' dir='ltr'>expressis</span> <span class='ocrx_word' id='word_1_387' title='bbox 2044 1613 2078 1658; x_wconf 90' lang='lat' dir='ltr'>ac</span> 
     </span>
     <span class='ocr_line' id='line_1_70' title="bbox 1329 1687 2076 1762; baseline 0.008 -18"><span class='ocrx_word' id='word_1_388' title='bbox 1329 1687 1363 1748; x_wconf 86' lang='lat' dir='ltr'>ad</span> <span class='ocrx_word' id='word_1_389' title='bbox 1386 1687 1518 1749; x_wconf 91' lang='lat' dir='ltr'>verbum</span> <span class='ocrx_word' id='word_1_390' title='bbox 1541 1688 1663 1748; x_wconf 89' lang='lat' dir='ltr'>insertis</span> <span class='ocrx_word' id='word_1_391' title='bbox 1685 1688 1843 1762; x_wconf 89' lang='lat' dir='ltr'>babentes,</span> <span class='ocrx_word' id='word_1_392' title='bbox 1867 1688 1928 1750; x_wconf 91' lang='lat' dir='ltr'>illis</span> <span class='ocrx_word' id='word_1_393' title='bbox 1950 1689 2022 1750; x_wconf 77' lang='lat' dir='ltr'>alias</span> <span class='ocrx_word' id='word_1_394' title='bbox 2044 1691 2076 1750; x_wconf 96' lang='lat' dir='ltr'>in</span> 
     </span>
     <span class='ocr_line' id='line_1_71' title="bbox 1329 1781 2078 1862; baseline 0.005 -22"><span class='ocrx_word' id='word_1_395' title='bbox 1329 1797 1384 1842; x_wconf 90' lang='lat' dir='ltr'>suo</span> <span class='ocrx_word' id='word_1_396' title='bbox 1406 1781 1515 1842; x_wconf 89' lang='lat' dir='ltr'>robore</span> <span class='ocrx_word' id='word_1_397' title='bbox 1537 1782 1758 1860; x_wconf 89' lang='lat' dir='ltr'>permansuris,</span> <span class='ocrx_word' id='word_1_398' title='bbox 1781 1781 1817 1842; x_wconf 89' lang='lat' dir='ltr'>ad</span> <span class='ocrx_word' id='word_1_399' title='bbox 1839 1783 2078 1862; x_wconf 89' lang='lat' dir='ltr'>praemissorum</span> 
     </span>
     <span class='ocr_line' id='line_1_72' title="bbox 1329 1874 2077 1954; baseline 0.004 -20"><span class='ocrx_word' id='word_1_400' title='bbox 1329 1874 1486 1949; x_wconf 82' lang='lat' dir='ltr'>edoctum,</span> <span class='ocrx_word' id='word_1_401' title='bbox 1502 1877 1557 1937; x_wconf 92' lang='lat' dir='ltr'>bac</span> <span class='ocrx_word' id='word_1_402' title='bbox 1579 1875 1646 1937; x_wconf 90' lang='lat' dir='ltr'>vice</span> <span class='ocrx_word' id='word_1_403' title='bbox 1665 1875 1836 1950; x_wconf 90' lang='lat' dir='ltr'>dumtaxat,</span> <span class='ocrx_word' id='word_1_404' title='bbox 1859 1875 2032 1954; x_wconf 88' lang='lat' dir='ltr'>specialiter</span> <span class='ocrx_word' id='word_1_405' title='bbox 2046 1884 2077 1938; x_wconf 90' lang='lat' dir='ltr'>et</span> 
     </span>
     <span class='ocr_line' id='line_1_73' title="bbox 1326 1968 2077 2048; baseline 0.003 -19"><span class='ocrx_word' id='word_1_406' title='bbox 1326 1983 1472 2046; x_wconf 87' lang='lat' dir='ltr'>expresse</span> <span class='ocrx_word' id='word_1_407' title='bbox 1492 1968 1694 2046; x_wconf 87' lang='lat' dir='ltr'>derogamus;</span> <span class='ocrx_word' id='word_1_408' title='bbox 1716 1969 1889 2048; x_wconf 85' lang='lat' dir='ltr'>ceterisque</span> <span class='ocrx_word' id='word_1_409' title='bbox 1916 1971 2077 2032; x_wconf 90' lang='lat' dir='ltr'>contrariis</span> 
     </span>
     <span class='ocr_line' id='line_1_74' title="bbox 1329 2061 1586 2140; baseline -0.004 -18"><span class='ocrx_word' id='word_1_410' title='bbox 1329 2061 1586 2140; x_wconf 89' lang='lat' dir='ltr'>quibuscumque.</span> 
     </span>
    </p>

    <p class='ocr_par' dir='ltr' id='par_1_8' title="bbox 1329 2156 2076 2421">
     <span class='ocr_line' id='line_1_75' title="bbox 1369 2156 2075 2234; baseline 0.001 -17"><span class='ocrx_word' id='word_1_411' title='bbox 1369 2157 1479 2218; x_wconf 88' lang='lat' dir='ltr'>Datum</span> <span class='ocrx_word' id='word_1_412' title='bbox 1511 2156 1637 2230; x_wconf 87' lang='lat' dir='ltr'>llomae,</span> <span class='ocrx_word' id='word_1_413' title='bbox 1665 2157 1745 2234; x_wconf 88' lang='lat' dir='ltr'>apud</span> <span class='ocrx_word' id='word_1_414' title='bbox 1775 2157 1805 2220; x_wconf 91' lang='lat' dir='ltr'>S.</span> <span class='ocrx_word' id='word_1_415' title='bbox 1830 2157 1956 2219; x_wconf 87' lang='lat' dir='ltr'>Mariam</span> <span class='ocrx_word' id='word_1_416' title='bbox 1985 2158 2075 2221; x_wconf 89' lang='lat' dir='ltr'>lllaio-</span> 
     </span>
     <span class='ocr_line' id='line_1_76' title="bbox 1329 2249 2076 2328; baseline 0.001 -16"><span class='ocrx_word' id='word_1_417' title='bbox 1329 2265 1408 2324; x_wconf 92' lang='lat' dir='ltr'>rem,</span> <span class='ocrx_word' id='word_1_418' title='bbox 1429 2249 1487 2310; x_wconf 92' lang='lat' dir='ltr'>sub</span> <span class='ocrx_word' id='word_1_419' title='bbox 1507 2249 1625 2310; x_wconf 90' lang='lat' dir='ltr'>annulo</span> <span class='ocrx_word' id='word_1_420' title='bbox 1647 2249 1817 2324; x_wconf 88' lang='lat' dir='ltr'>Piscatoris,</span> <span class='ocrx_word' id='word_1_421' title='bbox 1840 2251 1889 2312; x_wconf 88' lang='lat' dir='ltr'>die</span> <span class='ocrx_word' id='word_1_422' title='bbox 1905 2268 1960 2312; x_wconf 91' lang='lat' dir='ltr'>vu.</span> <span class='ocrx_word' id='word_1_423' title='bbox 1979 2268 2076 2328; x_wconf 81' lang='lat' dir='ltr'>augu</span> 
     </span>
     <span class='ocr_line' id='line_1_77' title="bbox 1330 2343 2009 2421; baseline -0.001 -16"><span class='ocrx_word' id='word_1_424' title='bbox 1330 2359 1511 2418; x_wconf 78' lang='lat' dir='ltr'>uncorum,</span> <span class='ocrx_word' id='word_1_425' title='bbox 1534 2343 1730 2421; x_wconf 82' lang='lat' dir='ltr'>pontificatus</span> <span class='ocrx_word' id='word_1_426' title='bbox 1752 2343 1850 2404; x_wconf 92' lang='lat' dir='ltr'>nostri</span> <span class='ocrx_word' id='word_1_427' title='bbox 1871 2360 1952 2406; x_wconf 91' lang='lat' dir='ltr'>anno</span> <span class='ocrx_word' id='word_1_428' title='bbox 1974 2363 2009 2406; x_wconf 92' lang='lat' dir='ltr'>u.</span> 
     </span>
    </p>
   </div>
   <div class='ocr_carea' id='block_1_8' title="bbox 1584 2503 1822 2518">
    <p class='ocr_par' dir='ltr' id='par_1_9' title="bbox 1584 2503 1822 2518">
     <span class='ocr_line' id='line_1_78' title="bbox 1584 2503 1822 2518; baseline -0.004 -7"><span class='ocrx_word' id='word_1_429' title='bbox 1584 2503 1822 2518; x_wconf 70' lang='grc'>.-.-.....,.,........</span> 
     </span>
    </p>
   </div>
   <div class='ocr_carea' id='block_1_9' title="bbox 1601 2627 1719 2710">
    <p class='ocr_par' dir='ltr' id='par_1_10' title="bbox 1601 2627 1719 2710">
     <span class='ocr_line' id='line_1_79' title="bbox 1601 2627 1719 2710; baseline 0 0"><span class='ocrx_word' id='word_1_430' title='bbox 1601 2627 1719 2710; x_wconf 74' lang='lat' dir='ltr'>x.</span> 
     </span>
    </p>
   </div>
   <div class='ocr_carea' id='block_1_10' title="bbox 1330 2811 2074 3080">
    <p class='ocr_par' dir='ltr' id='par_1_11' title="bbox 1330 2811 2074 3080">
     <span class='ocr_line' id='line_1_80' title="bbox 1330 2811 2074 2894; baseline -0.001 -20"><span class='ocrx_word' id='word_1_431' title='bbox 1330 2811 1438 2891; x_wconf 80' lang='lat' dir='ltr'>ilriqit</span> <span class='ocrx_word' id='word_1_432' title='bbox 1464 2812 1712 2876; x_wconf 82' lang='lat' dir='ltr'>lloiecrsitotrac</span> <span class='ocrx_word' id='word_1_433' title='bbox 1732 2814 1837 2875; x_wconf 84' lang='lat' dir='ltr'>studii</span> <span class='ocrx_word' id='word_1_434' title='bbox 1858 2814 2017 2894; x_wconf 80' lang='lat' dir='ltr'>pecoralis</span> <span class='ocrx_word' id='word_1_435' title='bbox 2040 2813 2074 2874; x_wconf 85' lang='lat' dir='ltr'>io</span> 
     </span>
     <span class='ocr_line' id='line_1_81' title="bbox 1366 2904 2073 2970; baseline 0.003 -6"><span class='ocrx_word' id='word_1_436' title='bbox 1366 2906 1499 2967; x_wconf 85' lang='lat' dir='ltr'>cicitotc</span> <span class='ocrx_word' id='word_1_437' title='bbox 1531 2905 1562 2968; x_wconf 92' lang='lat' dir='ltr'>S.</span> <span class='ocrx_word' id='word_1_438' title='bbox 1587 2904 1690 2968; x_wconf 80' lang='lat' dir='ltr'>iacobi</span> <span class='ocrx_word' id='word_1_439' title='bbox 1712 2906 1748 2968; x_wconf 85' lang='lat' dir='ltr'>de</span> <span class='ocrx_word' id='word_1_440' title='bbox 1770 2908 1851 2968; x_wconf 86' lang='lat' dir='ltr'>Lcoo</span> <span class='ocrx_word' id='word_1_441' title='bbox 1873 2907 1909 2968; x_wconf 85' lang='lat' dir='ltr'>dc</span> <span class='ocrx_word' id='word_1_442' title='bbox 1933 2909 2073 2970; x_wconf 80' lang='lat' dir='ltr'>Caracca</span> 
     </span>
     <span class='ocr_line' id='line_1_82' title="bbox 1369 2997 1893 3080; baseline -0.004 -20"><span class='ocrx_word' id='word_1_443' title='bbox 1369 2999 1536 3060; x_wconf 85' lang='lat' dir='ltr'>lodiorom</span> <span class='ocrx_word' id='word_1_444' title='bbox 1562 2997 1817 3062; x_wconf 85' lang='lat' dir='ltr'>Occideototiorn</span> <span class='ocrx_word' id='word_1_445' title='bbox 1838 3000 1893 3080; x_wconf 85' lang='lat' dir='ltr'>(l).</span> 
     </span>
    </p>
   </div>
   <div class='ocr_carea' id='block_1_11' title="bbox 1465 3167 1928 3359">
    <p class='ocr_par' dir='ltr' id='par_1_12' title="bbox 1465 3167 1928 3359">
     <span class='ocr_line' id='line_1_83' title="bbox 1494 3167 1906 3237; baseline -0.007 -2"><span class='ocrx_word' id='word_1_446' title='bbox 1494 3167 1746 3237; x_wconf 80' lang='lat' dir='ltr'>tddocedvtvs</span> <span class='ocrx_word' id='word_1_447' title='bbox 1763 3169 1821 3237; x_wconf 91' lang='grc' dir='ltr'>ΡΡ.</span> <span class='ocrx_word' id='word_1_448' title='bbox 1837 3169 1906 3236; x_wconf 91' lang='lat' dir='ltr'>ltltl.</span> 
     </span>
     <span class='ocr_line' id='line_1_84' title="bbox 1465 3291 1928 3359; baseline -0.013 -1"><span class='ocrx_word' id='word_1_449' title='bbox 1465 3291 1501 3358; x_wconf 86' lang='lat' dir='ltr'>od</span> <span class='ocrx_word' id='word_1_450' title='bbox 1523 3292 1651 3358; x_wconf 84' lang='lat' dir='ltr'>loturam</span> <span class='ocrx_word' id='word_1_451' title='bbox 1675 3292 1719 3358; x_wconf 89' lang='lat' dir='ltr'>rei</span> <span class='ocrx_word' id='word_1_452' title='bbox 1747 3293 1928 3359; x_wconf 81' lang='lat' dir='ltr'>memorien.</span> 
     </span>
    </p>
   </div>
   <div class='ocr_carea' id='block_1_12' title="bbox 1324 3468 2302 3660">
    <p class='ocr_par' dir='ltr' id='par_1_13' title="bbox 1324 3468 2302 3660">
     <span class='ocr_line' id='line_1_85' title="bbox 1365 3468 2298 3547; baseline 0.006 -17"><span class='ocrx_word' id='word_1_453' title='bbox 1365 3468 1558 3531; x_wconf 88' lang='lat' dir='ltr'>lnscrutabili</span> <span class='ocrx_word' id='word_1_454' title='bbox 1579 3468 1701 3530; x_wconf 91' lang='lat' dir='ltr'>divinae</span> <span class='ocrx_word' id='word_1_455' title='bbox 1722 3469 1889 3547; x_wconf 89' lang='lat' dir='ltr'>sapientiae</span> <span class='ocrx_word' id='word_1_456' title='bbox 1909 3476 2002 3547; x_wconf 89' lang='lat' dir='ltr'>atque</span> <span class='ocrx_word' id='word_1_457' title='bbox 2020 3471 2073 3532; x_wconf 91' lang='lat' dir='ltr'>bo-</span> <span class='ocrx_word' id='word_1_458' title='bbox 2131 3497 2298 3542; x_wconf 66' lang='lat' dir='ltr'>exorarunt</span> 
     </span>
     <span class='ocr_line' id='line_1_86' title="bbox 1324 3549 2302 3660; baseline 0.008 -39"><span class='ocrx_word' id='word_1_459' title='bbox 1324 3561 1429 3622; x_wconf 90' lang='lat' dir='ltr'>nitatis</span> <span class='ocrx_word' id='word_1_460' title='bbox 1449 3577 1571 3635; x_wconf 88' lang='lat' dir='ltr'>arcano,</span> <span class='ocrx_word' id='word_1_461' title='bbox 1594 3563 1630 3624; x_wconf 92' lang='lat' dir='ltr'>ad</span> <span class='ocrx_word' id='word_1_462' title='bbox 1653 3562 1803 3624; x_wconf 85' lang='lat' dir='ltr'>Ecclesiae</span> <span class='ocrx_word' id='word_1_463' title='bbox 1827 3561 2001 3625; x_wconf 81' lang='lat' dir='ltr'>Catholicae</span> <span class='ocrx_word' id='word_1_464' title='bbox 2015 3579 2071 3644; x_wconf 88' lang='lat' dir='ltr'>per</span> <span class='ocrx_word' id='word_1_465' title='bbox 2090 3549 2180 3648; x_wconf 57' lang='lat' dir='ltr'>{fflf&#39;</span> <span class='ocrx_word' id='word_1_466' title='bbox 2210 3561 2302 3660; x_wconf 55' lang='lat' dir='ltr'>522ssqu</span> 
     </span>
    </p>
   </div>
   <div class='ocr_carea' id='block_1_13' title="bbox 1318 3654 2303 5315">
    <p class='ocr_par' dir='ltr' id='par_1_14' title="bbox 1321 3654 2303 4107">
     <span class='ocr_line' id='line_1_87' title="bbox 1323 3654 2303 3755; baseline 0.003 -39"><span class='ocrx_word' id='word_1_467' title='bbox 1323 3654 1507 3716; x_wconf 91' lang='lat' dir='ltr'>universum</span> <span class='ocrx_word' id='word_1_468' title='bbox 1528 3662 1684 3716; x_wconf 89' lang='lat' dir='ltr'>terrarum</span> <span class='ocrx_word' id='word_1_469' title='bbox 1715 3655 1821 3716; x_wconf 88' lang='lat' dir='ltr'>orbem</span> <span class='ocrx_word' id='word_1_470' title='bbox 1842 3654 1969 3718; x_wconf 85' lang='lat' dir='ltr'>ditiusae</span> <span class='ocrx_word' id='word_1_471' title='bbox 1989 3658 2071 3733; x_wconf 90' lang='lat' dir='ltr'>regi·</span> <span class='ocrx_word' id='word_1_472' title='bbox 2090 3659 2303 3755; x_wconf 56' lang='lat' dir='ltr'>gggrgtsfflesrrliffi</span> 
     </span>
     <span class='ocr_line' id='line_1_88' title="bbox 1322 3745 2183 3827; baseline 0.005 -18"><span class='ocrx_word' id='word_1_473' title='bbox 1322 3748 1412 3821; x_wconf 91' lang='lat' dir='ltr'>mini,</span> <span class='ocrx_word' id='word_1_474' title='bbox 1435 3748 1554 3808; x_wconf 92' lang='lat' dir='ltr'>meritis</span> <span class='ocrx_word' id='word_1_475' title='bbox 1586 3748 1656 3810; x_wconf 89' lang='lat' dir='ltr'>licet</span> <span class='ocrx_word' id='word_1_476' title='bbox 1687 3749 1868 3827; x_wconf 71' lang='lat' dir='ltr'>imparibus</span> <span class='ocrx_word' id='word_1_477' title='bbox 1892 3750 2003 3824; x_wconf 88' lang='lat' dir='ltr'>evecti,</span> <span class='ocrx_word' id='word_1_478' title='bbox 2026 3769 2071 3812; x_wconf 90' lang='lat' dir='ltr'>sa·</span> <span class='ocrx_word' id='word_1_479' title='bbox 2177 3745 2183 3754; x_wconf 86' lang='grc'><strong>’</strong></span> 
     </span>
     <span class='ocr_line' id='line_1_89' title="bbox 1323 3841 2071 3918; baseline 0.004 -16"><span class='ocrx_word' id='word_1_480' title='bbox 1323 3856 1445 3902; x_wconf 84' lang='lat' dir='ltr'>crorum</span> <span class='ocrx_word' id='word_1_481' title='bbox 1466 3841 1573 3918; x_wconf 89' lang='lat' dir='ltr'>eisque</span> <span class='ocrx_word' id='word_1_482' title='bbox 1594 3841 1807 3904; x_wconf 82' lang='lat' dir='ltr'>ancillandam</span> <span class='ocrx_word' id='word_1_483' title='bbox 1822 3843 1974 3905; x_wconf 90' lang='lat' dir='ltr'>bonarum</span> <span class='ocrx_word' id='word_1_484' title='bbox 1990 3843 2071 3906; x_wconf 90' lang='lat' dir='ltr'>litte·</span> 
     </span>
     <span class='ocr_line' id='line_1_90' title="bbox 1322 3935 2071 4016; baseline 0.004 -21"><span class='ocrx_word' id='word_1_485' title='bbox 1322 3950 1427 3996; x_wconf 91' lang='lat' dir='ltr'>raram</span> <span class='ocrx_word' id='word_1_486' title='bbox 1441 3935 1552 4008; x_wconf 91' lang='lat' dir='ltr'>studia,</span> <span class='ocrx_word' id='word_1_487' title='bbox 1565 3950 1620 4013; x_wconf 89' lang='lat' dir='ltr'>per</span> <span class='ocrx_word' id='word_1_488' title='bbox 1635 3952 1724 4012; x_wconf 91' lang='lat' dir='ltr'>quae,</span> <span class='ocrx_word' id='word_1_489' title='bbox 1738 3937 1863 4016; x_wconf 81' lang='lat' dir='ltr'>depulsa</span> <span class='ocrx_word' id='word_1_490' title='bbox 1878 3937 2071 4014; x_wconf 89' lang='lat' dir='ltr'>ignorantiae</span> 
     </span>
     <span class='ocr_line' id='line_1_91' title="bbox 1321 4027 2068 4107; baseline 0.005 -19"><span class='ocrx_word' id='word_1_491' title='bbox 1321 4027 1462 4104; x_wconf 89' lang='lat' dir='ltr'>caligine,</span> <span class='ocrx_word' id='word_1_492' title='bbox 1479 4035 1601 4090; x_wconf 90' lang='lat' dir='ltr'>mentes</span> <span class='ocrx_word' id='word_1_493' title='bbox 1623 4029 1761 4090; x_wconf 90' lang='lat' dir='ltr'>veritatis</span> <span class='ocrx_word' id='word_1_494' title='bbox 1777 4028 1845 4092; x_wconf 91' lang='lat' dir='ltr'>luce</span> <span class='ocrx_word' id='word_1_495' title='bbox 1860 4029 2068 4107; x_wconf 87' lang='lat' dir='ltr'>illustrantur,</span> 
     </span>
    </p>

    <p class='ocr_par' dir='ltr' id='par_1_15' title="bbox 1321 4121 2070 4668">
     <span class='ocr_line' id='line_1_92' title="bbox 1322 4121 2070 4202; baseline 0.003 -20"><span class='ocrx_word' id='word_1_496' title='bbox 1322 4130 1352 4182; x_wconf 90' lang='lat' dir='ltr'>et</span> <span class='ocrx_word' id='word_1_497' title='bbox 1379 4137 1442 4182; x_wconf 90' lang='lat' dir='ltr'>non</span> <span class='ocrx_word' id='word_1_498' title='bbox 1474 4121 1578 4182; x_wconf 90' lang='lat' dir='ltr'>minus</span> <span class='ocrx_word' id='word_1_499' title='bbox 1609 4122 1775 4184; x_wconf 87' lang='lat' dir='ltr'>catholicae</span> <span class='ocrx_word' id='word_1_500' title='bbox 1806 4122 1876 4184; x_wconf 88' lang='lat' dir='ltr'>tidei</span> <span class='ocrx_word' id='word_1_501' title='bbox 1907 4123 2070 4202; x_wconf 90' lang='lat' dir='ltr'>divinique</span> 
     </span>
     <span class='ocr_line' id='line_1_93' title="bbox 1321 4215 2070 4295; baseline 0.005 -21"><span class='ocrx_word' id='word_1_502' title='bbox 1321 4215 1422 4276; x_wconf 90' lang='lat' dir='ltr'>cultos</span> <span class='ocrx_word' id='word_1_503' title='bbox 1453 4215 1664 4292; x_wconf 81' lang='lat' dir='ltr'>propagationi</span> <span class='ocrx_word' id='word_1_504' title='bbox 1685 4221 1716 4276; x_wconf 92' lang='lat' dir='ltr'>et</span> <span class='ocrx_word' id='word_1_505' title='bbox 1737 4216 1943 4292; x_wconf 87' lang='lat' dir='ltr'>incremento,</span> <span class='ocrx_word' id='word_1_506' title='bbox 1976 4233 2070 4295; x_wconf 89' lang='lat' dir='ltr'>quam</span> 
     </span>
     <span class='ocr_line' id='line_1_94' title="bbox 1321 4307 2069 4387; baseline 0.003 -19"><span class='ocrx_word' id='word_1_507' title='bbox 1321 4307 1455 4369; x_wconf 90' lang='lat' dir='ltr'>institiae</span> <span class='ocrx_word' id='word_1_508' title='bbox 1469 4307 1726 4370; x_wconf 88' lang='lat' dir='ltr'>administrationi</span> <span class='ocrx_word' id='word_1_509' title='bbox 1742 4308 1869 4387; x_wconf 90' lang='lat' dir='ltr'>aliisque</span> <span class='ocrx_word' id='word_1_510' title='bbox 1884 4310 2069 4386; x_wconf 87' lang='lat' dir='ltr'>reipublicae</span> 
     </span>
     <span class='ocr_line' id='line_1_95' title="bbox 1321 4399 2068 4481; baseline 0.001 -20"><span class='ocrx_word' id='word_1_511' title='bbox 1321 4399 1487 4461; x_wconf 91' lang='lat' dir='ltr'>commodis</span> <span class='ocrx_word' id='word_1_512' title='bbox 1514 4408 1544 4462; x_wconf 88' lang='lat' dir='ltr'>et</span> <span class='ocrx_word' id='word_1_513' title='bbox 1569 4402 1779 4475; x_wconf 87' lang='lat' dir='ltr'>ornamentis,</span> <span class='ocrx_word' id='word_1_514' title='bbox 1812 4403 2068 4481; x_wconf 88' lang='lat' dir='ltr'>privatorumque</span> 
     </span>
     <span class='ocr_line' id='line_1_96' title="bbox 1321 4491 2068 4572; baseline 0.005 -20"><span class='ocrx_word' id='word_1_515' title='bbox 1321 4491 1505 4554; x_wconf 90' lang='lat' dir='ltr'>utilitatibus</span> <span class='ocrx_word' id='word_1_516' title='bbox 1526 4493 1712 4569; x_wconf 90' lang='lat' dir='ltr'>consulitur,</span> <span class='ocrx_word' id='word_1_517' title='bbox 1736 4495 1850 4572; x_wconf 91' lang='lat' dir='ltr'>ubique</span> <span class='ocrx_word' id='word_1_518' title='bbox 1872 4493 2022 4570; x_wconf 89' lang='lat' dir='ltr'>locorum,</span> <span class='ocrx_word' id='word_1_519' title='bbox 2038 4503 2068 4556; x_wconf 91' lang='lat' dir='ltr'>et</span> 
     </span>
     <span class='ocr_line' id='line_1_97' title="bbox 1321 4586 2068 4668; baseline 0.005 -22"><span class='ocrx_word' id='word_1_520' title='bbox 1321 4586 1502 4664; x_wconf 88' lang='lat' dir='ltr'>praesertim</span> <span class='ocrx_word' id='word_1_521' title='bbox 1524 4587 1555 4649; x_wconf 94' lang='lat' dir='ltr'>in</span> <span class='ocrx_word' id='word_1_522' title='bbox 1579 4589 1797 4668; x_wconf 79' lang='lat' dir='ltr'>remotissimis</span> <span class='ocrx_word' id='word_1_523' title='bbox 1816 4589 1854 4650; x_wconf 87' lang='lat' dir='ltr'>ab</span> <span class='ocrx_word' id='word_1_524' title='bbox 1884 4591 1938 4650; x_wconf 91' lang='lat' dir='ltr'>bac</span> <span class='ocrx_word' id='word_1_525' title='bbox 1961 4589 2068 4652; x_wconf 78' lang='lat' dir='ltr'>Sancta</span> 
     </span>
    </p>

    <p class='ocr_par' dir='ltr' id='par_1_16' title="bbox 1318 4679 2069 5040">
     <span class='ocr_line' id='line_1_98' title="bbox 1321 4679 2067 4758; baseline 0.003 -16"><span class='ocrx_word' id='word_1_526' title='bbox 1321 4679 1400 4742; x_wconf 87' lang='lat' dir='ltr'>Sede</span> <span class='ocrx_word' id='word_1_527' title='bbox 1421 4680 1569 4756; x_wconf 89' lang='lat' dir='ltr'>partibus,</span> <span class='ocrx_word' id='word_1_528' title='bbox 1591 4688 1744 4758; x_wconf 88' lang='lat' dir='ltr'>quantum</span> <span class='ocrx_word' id='word_1_529' title='bbox 1766 4682 1853 4744; x_wconf 88' lang='lat' dir='ltr'>nobis</span> <span class='ocrx_word' id='word_1_530' title='bbox 1868 4683 1981 4744; x_wconf 90' lang='lat' dir='ltr'>exalto</span> <span class='ocrx_word' id='word_1_531' title='bbox 1996 4699 2067 4744; x_wconf 91' lang='lat' dir='ltr'>con-</span> 
     </span>
     <span class='ocr_line' id='line_1_99' title="bbox 1319 4773 2068 4852; baseline 0.005 -18"><span class='ocrx_word' id='word_1_532' title='bbox 1319 4773 1450 4846; x_wconf 90' lang='lat' dir='ltr'>ceditur,</span> <span class='ocrx_word' id='word_1_533' title='bbox 1470 4789 1653 4852; x_wconf 89' lang='lat' dir='ltr'>promovere</span> <span class='ocrx_word' id='word_1_534' title='bbox 1668 4792 1701 4836; x_wconf 88' lang='lat' dir='ltr'>ac</span> <span class='ocrx_word' id='word_1_535' title='bbox 1716 4775 1844 4838; x_wconf 88' lang='lat' dir='ltr'>incitare</span> <span class='ocrx_word' id='word_1_536' title='bbox 1859 4784 1889 4838; x_wconf 94' lang='lat' dir='ltr'>et</span> <span class='ocrx_word' id='word_1_537' title='bbox 1904 4775 2068 4838; x_wconf 83' lang='lat' dir='ltr'>contovere</span> 
     </span>
     <span class='ocr_line' id='line_1_100' title="bbox 1318 4867 2067 4942; baseline 0.005 -16"><span class='ocrx_word' id='word_1_538' title='bbox 1318 4867 1490 4938; x_wconf 83' lang='lat' dir='ltr'>studemus,</span> <span class='ocrx_word' id='word_1_539' title='bbox 1512 4867 1603 4942; x_wconf 89' lang='lat' dir='ltr'>sicut,</span> <span class='ocrx_word' id='word_1_540' title='bbox 1626 4867 1771 4930; x_wconf 89' lang='lat' dir='ltr'>omnibus</span> <span class='ocrx_word' id='word_1_541' title='bbox 1794 4870 1915 4931; x_wconf 77' lang='lat' dir='ltr'>maturat</span> <span class='ocrx_word' id='word_1_542' title='bbox 1929 4869 2067 4932; x_wconf 89' lang='lat' dir='ltr'>conside-</span> 
     </span>
     <span class='ocr_line' id='line_1_101' title="bbox 1320 4960 2069 5040; baseline 0.007 -21"><span class='ocrx_word' id='word_1_543' title='bbox 1320 4960 1439 5022; x_wconf 91' lang='lat' dir='ltr'>ratione</span> <span class='ocrx_word' id='word_1_544' title='bbox 1460 4961 1630 5038; x_wconf 88' lang='lat' dir='ltr'>perpensis,</span> <span class='ocrx_word' id='word_1_545' title='bbox 1646 4960 1682 5020; x_wconf 90' lang='lat' dir='ltr'>ad</span> <span class='ocrx_word' id='word_1_546' title='bbox 1697 4961 1920 5040; x_wconf 92' lang='lat' dir='ltr'>omnipotentis</span> <span class='ocrx_word' id='word_1_547' title='bbox 1935 4963 1989 5024; x_wconf 90' lang='lat' dir='ltr'>llei</span> <span class='ocrx_word' id='word_1_548' title='bbox 2004 4962 2069 5039; x_wconf 87' lang='lat' dir='ltr'>glo-</span> 
     </span>
    </p>

    <p class='ocr_par' dir='ltr' id='par_1_17' title="bbox 1319 5052 2068 5315">
     <span class='ocr_line' id='line_1_102' title="bbox 1320 5052 2068 5132; baseline 0.007 -20"><span class='ocrx_word' id='word_1_549' title='bbox 1320 5052 1409 5128; x_wconf 90' lang='lat' dir='ltr'>riam,</span> <span class='ocrx_word' id='word_1_550' title='bbox 1431 5054 1645 5132; x_wconf 87' lang='lat' dir='ltr'>Ecclesiaeqoe</span> <span class='ocrx_word' id='word_1_551' title='bbox 1666 5053 1757 5116; x_wconf 88' lang='lat' dir='ltr'>decus</span> <span class='ocrx_word' id='word_1_552' title='bbox 1772 5063 1803 5116; x_wconf 91' lang='lat' dir='ltr'>et</span> <span class='ocrx_word' id='word_1_553' title='bbox 1818 5055 2018 5132; x_wconf 89' lang='lat' dir='ltr'>praesidium,</span> <span class='ocrx_word' id='word_1_554' title='bbox 2034 5074 2068 5117; x_wconf 90' lang='lat' dir='ltr'>ac</span> 
     </span>
     <span class='ocr_line' id='line_1_103' title="bbox 1319 5145 2067 5226; baseline 0.009 -22"><span class='ocrx_word' id='word_1_555' title='bbox 1319 5145 1511 5223; x_wconf 90' lang='lat' dir='ltr'>spiritualem</span> <span class='ocrx_word' id='word_1_556' title='bbox 1532 5146 1798 5226; x_wconf 88' lang='lat' dir='ltr'>temporalemque</span> <span class='ocrx_word' id='word_1_557' title='bbox 1819 5147 2067 5211; x_wconf 84' lang='lat' dir='ltr'>christifidelium</span> 
     </span>
     <span class='ocr_line' id='line_1_104' title="bbox 1319 5238 2068 5315; baseline 0.007 -17"><span class='ocrx_word' id='word_1_558' title='bbox 1319 5238 1488 5299; x_wconf 89' lang='lat' dir='ltr'>utilitatem</span> <span class='ocrx_word' id='word_1_559' title='bbox 1508 5240 1722 5315; x_wconf 84' lang='lat' dir='ltr'>cognoscimus</span> <span class='ocrx_word' id='word_1_560' title='bbox 1744 5241 1777 5302; x_wconf 88' lang='lat' dir='ltr'>in</span> <span class='ocrx_word' id='word_1_561' title='bbox 1793 5241 1924 5302; x_wconf 87' lang='lat' dir='ltr'>Domino</span> <span class='ocrx_word' id='word_1_562' title='bbox 1939 5241 2068 5304; x_wconf 89' lang='lat' dir='ltr'>salubri·</span> 
     </span>
    </p>
   </div>
   <div class='ocr_carea' id='block_1_14' title="bbox 1322 5332 1542 5409">
    <p class='ocr_par' dir='ltr' id='par_1_18' title="bbox 1322 5332 1542 5409">
     <span class='ocr_line' id='line_1_105' title="bbox 1322 5332 1542 5409; baseline -0.009 -17"><span class='ocrx_word' id='word_1_563' title='bbox 1322 5338 1367 5392; x_wconf 90' lang='lat' dir='ltr'>ter</span> <span class='ocrx_word' id='word_1_564' title='bbox 1388 5332 1542 5409; x_wconf 89' lang='lat' dir='ltr'>expedire.</span> 
     </span>
    </p>
   </div>
   <div class='ocr_carea' id='block_1_15' title="bbox 1360 5426 2306 5556">
    <p class='ocr_par' dir='ltr' id='par_1_19' title="bbox 1360 5426 2306 5556">
     <span class='ocr_line' id='line_1_106' title="bbox 1360 5426 2306 5556; baseline 0.014 -71"><span class='ocrx_word' id='word_1_565' title='bbox 1360 5426 1378 5500; x_wconf 68' lang='lat'>5</span> <span class='ocrx_word' id='word_1_566' title='bbox 1401 5426 1427 5486; x_wconf 88' lang='lat' dir='ltr'>l.</span> <span class='ocrx_word' id='word_1_567' title='bbox 1452 5427 1572 5504; x_wconf 77' lang='lat' dir='ltr'>liuponi</span> <span class='ocrx_word' id='word_1_568' title='bbox 1593 5427 1746 5505; x_wconf 90' lang='lat' dir='ltr'>siquidem</span> <span class='ocrx_word' id='word_1_569' title='bbox 1768 5427 1856 5490; x_wconf 90' lang='lat' dir='ltr'>nobis</span> <span class='ocrx_word' id='word_1_570' title='bbox 1874 5444 1974 5507; x_wconf 91' lang='lat' dir='ltr'>nuper</span> <span class='ocrx_word' id='word_1_571' title='bbox 1988 5429 2066 5492; x_wconf 87' lang='lat' dir='ltr'>lece·</span> <span class='ocrx_word' id='word_1_572' title='bbox 2084 5449 2306 5556; x_wconf 48' lang='lat' dir='ltr'>girhfflgffl‘c’ali‘i&#39;</span> 
     </span>
    </p>
   </div>
   <div class='ocr_carea' id='block_1_16' title="bbox 1320 5520 2153 5692">
    <p class='ocr_par' dir='ltr' id='par_1_20' title="bbox 1320 5520 2153 5692">
     <span class='ocr_line' id='line_1_107' title="bbox 1320 5520 2153 5603; baseline 0.004 -23"><span class='ocrx_word' id='word_1_573' title='bbox 1320 5528 1394 5580; x_wconf 92' lang='lat' dir='ltr'>runt</span> <span class='ocrx_word' id='word_1_574' title='bbox 1416 5520 1601 5582; x_wconf 89' lang='lat' dir='ltr'>venerabilis</span> <span class='ocrx_word' id='word_1_575' title='bbox 1634 5521 1729 5582; x_wconf 88' lang='lat' dir='ltr'>irater</span> <span class='ocrx_word' id='word_1_576' title='bbox 1756 5524 1923 5584; x_wconf 89' lang='lat' dir='ltr'>modernus</span> <span class='ocrx_word' id='word_1_577' title='bbox 1945 5523 2065 5601; x_wconf 87' lang='lat' dir='ltr'>Episco-</span> <span class='ocrx_word' id='word_1_578' title='bbox 2084 5557 2153 5603; x_wconf 54' lang='lat' dir='ltr'>gg,</span> 
     </span>
     <span class='ocr_line' id='line_1_108' title="bbox 1320 5614 2065 5692; baseline 0.003 -16"><span class='ocrx_word' id='word_1_579' title='bbox 1320 5629 1377 5692; x_wconf 90' lang='lat' dir='ltr'>pus</span> <span class='ocrx_word' id='word_1_580' title='bbox 1405 5620 1436 5674; x_wconf 93' lang='lat' dir='ltr'>et</span> <span class='ocrx_word' id='word_1_581' title='bbox 1464 5614 1654 5690; x_wconf 88' lang='lat' dir='ltr'>gubernator</span> <span class='ocrx_word' id='word_1_582' title='bbox 1684 5615 1816 5677; x_wconf 87' lang='lat' dir='ltr'>civitatis</span> <span class='ocrx_word' id='word_1_583' title='bbox 1848 5616 1878 5678; x_wconf 91' lang='lat' dir='ltr'>S.</span> <span class='ocrx_word' id='word_1_584' title='bbox 1903 5617 1999 5678; x_wconf 88' lang='lat' dir='ltr'>lacobt</span> <span class='ocrx_word' id='word_1_585' title='bbox 2027 5617 2065 5678; x_wconf 90' lang='lat' dir='ltr'>de</span> 
     </span>
    </p>
   </div>
   <div class='ocr_carea' id='block_1_17' title="bbox 1316 5856 2063 5970">
    <p class='ocr_par' dir='ltr' id='par_1_21' title="bbox 1316 5856 2063 5970">
     <span class='ocr_line' id='line_1_109' title="bbox 1316 5856 2063 5914; baseline 0.003 -12"><span class='ocrx_word' id='word_1_586' title='bbox 1316 5858 1402 5902; x_wconf 87' lang='lat' dir='ltr'>stitut.</span> <span class='ocrx_word' id='word_1_587' title='bbox 1419 5857 1825 5913; x_wconf 81' lang='lat' dir='ltr'>odit.nocnxxxvn.,dlexv1n.</span> <span class='ocrx_word' id='word_1_588' title='bbox 1843 5857 1911 5914; x_wconf 87' lang='lat' dir='ltr'>iulii,</span> <span class='ocrx_word' id='word_1_589' title='bbox 1930 5856 2063 5914; x_wconf 78' lang='lat' dir='ltr'>pont-illeo-</span> 
     </span>
     <span class='ocr_line' id='line_1_110' title="bbox 1317 5927 1409 5970; baseline 0 -2"><span class='ocrx_word' id='word_1_590' title='bbox 1317 5927 1360 5970; x_wconf 87' lang='lat' dir='ltr'>tus</span> <span class='ocrx_word' id='word_1_591' title='bbox 1375 5936 1409 5968; x_wconf 88' lang='lat' dir='ltr'>xv.</span> 
     </span>
    </p>
   </div>
   <div class='ocr_carea' id='block_1_18' title="bbox 0 0 2422 6998">
    <p class='ocr_par' dir='ltr' id='par_1_22' title="bbox 0 0 2422 6998">
     <span class='ocr_line' id='line_1_111' title="bbox 0 0 2422 6998; baseline 0 3"><span class='ocrx_word' id='word_1_592' title='bbox 0 0 2422 6998; x_wconf 95' lang='lat' dir='ltr'> </span> 
     </span>
    </p>
   </div>
  </div>
 </body>
</html>
