4878 6982
299 557 492 612 An.c.1704
542 563 601 623 224

521 712 586 757 non
609 702 732 773 putent,
748 697 804 757 boc
826 695 876 755 alii
892 693 1074 756 christianos
1090 692 1186 754 lacere
1203 709 1271 770 per·

523 789 660 862 mittant,
684 795 736 849 ant
757 788 850 848 etiarn
866 787 900 846 ad
916 786 1091 847 iaciendum
1106 785 1271 846 adhorten-

523 888 585 953 tur,
609 887 706 957 utque
727 880 771 941 illi
794 880 862 956 ipsi,
886 880 938 958 qvii
961 885 1060 940 certos
1076 895 1149 939 nsns
1164 894 1270 954 super-

522 973 656 1034 stitiosos
676 989 743 1034 esse
762 973 965 1044 arbitrantur,
980 970 1103 1034 eosdem
1121 986 1176 1047 pro
1192 971 1271 1030 bono

524 1208 630 1255 ltpiosos
650 1206 784 1246 sceterata
801 1215 871 1255 prae
891 1208 999 1247 caeteris
1022 1206 1197 1246 tuobrdtrntes
1217 1212 1269 1244 esse

527 1272 764 1314 Cortstttatiorttbas
780 1274 939 1321 apostoncae.

564 1339 628 1379 Eam
643 1336 675 1379 ob
690 1346 746 1379 rem
769 1335 895 1391 praedicti
917 1337 1007 1378 Patres
1029 1336 1224 1386 Procuratores,
1239 1331 1270 1375 ad

524 1401 693 1446 refellendam
709 1402 781 1446 oinni
795 1413 843 1458 ope
860 1404 912 1446 tam
930 1402 1093 1458 probrosam,
1108 1410 1187 1455 quani
1202 1410 1218 1443 a
1233 1411 1272 1442 ve·

524 1467 605 1512 ritate
625 1468 739 1512 alienam
761 1468 964 1520 accusationem,
986 1468 1119 1522 simulque
1139 1467 1171 1511 ad
1189 1466 1273 1511 decla·

524 1534 636 1578 randum
652 1534 790 1579 societatis
805 1534 930 1587 dolorem,
941 1545 1000 1578 cnm
1016 1547 1043 1577 se
1056 1537 1110 1577 tarn
1122 1534 1205 1588 gravi,
1217 1536 1271 1579 tam

523 1601 617 1644 acerbo
638 1600 746 1644 vnlnere
768 1601 879 1656 petitam
902 1602 996 1655 sensit3
1015 1602 1066 1645 nna
1082 1612 1143 1645 voce
1158 1602 1272 1656 postula-

524 1669 596 1717 runt,
611 1678 641 1710 ac
655 1666 802 1710 litcieridnm
818 1667 977 1714 iudicarunt.
994 1671 1022 1712 ut
1037 1668 1158 1722 solemni,
1168 1672 1193 1711 et
1210 1669 1272 1724 legi-

525 1732 591 1776 tima
606 1733 718 1789 quadarn
740 1733 851 1787 actione,
865 1746 931 1790 quae
953 1734 1014 1785 virn,
1030 1737 1056 1778 et
1071 1735 1156 1778 locinn
1174 1734 1273 1779 obtine-

525 1802 565 1842 ret
580 1799 768 1855 cuiuscumque
782 1800 930 1855 Aqiologiae,
950 1801 1117 1857 Praepositus
1137 1801 1272 1845 Generalis

526 1867 664 1910 societatis
679 1866 784 1910 nomine
805 1867 887 1911 totius
902 1868 1006 1911 Ordinis
1023 1868 1201 1919 confirmaret,
1216 1880 1272 1912 con-

526 1935 680 1985 testaretur,
695 1944 724 1977 ac
738 1933 893 1985 declararet,
908 1934 1062 1989 provolutus
1074 1935 1106 1978 ad
1118 1934 1272 1979 sanctitatis

526 2002 593 2043 Suae
608 2000 693 2055 pedes,
708 2003 733 2043 et
748 2012 835 2044 coram
852 2002 965 2045 Ecclesia
976 2003 1108 2056 universa,
1118 2003 1273 2047 constantis-

526 2067 634 2121 simam,
656 2067 863 2123 immutabilem,
886 2069 1009 2114 invictam
1033 2071 1115 2115 totins
1135 2071 1272 2115 societatis

527 2136 584 2177 lesu
607 2134 684 2177 tldcm
700 2134 726 2178 in
747 2135 949 2190 amplectendis,
971 2137 1098 2182 obeundis
1118 2140 1143 2181 et
1165 2137 1198 2180 tid
1213 2138 1273 2181 nlti-

526 2210 598 2243 nrum
615 2213 697 2257 usqne
712 2202 835 2257 spiritum
852 2203 1017 2258 exequendis,
1033 2215 1212 2259 rqiraecnmqne
1223 2204 1274 2248 sue-

526 2265 581 2310 rint
595 2277 611 2309 a
633 2268 696 2310 Sede
739 2268 865 2322 postolica
887 2270 1056 2325 praescripta,
1078 2270 1231 2324 constituta,
1247 2274 1272 2313 et

527 2331 667 2388 imperata,
682 2338 706 2375 et
724 2334 880 2378 nominatim
902 2335 969 2391 qnod
991 2337 1091 2390 spectat
1112 2336 1144 2379 ad
1166 2339 1273 2380 Decreta

526 2410 573 2455 per
588 2402 666 2443 Suam
689 2400 860 2444 sanctitatem
876 2402 947 2446 edita
961 2402 992 2445 de
1007 2402 1103 2446 ritibus
1121 2402 1273 2446 Sineirsibus

528 2467 584 2507 tum
604 2472 673 2508 atino
695 2476 799 2509 vinciar.
822 2466 863 2509 die
879 2478 922 2510 xx.
946 2468 1103 2519 novembris,
1127 2471 1184 2511 turn
1205 2478 1273 2510 anno

526 2541 621 2575 nnccx.
638 2531 679 2576 die
694 2543 755 2575 xxv.
768 2533 938 2587 septembris:
954 2545 1021 2588 (quite
1036 2533 1141 2589 quidem
1157 2536 1272 2580 Decreta.

527 2596 607 2640 etiam
623 2601 700 2652 piarat
715 2609 730 2641 a
746 2598 891 2642 Sanctitate
906 2602 958 2643 Sua
970 2600 1108 2656 explicata,
1119 2602 1145 2644 et
1156 2601 1273 2656 exposita

527 2663 633 2707 fuerunt
648 2663 674 2707 in
690 2664 776 2707 literis
791 2665 847 2707 eins
863 2665 969 2709 nomine
984 2666 1089 2722 scriptis
1105 2667 1137 2710 ab
1150 2666 1273 2710 illustris-

527 2728 594 2772 simo
614 2732 640 2772 et.
663 2730 881 2774 reveremlissimo
902 2731 1010 2775 Domino
1029 2737 1166 2776 assessore
1186 2733 1272 2776 Sancti

527 2795 608 2838 Oillcii
622 2795 654 2839 ad
669 2797 841 2840 reverendum
861 2798 1001 2842 admodum
1021 2801 1124 2842 Patrem
1143 2800 1274 2856 Praeposi-

527 2863 584 2904 tum
600 2862 751 2906 Generalem
769 2863 907 2908 societatis
922 2865 970 2908 snb
985 2865 1027 2908 <lie
1043 2876 1076 2909 xi.
1095 2866 1192 2909 mensis
1208 2869 1275 2910 octo-

526 2929 582 2972 bris
599 2940 669 2974 anno
687 2941 782 2974 ntnccx.
805 2931 958 2975 inconcusse
973 2934 998 2975 et
1014 2931 1210 2985 inviolabiliter,
1226 2933 1274 2976 snb

527 2997 645 3040 censuris
660 3000 685 3040 et
701 2998 791 3053 poenis
807 2997 903 3042 ibidem
919 2999 1057 3055 expressis,
1073 2999 1129 3043 sine
1144 3001 1199 3044 nlla
1218 3013 1275 3045 con·

528 3061 692 3115 tradictione,
705 3063 931 3116 tergiversatione,
942 3068 986 3108 aut
998 3066 1172 3119 cunctatione,
1183 3067 1274 3122 quovis

527 3127 729 3171 contrafaciendi
743 3130 863 3184 quaesito
882 3132 977 3185 colore,
992 3135 1038 3175 aut
1053 3136 1191 3188 praetextu
1207 3134 1275 3189 peni·

528 3195 571 3237 tus
592 3194 705 3247 sublato,
727 3195 776 3239 sibi
796 3197 959 3240 adamussim
981 3199 1151 3252 observanda,
1173 3191 1275 3244 et'exe·

528 3260 642 3314 quenda,
664 3265 756 3316 sponte
777 3264 803 3306 et
825 3263 896 3307 ultro
918 3263 1048 3317 admittit,
1065 3267 1090 3308 et
1105 3266 1275 3321 amplectitur

529 3326 644 3370 Societas
660 3328 796 3373 universa:
813 3332 892 3385 atque
908 3329 945 3374 ita
960 3330 1158 3386 obloquentium
1173 3342 1219 3376 ora
1235 3332 1276 3376 ob·

528 3394 659 3436 structum
675 3393 708 3437 iri
723 3395 835 3439 conlidit.

569 3459 632 3504 lluic
647 3462 780 3505 Postulato
803 3463 854 3506 nnri
869 3474 928 3507 cum
950 3464 1071 3508 Patribus
1086 3463 1275 3509 assistentibus

527 3524 606 3569 iidem
622 3530 712 3571 Patres
723 3530 909 3573 Procuratores
920 3532 1018 3574 Romae
1028 3529 1161 3575 convocati
1171 3531 1274 3588 propria

529 3602 609 3638 irranu
624 3593 807 3650 subscripsere.

569 3659 678 3704 Michael
692 3660 750 3705 Dias
766 3661 894 3706 assistens
906 3663 1061 3707 Lusitaniae.

568 3727 684 3771 Andreas
698 3725 781 3771 Waibl
796 3728 927 3772 assistens
941 3729 1104 3774 Germaniae.

569 3796 602 3836 lo.
618 3793 768 3837 Vincentius
784 3795 929 3850 lmperialis
944 3795 1074 3839 assistens
1091 3795 1188 3840 ltaliae.

569 3859 724 3903 Gnillelmns
739 3861 890 3905 banbenton
906 3862 1034 3906 assistens
1050 3863 1181 3908 Pranciae.

569 3928 712 3973 Lndovicus
726 3929 757 3972 de
773 3931 936 3975 lttontesdoca
952 3931 1081 3975 assistens
1097 3930 1241 3987 llispaniae.

569 3994 693 4039 Matthias
708 3994 803 4039 llarslti
818 3998 974 4041 Procurator
990 3997 1132 4042 Litnaniae.

568 4061 715 4105 Riclrardns
732 4062 861 4105 Plovnden
876 4066 1033 4109 Procurator
1048 4065 1164 4119 nrigliae.

568 4127 716 4182 Stephanus
732 4128 879 4172 Sczainecki
896 4133 1053 4175 Procmator
1067 4130 1195 4175 Poloniae.

569 4194 660 4250 loseph
675 4192 821 4238 vicecomes
832 4199 989 4242 Procurator
999 4197 1147 4242 Provinciae
1159 4197 1277 4242 Mediola-

529 4261 623 4306 nensis.

569 4328 677 4373 Carolns
692 4327 845 4373 Franciscus
860 4329 1030 4374 bernachault
1040 4333 1197 4377 Procurator
1207 4332 1278 4377 Cant·

529 4395 628 4450 paniae.

570 4462 678 4505 Carolus
693 4463 810 4507 Dancliez
825 4464 1128 4508 Pi·0ciirat01·Pi·anciae.

571 4529 694 4583 loseplias
703 4527 787 4571 Preiss
797 4532 953 4573 Procurator
962 4531 1117 4575 Germaniae
1124 4529 1276 4586 Superioris.

572 4597 605 4637 lo.
621 4594 737 4650 Baptista
758 4595 866 4651 spinula
887 4600 1044 4641 Procurator
1068 4596 1216 4641 Provinciae
1232 4599 1278 4640 lto

530 4669 631 4704 manae.

571 4726 699 4770 Antonius
710 4727 827 4770 Milesius
835 4730 993 4771 Procurator
1001 4727 1149 4773 Provinciae
1157 4730 1276 4774 Venetae.

571 4793 687 4835 straneas
702 4794 812 4837 birlnnaz
828 4797 986 4839 Procurator
1001 4796 1085 4838 Rlicni
1101 4795 1254 4851 Superioris.

572 4862 681 4903 loannes
695 4862 788 4904 Petrus
802 4861 836 4904 du
853 4861 944 4906 Fornel
962 4864 1119 4906 Procurator
1130 4862 1278 4907 Provinciae

531 4927 681 4971 Tolosanae.

572 4996 671 5048 Gaspar
685 4995 775 5037 Buhon
790 4996 947 5039 Procurator
962 4997 1033 5039 Prov.
1050 4995 1236 5050 Lugdunensis.

572 5060 711 5104 Baltliasar
726 5060 842 5104 Weiman
857 5060 940 5104 Rheni
956 5061 1087 5106 Inferioris
1099 5066 1263 5108 Procinator.

573 5126 685 5170 Gavinus
700 5125 823 5170 silvester
839 5131 916 5171 Lecca
931 5131 1087 5173 Procurator
1103 5129 1244 5174 Sardiniae.

572 5197 681 5237 lmnnies
695 5193 726 5235 de
741 5196 828 5248 ltrnyn
845 5197 1002 5239 Procurator
1016 5197 1215 5251 Flandrobelgii.

571 5257 724 5302 Franciscns
738 5259 849 5302 Resaalli
865 5263 1021 5305 Procurator
1035 5262 1163 5308 nustriae.

557 5373 560 5387 ‚
571 5329 680 5369 loannes
695 5329 790 5380 (arpena
806 5329 961 5371 Procurator
971 5331 1116 5375 Boliemiae.

572 5390 718 5435 Dominicns
735 5391 794 5435 viva
810 5395 965 5438 Procurator
978 5396 1170 5451 Neapolitanae.

572 5462 680 5502 loannes
702 5458 819 5514 Baptista
840 5460 871 5503 de
892 5464 1099 5511 Fourrnestranx
1120 5467 1278 5509 Procurator

532 5524 728 5581 Gallobelgicae.

572 5592 699 5637 Antonius
714 5593 868 5638 Franciscns
883 5596 975 5652 losepli
991 5599 1107 5640 Provana
1122 5600 1279 5642 Procurator

533 5658 654 5703 sinensis.

694 5769 845 5811 Bcattssr'rae
859 5772 939 5812 Pater

574 5863 636 5903 Tam
651 5860 736 5914 iustis,
751 5866 805 5905 tam
820 5863 952 5915 gravibus,
962 5875 992 5908 ac
1003 5864 1156 5908 necessariis
1167 5868 1209 5908 PP.
1222 5869 1280 5910 Pro-

533 5930 687 5970 curatorum
702 5927 843 5972 Postulatis
864 5929 1042 5975 obsecundans
1057 5930 1221 5987 Praepositus
1236 5937 1280 5976 Ge·

1048 576 1113 621 lUR·
1138 574 1228 619 Pox‘r.
1252 574 1292 617 DE
1314 574 1342 617 Ρ.
1368 574 1396 618 F.
1422 574 1547 618 PARS'l·

1326 691 1405 768 pacis
1428 691 1587 752 interdum
1610 691 1754 753 tolerent.
1779 691 1804 752 E
1826 708 1884 769 qna
1905 690 1979 751 mali
2003 691 2077 753 tole·

1326 784 1425 845 rantia
1445 784 1563 844 malum
1586 785 1702 846 radices
1724 801 1816 860 agere
1843 791 1935 864 atquc
1959 785 1990 846 in
2013 785 2077 845 dies

1327 877 1559 938 incrementum
1582 878 1718 955 accipere
1746 879 1894 939 diuturna
1915 878 2078 955 experien-

1329 970 1369 1029 tia
1391 970 1605 1044 cognovimns.

1328 1199 1426 1243 neralis
1442 1199 1577 1244 societatis
1594 1204 1650 1245 lesu
1666 1201 1698 1244 ad
1715 1199 1865 1245 sanctitatis
1880 1202 1988 1245 vestrae
2001 1200 2077 1256 pedes

1328 1266 1477 1311 humillime
1496 1269 1659 1323 provolutus,
1675 1278 1839 1323 quocumque
1858 1266 1964 1323 optimo,
1982 1279 2012 1312 ac
2025 1279 2079 1312 cer·

1329 1333 1431 1378 tissima
1453 1335 1528 1378 modo
1549 1338 1644 1391 potest,
1659 1345 1718 1379 cnm
1740 1334 1811 1378 oinui
1830 1334 2033 1388 asseveratione,
2047 1345 2078 1380 ac

1329 1399 1488 1454 sinceritate,
1504 1413 1559 1454 suo,
1574 1413 1605 1446 ac
1620 1402 1701 1446 totins
1723 1399 1859 1446 societatis
1878 1401 1982 1444 nomine
2003 1401 2078 1457 proil-

1330 1468 1409 1521 tetnr,
1419 1479 1449 1511 ac
1459 1467 1575 1512 declarat
1587 1467 1725 1514 sanctitati
1735 1470 1851 1521 Vestrae,
1862 1470 1888 1512 et
1899 1470 2009 1512 Sanctae
2020 1467 2078 1512 Sedi

2106 554 2159 605 An.
2174 554 2205 606 O.
2228 549 2314 603 1704

1329 1532 1499 1587 apostolicae,
1517 1533 1761 1578 constantissimum
1780 1534 1944 1589 obsequium,
1960 1545 2078 1578 reveren·
2149 1547 2154 1556 ·

1329 1598 1457 1643 tissiraam
1473 1600 1682 1654 submissionem,
1698 1604 1723 1643 et
1738 1599 1911 1645 obedientiam
1927 1613 2039 1654 caecam,
2051 1601 2077 1644 in

1329 1665 1524 1721 amplectendis,
1540 1669 1565 1708 et
1580 1665 1736 1722 exequendis
1756 1677 1935 1722 quaecumque
1950 1679 1996 1722 per
2011 1678 2078 1711 eam-

1329 1733 1387 1775 dem
1403 1735 1524 1776 Sanctam
1541 1733 1632 1776 sedern
1647 1733 1752 1776 decreta
1771 1731 1876 1786 tuerint,
1892 1736 1918 1775 et
1933 1731 2077 1788 imperata:

1329 1800 1412 1856 iisqne
1434 1799 1608 1856 potissimum,
1623 1811 1689 1856 qnae
1711 1800 1780 1844 circa
1802 1799 1899 1844 Sinicos
1921 1799 1988 1844 ritus
2008 1800 2079 1845 edita

1330 1870 1399 1918 sunt,
1422 1871 1479 1910 tum
1501 1878 1569 1911 anno
1591 1879 1695 1911 nincciv.
1719 1867 1759 1910 die
1781 1878 1824 1911 xx.
1848 1866 2005 1919 novembris,
2022 1870 2077 1910 tuin

1329 1943 1397 1977 anno
1421 1944 1515 1977 ntncrx.
1540 1933 1581 1977 die
1606 1945 1667 1977 xxv.
1693 1931 1855 1988 septembris.
1881 1937 1950 1983 Quae
1973 1932 2076 1989 quidem

1329 2001 1444 2051 Decreta,
1460 1999 1539 2044 etiam
1555 2003 1633 2055 prout
1647 2011 1663 2043 a
1678 2000 1822 2044 Sanctitate
1837 2003 1930 2044 Vestra
1940 1998 2078 2055 explicata,

1329 2069 1355 2108 et
1370 2065 1486 2121 exposita
1501 2065 1608 2109 fuerumt
1623 2065 1649 2109 in
1660 2066 1745 2111 literis
1757 2066 1908 2111 sanctitatis
1919 2070 2026 2110 Vestrae
2037 2078 2079 2111 no

1330 2130 1399 2174 mine
1410 2130 1494 2174 eidem
1503 2132 1654 2187 Praeposito
1662 2133 1782 2177 Generali
1796 2132 1902 2188 scriptis
1912 2133 1945 2177 ab
1956 2133 2079 2177 illustris·

1329 2198 1394 2241 simo
1410 2201 1436 2240 et
1452 2198 1669 2243 reverendissimo
1684 2198 1792 2243 Domino
1807 2205 1943 2243 assessore
1959 2202 1980 2243 S.
1998 2199 2078 2243 offleii

1329 2264 1377 2307 snb
1392 2263 1433 2306 die
1449 2275 1483 2307 xi.
1501 2264 1615 2308 octobris
1637 2275 1706 2309 anno
1724 2277 1818 2310 nnccx.
1836 2266 1988 2310 inconcusse
2002 2270 2028 2310 et
2043 2267 2079 2311 in·

1329 2328 1496 2383 violabiliter,
1512 2330 1560 2373 sub
1579 2331 1698 2375 censuris
1713 2334 1739 2374 et
1754 2333 1844 2387 poenis
1866 2332 1962 2375 ibidem
1978 2345 2079 2390 expres-

1329 2396 1374 2449 sis,
1396 2396 1452 2439 sine
1474 2397 1530 2441 nlla
1551 2396 1765 2450 contradictione,
1785 2398 2012 2453 tergiversatione,
2031 2404 2077 2444 ant

1328 2462 1501 2516 cunctatione,
1517 2462 1608 2518 quovis
1627 2463 1828 2507 contrafaciendi
1848 2465 1968 2520 quaesito
1983 2466 2077 2519 colore,

1327 2530 1374 2572 ant
1389 2532 1525 2584 praetextu
1542 2529 1645 2585 penitus
1668 2531 1781 2580 sublato,
1797 2531 1844 2576 sibi
1860 2532 2021 2577 adamussim
2037 2535 2078 2578 ob

1328 2596 1456 2639 servanda
1470 2599 1496 2639 et
1511 2597 1669 2652 exequenda,
1687 2603 1777 2654 sponte
1793 2603 1819 2643 et
1834 2600 1906 2644 ultro
1916 2601 2041 2655 admittit,
2052 2607 2077 2646 et

1328 2661 1498 2717 amplectitur
1509 2663 1622 2708 Societas
1634 2665 1764 2711 Universa.
1776 2671 1900 2713 Testatur
1909 2673 1999 2714 autem
2009 2670 2077 2714 idem

1329 2728 1494 2783 Praepositus
1510 2731 1645 2775 Generalis
1661 2732 1727 2777 baira
1742 2745 1798 2777 esse
1809 2747 1904 2789 vocem,
1916 2736 1964 2780 hoc
1979 2740 2077 2790 votum,

1329 2794 1398 2839 hunc
1412 2796 1546 2851 spiritum,
1563 2798 1697 2843 societatis
1713 2799 1869 2845 Universae:
1886 2803 1955 2847 hunc
1971 2806 1996 2847 et
2011 2803 2079 2847 tutn-

1329 2872 1389 2904 rum
1404 2872 1474 2906 esse:
1491 2863 1557 2907 sicnt
1572 2865 1742 2919 proculdubio
1758 2879 1862 2923 seraper
1877 2868 1933 2913 ibit.

1370 2930 1441 2979 Quod
1456 2929 1478 2973 si
1492 2931 1550 2987 quis
1566 2932 1738 2978 nibilominus
1754 2935 1874 2980 enostris
1885 2941 1954 2982 esset
1963 2938 2079 2982 ubicum-

1330 3008 1379 3051 que
1396 2999 1528 3041 terrarum
1545 2999 1622 3054 (quod
1632 3005 1753 3045 avertant
1765 3002 1865 3058 superi)
1877 3004 1922 3058 qni
1933 3004 2013 3048 aliter
2023 3016 2078 3048 sen·

1331 3062 1392 3106 tiret
1412 3066 1437 3106 et
1459 3063 1620 3119 loqueretur,
1642 3069 1688 3109 ant
1710 3067 1847 3112 locuturus
1869 3074 1953 3113 esset:
1976 3070 2077 3114 numid

1330 3128 1435 3173 oniirino
1450 3129 1611 3185 praevenire,
1624 3136 1671 3176 ant
1685 3133 1810 3190 impedire
1824 3137 1898 3180 nulla
1913 3137 1977 3181 satis
1993 3141 2077 3194 potest

1331 3195 1446 3240 baritana
1462 3197 1609 3252 prudentia,
1624 3199 1651 3243 in
1667 3201 1741 3245 tanta
1753 3202 1921 3248 sirudirorum
1934 3205 2080 3249 multitudi-

1331 3272 1376 3305 ne:
1398 3263 1523 3315 declarat,
1538 3266 1634 3309 asserit
1649 3278 1678 3311 ac
1693 3267 1833 3323 profitetur
1853 3272 2019 3327 Praepositus
2035 3275 2080 3315 Ge·

1331 3328 1427 3373 neralis
1443 3330 1547 3374 nomine
1563 3331 1644 3377 totins
1659 3333 1802 3388 societatis,
1818 3348 1845 3380 se
1859 3336 1912 3381 ianr
1924 3349 1992 3383 nnirc
2002 3339 2077 3383 illurn

1330 3396 1479 3450 reprobare,
1494 3397 1648 3454 repudiare:
1667 3411 1696 3444 ac
1712 3402 1806 3447 merita
1821 3405 2005 3459 castigandum
2021 3419 2078 3463 poc-

1331 3460 1471 3517 irataeque
1493 3466 1686 3519 agnoscendum
1709 3480 1756 3523 pro
1776 3481 1836 3514 vero
1856 3474 1881 3515 et
1897 3471 2010 3527 genuino
2026 3474 2080 3519 tilio

1332 3528 1479 3574 societatis:
1491 3530 1567 3575 illum
1580 3534 1713 3589 tamquam
1723 3534 1886 3591 degenerem,
1895 3541 1920 3581 et
1931 3550 1981 3583 non
1992 3551 2078 3593 sunm,

1332 3595 1445 3644 babebit,
1461 3597 1499 3639 uti
1516 3598 1582 3642 tales
1598 3612 1701 3656 semper
1716 3602 1814 3655 babuit,
1825 3608 1851 3648 et
1863 3606 1938 3650 modo
1949 3607 2025 3651 habet
2039 3612 2080 3652 So

1331 3661 1419 3716 cletas,
1436 3668 1459 3706 et
1476 3667 1604 3720 quant-nm
1620 3666 1724 3723 poterit,
1738 3680 1840 3724 semper
1850 3677 2002 3729 compescet,
2013 3685 2080 3718 com-

1332 3727 1427 3785 primet
1442 3733 1466 3773 et
1483 3735 1607 3776 conteret.

1372 3797 1407 3838 Ea
1424 3806 1504 3850 triens,
1521 3797 1568 3842 hoc
1590 3800 1760 3856 propositum,
1776 3814 1806 3847 ea
1820 3806 1984 3862 contestatio,
2000 3807 2080 3852 Socie-

1332 3862 1395 3906 tatis
1410 3866 1458 3917 est,
1473 3874 1551 3919 quam
1567 3864 1623 3910 eius
1638 3867 1719 3911 totius
1731 3868 1834 3913 nomine
1845 3871 1950 3927 deponit
1961 3873 1993 3917 ad
2006 3877 2081 3918 Sanc·

1332 3926 1447 3973 tissiinos
1462 3930 1541 3974 Pedes
1555 3932 1729 3978 Beatitudinis
1745 3938 1852 3995 vestrae
1867 3939 2034 3994 Praepositus
2045 3941 2080 3997 ip

1332 3995 1387 4039 sius
1398 3996 1546 4048 Generalis:
1557 4002 1586 4042 ut
1596 3999 1656 4043 inde
1669 4012 1715 4055 per
1726 4001 1874 4048 universam
1885 4005 2079 4061 disseminetur,

1332 4073 1362 4106 ac
1376 4066 1518 4119 spargatur
1537 4064 1685 4109 Ecclesiam.
1709 4069 1780 4117 Qirod
1795 4069 1818 4113 si
1832 4071 1864 4113 ad
1883 4071 2078 4127 exprimendam

1332 4128 1460 4174 efficacius
1482 4129 1617 4175 societatis
1632 4131 1657 4176 in
1673 4133 1722 4177 bac
1744 4136 1933 4190 protestatione
1955 4142 2079 4191 mentem,

1331 4195 1443 4241 inveniri
1457 4198 1536 4242 verba
1550 4201 1656 4255 possent
1670 4199 1792 4252 clariora,
1803 4205 1829 4246 et
1840 4204 1922 4256 inagis
1933 4204 2081 4259 significan·

1332 4262 1370 4306 tia
1384 4266 1431 4306 ant
1446 4262 1574 4307 formulae
1595 4265 1680 4319 inagis
1701 4265 1848 4321 distinctae,
1867 4268 2032 4326 disertaeque
2046 4270 2079 4314 ad

1332 4329 1520 4374 obstruendum
1535 4340 1639 4386 ornnem
1654 4331 1863 4378 cavillationibus
1878 4339 1903 4378 et
1919 4334 2034 4380 sinistris
2044 4335 2080 4380 in-

1333 4394 1565 4450 terpretationibus
1579 4396 1696 4451 aditnm;
1711 4398 1831 4453 intendit,
1842 4403 1922 4456 optat,
1934 4403 1991 4445 vult
2006 4406 2080 4447 Prae·

1333 4463 1433 4518 positus
1455 4462 1597 4516 Generalis,
1613 4468 1642 4508 ut
1657 4476 1696 4517 ea,
1711 4477 1777 4520 quae
1793 4465 1817 4510 in
1834 4467 1882 4511 hoc
1898 4467 1994 4524 scripto
2008 4468 2080 4512 adbi-

1333 4528 1384 4582 bet,
1401 4529 1477 4573 verba
1490 4528 1539 4572 vim
1551 4540 1655 4573 oiirnem
1666 4530 1779 4574 aliorum
1791 4544 2017 4590 quorumcumque
2028 4546 2080 4579 ma·

1333 4593 1372 4649 gis
1387 4595 1540 4638 idoneorum
1556 4596 1684 4640 babeant:
1701 4597 1850 4653 latetur-qne
1865 4599 1913 4643 sibi
1927 4612 1978 4645 non
1993 4613 2080 4645 occur·

1333 4660 1398 4704 risse
1420 4661 1475 4704 nlla
1497 4661 1605 4706 meliora
1627 4665 1652 4705 et
1674 4663 1817 4717 apertiora,
1839 4665 1933 4721 quibus
1949 4679 2037 4712 veram
2053 4673 2079 4714 et

1333 4726 1461 4771 sinceram
1477 4727 1559 4771 totins
1574 4727 1708 4773 societatis
1724 4734 1838 4774 mentem
1853 4732 2006 4779 declararet.

1373 4862 1410 4903 Ex
1424 4863 1503 4904 botrio
1518 4861 1635 4906 Prolessa
1650 4862 1767 4906 Romana
1783 4863 1824 4907 die
1839 4876 1882 4910 xx.
1899 4877 1954 4911 nov.
1971 4879 2077 4914 noccxr.

1439 5065 1479 5107 lta
1493 5062 1592 5107 latetur
1607 5068 1632 5106 et
1647 5067 1810 5119 protestatur

1598 5268 1719 5311 ltlrcnum.
1734 5272 1857 5312 etaemus
1871 5271 2043 5316 Tasiaunmus

1652 5345 1816 5402 Praepositus
1831 5349 1971 5394 Generalis.

1374 5535 1444 5575 Idem
1460 5543 1522 5575 uero
1537 5536 1727 5577 Sancttsstnaus
1740 5537 1871 5577 Dorulaus
1881 5538 1975 5578 Noster
1983 5548 2079 5588 sapra-

1334 5601 1414 5641 dictos
1429 5602 1522 5642 Patres
1538 5603 1727 5651 Praepositam
1739 5604 1900 5649 Generatena
1914 5614 1961 5646 aaa
1971 5614 2026 5646 noa
2037 5608 2079 5647 As·

1333 5669 1453 5708 sistentes
1473 5670 1634 5714 dationum,
1661 5679 1691 5710 ac
1713 5671 1907 5711 Procuratores
1928 5672 2079 5713 Prortacta·

1334 5744 1396 5775 rara
1413 5737 1530 5776 eiusdem
1545 5738 1684 5782 Societatts,
1702 5745 1784 5785 qaam
1799 5738 1930 5778 Sanctitas
1940 5738 1996 5779 Sua
2005 5739 2034 5779 tn
2044 5739 2080 5778 vt-

1333 5802 1449 5842 secribus
1463 5804 1531 5851 aer-tt
1544 5806 1674 5852 paternae
1687 5814 1752 5844 snae
1766 5805 1898 5850 caritatis,
1916 5805 2025 5854 beatam
2036 5814 2079 5846 aa·

1334 5870 1416 5918 cepa:
1437 5870 1604 5918 oblatamque
1618 5872 1667 5910 stat
1681 5873 1887 5913 accelerationem
1899 5874 2079 5921 praemissam

1334 5937 1405 5986 lapis
1420 5937 1556 5982 marmari,
1574 5946 1604 5977 ac
1615 5939 1776 5987 pera-areum·
1788 5940 2007 5988 petrapertusa.
