4836 6998
122 561 177 616 An.
192 564 222 616 C.
244 565 311 616 1728

154 709 294 757 clausuros.
380 699 449 774 δη.
477 699 682 761 Decernentes
705 701 826 762 easdem
851 705 1027 778 praesentes
1056 706 1087 760 et

341 793 545 872 praeinsertas
563 792 679 854 litteras
699 809 821 872 semper
838 795 953 868 sirmam,
973 793 1087 855 validas

341 895 373 948 et
393 886 528 947 efficaces
550 887 683 948 existere
701 893 731 948 et
746 886 822 960 lore,
838 902 969 965 suosque
984 885 1087 964 plena·

339 979 401 1044 rios
423 985 454 1040 et
475 978 612 1056 integros
630 978 756 1042 ellectus
771 979 875 1042 sortiri
889 988 921 1042 et
935 979 1086 1054 obtinere,

340 1089 373 1134 ac
394 1071 465 1147 illis,
490 1073 526 1134 ad
548 1089 624 1151 quos
646 1080 780 1150 spectat,
814 1081 844 1134 et
865 1089 921 1152 pro
949 1081 1088 1152 tempore

340 1163 596 1244 quandocumque
607 1164 769 1242 spectabit,
782 1166 814 1227 in
830 1165 976 1228 omnibus
987 1173 1017 1228 et
1032 1181 1088 1244 per

341 1258 446 1320 omnia
472 1258 695 1320 inviolabiliter
723 1259 896 1334 observari,
928 1261 1033 1336 sicque
1055 1259 1087 1319 in

340 1350 512 1430 praemissis
532 1367 587 1428 per
609 1367 821 1430 quoscumque
837 1352 953 1414 iudices
968 1351 1088 1413 ordina·

340 1445 402 1506 rios
427 1452 459 1506 et
479 1444 651 1521 delegatos,
677 1445 771 1506 etiam
794 1461 955 1508 causarum
984 1443 1087 1523 palatii

341 1537 498 1616 apostolici
518 1536 684 1612 auditores,
706 1537 833 1600 iudicari
854 1545 884 1599 ct
898 1537 1022 1600 deliniri
1036 1536 1086 1598 de-

341 1633 425 1706 bere,
450 1647 484 1693 ac
508 1630 634 1692 irritum
658 1639 690 1692 et
710 1632 815 1706 inane,
836 1632 862 1692 si
883 1647 970 1694 secus
995 1646 1087 1709 super

340 1725 388 1786 his
408 1741 425 1784 a
446 1739 612 1803 quoquam,
630 1724 736 1803 quavis
750 1724 942 1798 auctoritate,
954 1723 1087 1786 scienter

341 1819 391 1881 vel
412 1817 603 1895 ignoranter,
625 1817 791 1894 contigerit
812 1817 965 1879 attentari.

380 1913 399 1986 ἓ
420 1911 448 1972 3.
473 1909 542 1972 Νοη
564 1909 754 1974 obstantibus
769 1911 954 1989 praemissis,
969 1927 1002 1973 ac
1016 1927 1086 1972 con-

340 2005 554 2068 stitutionibus
574 2011 606 2065 et
627 2005 874 2068 ordinationibus
895 2005 1084 2084 apostolicis,

340 2117 374 2162 ac
393 2097 469 2160 dicti
489 2098 622 2172 Ordinis,
645 2099 738 2160 etiam
760 2099 951 2174 iuramento,
975 2099 1085 2160 contir-

340 2191 476 2254 matione
491 2191 665 2270 apostolici,
682 2192 732 2252 vel
748 2191 854 2270 quavis
869 2191 1017 2254 firmitate
1029 2190 1086 2252 alid

340 2284 490 2348 roboratis
510 2284 632 2346 statutis
656 2291 686 2346 et
712 2285 999 2360 consuetudinibus,
1024 2285 1086 2362 pri·

340 2378 463 2456 vilegiis
483 2393 619 2456 quoque,
635 2376 764 2439 indultis
785 2385 816 2440 et
838 2377 947 2442 litteris
968 2384 1087 2455 aposto·

340 2472 407 2534 licis
428 2472 461 2533 in
483 2471 674 2534 contrarium
696 2471 935 2548 praemissorum
956 2486 1084 2549 quomo-

340 2565 455 2628 dolibet
474 2563 636 2638 concessis,
653 2565 842 2626 confirmatis
859 2572 890 2626 et
912 2563 1083 2640 innovatis;

339 2657 452 2737 quibus
467 2657 612 2720 omnibus
623 2663 653 2718 et
663 2657 805 2734 singolis,
819 2657 946 2720 illorum
961 2663 1085 2718 tenores

339 2751 551 2831 praesentibus
575 2767 631 2829 pro
652 2751 744 2830 plene
764 2757 796 2811 et
816 2752 1008 2814 sufficienter
1033 2767 1085 2812 ex-

339 2847 460 2925 pressis,
477 2861 509 2907 ac
521 2843 701 2907 adverbum
716 2845 840 2906 insertis
853 2845 1011 2919 habentes,
1026 2844 1085 2906 illis

339 2938 412 3000 aliis
433 2939 466 2999 in
488 2953 544 3000 suo
565 2937 676 3000 robore
696 2937 919 3016 permansuris,
941 2939 977 3000 ad
1000 2953 1086 3015 prac-

339 3032 504 3094 missornm
517 3031 673 3105 edoctum,
685 3030 740 3092 hac
751 3031 816 3092 vice
831 3031 1002 3106 dumtaxat,
1017 3047 1084 3109 spe·

338 3125 456 3188 cialiter
480 3133 511 3186 et
530 3139 672 3202 expresse
693 3125 893 3200 derogamus3
913 3124 1085 3203 ceterisque

339 3217 501 3282 contrariis
522 3217 779 3296 quibuscumque.

118 3322 189 3369 aines
200 3323 320 3386 nanpnoa
378 3314 398 3390 5
419 3313 448 3373 b.
472 3310 625 3373 Volumus
639 3319 744 3374 autem
760 3318 794 3373 ut
809 3311 1019 3390 praesentium
1034 3310 1085 3373 lit·

110 3381 285 3434 ¹¹³¹¹⁵¹¹¹¹¹⁹²¹⁸'
338 3413 477 3469 terarum
502 3404 714 3483 transumptis,
736 3419 791 3465 seu
812 3405 972 3483 exemplis,
990 3404 1083 3466 etiam

337 3499 514 3578 impressis,
547 3513 643 3558 manu
674 3495 801 3558 alicuius
827 3497 939 3559 notarii
969 3497 1084 3576 publici

336 3591 525 3672 subscriptis,
549 3598 579 3653 et
601 3589 702 3666 sigillo
723 3605 871 3668 personae
893 3590 924 3652 in
944 3590 1083 3652 ecclesia·

336 3687 410 3752 stica
431 3686 581 3763 dignitate
600 3684 787 3746 constitutae
807 3683 952 3760 munitis,
975 3685 1083 3746 eadem

336 3796 462 3859 prorsus
477 3779 553 3842 fides
567 3779 600 3839 in
615 3777 728 3840 iudicio
742 3785 773 3838 et
788 3786 874 3840 extra
889 3777 1080 3852 adhibeatur,

338 3873 509 3952 quaeipsis
531 3870 744 3950 praesentibus
766 3870 976 3945 adhiberetur,
998 3871 1024 3932 si
1038 3869 1081 3931 io·

336 3973 407 4030 rent
429 3965 583 4028 exhibitae
604 3963 654 4025 vel
677 3971 827 4025 ostensae.

377 4061 487 4122 Datum
508 4059 634 4131 Romae,
651 4057 730 4135 apud
746 4056 776 4120 S.
795 4057 933 4132 Petrum,
956 4058 1014 4121 snb
1028 4075 1080 4122 an-

336 4153 412 4216 nulo
429 4150 601 4226 Piscatoris,
621 4149 669 4212 dic
681 4165 725 4210 rx.
743 4150 846 4228 aprilis
864 4167 1079 4228 noscimur,

336 4247 531 4325 pontificatus
553 4244 654 4305 nostri
675 4257 757 4304 anno
778 4259 821 4304 iv.

122 1920 322 1984 berogatiocon·

108 1979 256 2023 tractorum.

654 4527 762 4591 xlllll.

339 4715 513 4796 cottfirmot
535 4715 743 4776 resolutiones
760 4712 899 4791 capituli
921 4714 1080 4792 pancratis

379 4808 642 4890 conprepotionis
664 4809 810 4886 fratrum
834 4805 1080 4868 Bctblchcmr'tu·

376 4920 449 4965 rum
470 4903 506 4964 in
529 4900 630 4964 indiis
656 4897 913 4963 occidentalibus
933 4899 990 4981 (l).

502 5069 745 5138 sedebimus
763 5071 821 5137 ΡΡ.
841 5069 909 5136 ΧΙΙΙ.

480 5195 933 5262 mmmmmwm

106 5391 318 5489 nutssuffffirfflna'
376 5375 443 5450 §b
467 5374 549 5436 hlids
576 5388 631 5451 pro
657 5381 743 5451 parte
770 5379 845 5434 tunc
863 5371 1078 5434 existentium

106 5495 218 5595 caprino
234 5507 318 5595 gene-
336 5467 480 5548 praelecti
502 5467 653 5546 generalis
667 5474 698 5528 et
713 5465 867 5528 vocalium
887 5465 1012 5542 capituli
1028 5481 1079 5542 ge·

104 5551 318 5660 ssssssglfilfioffs‘g}
336 5561 452 5624 neralis
478 5560 733 5638 congregationis
759 5558 892 5620 iratrnm
917 5558 1078 5620 Bethlehe-

105 5657 319 5724 rationibuspta·
337 5657 486 5720 micarum
499 5661 751 5732 nuncupatorum
762 5653 793 5713 in
806 5651 899 5713 lndiis
910 5651 1080 5713 occidenta-

105 5716 317 5825 dicibili&
336 5750 427 5826 libus,
439 5763 518 5827 quae
532 5747 564 5808 in
579 5761 685 5808 veram
700 5745 883 5823 religionem
898 5744 1079 5807 auctoritate

376 5961 405 6018 (1)
421 5962 458 6005 Ex
470 5961 574 6016 Regest.
591 5959 618 6004 in
632 5959 707 6003 Arch.
723 5961 795 6003 Brer.

967 579 1163 624 seducturus
1184 579 1253 626 lllll.

1809 547 2105 628 wlmfflm

1142 699 1303 778 apostolici
1328 707 1427 764 erecta
1452 702 1617 781 reperitur,
1638 703 1726 766 nobis
1748 704 1885 781 exposito
1903 712 1920 746 ³
1934 701 2068 801 nppnning
2081 711 2116 801 fg·

1142 794 1324 871 quodcum
1342 795 1374 856 in
1389 796 1582 874 praecedenti
1598 795 1732 874 capitulo
1748 797 1885 873 generali
1904 765 2016 866 {didmff‘
2037 766 2052 802 ³
2109 792 2114 800 '

1142 886 1281 948 eiusdem
1314 887 1569 965 congregationis
1601 905 1683 951 anno
1708 906 1882 952 uncraxxrv.

1141 979 1310 1054 celebrato,
1332 987 1438 1044 contra
1466 981 1600 1044 lormam
1627 983 1886 1046 constitutionum

1142 1072 1237 1151 ipsius
1258 1073 1514 1150 congregationis
1528 1076 1711 1139 anctoritate
1724 1077 1887 1155 apostolici

1142 1167 1414 1241 confirmatarum,
1436 1174 1586 1232 statutum
1615 1168 1722 1231 luisset
1749 1169 1886 1232 officium

1141 1257 1286 1337 praelecti
1318 1259 1473 1336 generalis
1503 1260 1600 1324 dictae
1633 1261 1899 1346 congregationis

1142 1359 1344 1431 perpetuum,
1367 1354 1431 1415 sive
1453 1354 1488 1416 ad
1518 1355 1614 1418 vitam
1634 1356 1723 1418 electi
1748 1373 1814 1418 esse
1834 1356 1885 1418 de-

1141 1445 1226 1520 bere,
1239 1462 1271 1508 ac
1286 1446 1439 1508 nonnulla
1453 1447 1509 1508 alia
1524 1449 1644 1511 decreta
1659 1448 1801 1528 praelatis
1815 1465 1888 1511 con-

1140 1538 1355 1602 stitutionibus
1377 1539 1469 1618 plano
1496 1541 1649 1603 contraria
1670 1543 1750 1604 edita
1771 1549 1884 1616 essent,

1140 1631 1286 1693 adversus
1298 1649 1377 1710 quae
1390 1633 1527 1711 plurium
1544 1633 1742 1712 hospitalium
1754 1635 1821 1696 sive
1834 1635 1887 1696 do-

1141 1739 1266 1786 morum
1287 1725 1384 1787 dictae
1406 1726 1660 1804 congregationis
1686 1727 1814 1789 nomine
1835 1728 1886 1788 ha·

1141 1817 1205 1878 bito
1215 1819 1251 1879 ad
1267 1817 1361 1881 lelicis
1383 1819 1601 1882 recordationis
1616 1819 1812 1882 clementem
1834 1821 1885 1882 Pa-

1141 1926 1211 1988 pam
1233 1911 1284 1973 lll.
1306 1913 1568 1990 praedecessorem
1584 1920 1727 1976 nostrum
1744 1929 1884 1988 recurso,

1140 2019 1174 2064 ac
1194 2003 1239 2064 rei
1261 2004 1442 2080 cognitione
1464 2005 1704 2082 congregationi
1726 2013 1802 2068 ωηο
1823 2006 1887 2067 oxi-

1139 2096 1292 2157 stentium
1313 2095 1344 2158 S.
1363 2097 1397 2159 ll.
1410 2099 1444 2158 Ε.
1469 2098 1679 2162 cardinalium
1701 2099 1835 2176 negotiis
1855 2106 1886 2160 et

1139 2188 1417 2253 consultationibus
1449 2190 1669 2269 cpiscoporum
1701 2199 1731 2254 et
1756 2193 1886 2270 llegula·

1139 2281 1222 2342 rium
1243 2283 1432 2360 praepositae
1450 2298 1505 2362 per
1526 2286 1672 2346 eumdem
1688 2285 1885 2348 clementem

1140 2376 1404 2453 praedecessorem
1415 2375 1607 2452 demandati,
1621 2387 1652 2440 et
1666 2378 1703 2440 ab
1717 2382 1772 2441 hac
1787 2379 1886 2440 tribus

1140 2466 1886 2550 ipsiuscongregationiscardinalibusadidspe-

1140 2561 1258 2623 cialiter
1279 2563 1432 2641 deputatis
1447 2564 1583 2639 remissi,
1597 2565 1757 2642 prodiisset
1776 2581 1791 2626 a
1807 2565 1887 2628 con·

1140 2655 1319 2732 gregatione
1339 2656 1516 2732 particulari
1531 2658 1686 2720 dictorum
1701 2659 1798 2722 trium
1814 2659 1886 2722 Gar-

1139 2745 1289 2809 dinalium
1311 2749 1359 2811 die
1380 2763 1438 2810 xn.
1455 2750 1560 2828 aprilis
1575 2767 1709 2813 unccrx.
1725 2754 1885 2816 decretum

1140 2841 1256 2902 tenoris
1276 2843 1446 2920 sequentis,
1469 2841 1626 2906 videlicet:
1703 2874 1704 2878 =

1178 2933 1337 2996 Revocatis
1358 2935 1488 2997 decretis
1513 2937 1618 2998 asserti
1640 2937 1765 3016 capituli
1791 2955 1883 3016 gene·
1979 2948 2113 2993 emanavit

1138 3027 1210 3088 ralis
1221 3027 1254 3089 in
1269 3029 1303 3089 ed
1324 3037 1420 3106 parte,
1437 3030 1470 3091 iu
1485 3046 1545 3108 qua
1558 3037 1632 3093 sunt
1646 3033 1797 3094 contraria
1812 3049 1884 3096 con·
1900 3000 2113 3118 Pfflsfissiffigrgss

1138 3121 1352 3184 stitutionibus
1380 3123 1541 3200 apostolici
1568 3125 1749 3188 auctoritate
1772 3129 1883 3189 conlin-
1900 3112 1980 3216 iffi?
1995 3113 2113 3218 ξξζῃξὲζ

1138 3218 1238 3292 matis,
1260 3225 1428 3280 serventur
1442 3219 1571 3282 omnino
1593 3219 1718 3282 eaedem
1734 3223 1883 3285 constitu·
1900 3217 2003 3261 vocata
2031 3215 2114 3262 ‘⁰⁰¹⁰

1137 3311 1238 3372 tiones
1252 3319 1283 3372 et
1297 3311 1533 3390 Archiepiscopo
1554 3312 1683 3374 Limano
1697 3330 1753 3393 pro
1773 3331 1878 3378 execn-
1901 3268 2114 3384 ἓῖἒῑθοὼοοὲῗηῑῗῑῗιῗ

1137 3405 1222 3466 tione
1235 3413 1264 3468 et
1276 3407 1497 3467 convocatione
1507 3406 1643 3484 capituli,
1653 3407 1702 3468 cui
1714 3409 1882 3486 praesideat
1901 3374 2017 3476 {¹:23ng
2049 3386 2114 3422 ⁰⁰¹¹*

1137 3513 1192 3576 per
1213 3514 1245 3560 se
1265 3499 1331 3559 sive
1347 3514 1402 3576 per
1416 3498 1512 3560 alium
1533 3515 1606 3561 cnm
1623 3501 1768 3564 omnibus
1789 3501 1882 3564 iacul-

1137 3591 1250 3653 tatibus
1271 3607 1373 3653 sacrae
1388 3592 1653 3669 congregationis,
1670 3601 1712 3668 et,
1729 3603 1882 3674 quatenus

1138 3691 1211 3746 tunc
1231 3685 1380 3763 temporis
1401 3684 1655 3764 Archiepiscopus
1676 3686 1798 3762 obierit,
1812 3705 1881 3750 exe-

1136 3782 1248 3855 quatur
1269 3784 1299 3838 et
1320 3777 1489 3856 praesideat
1508 3775 1647 3840 vicarius
1667 3780 1858 3858 capitularis3

1176 3871 1315 3934 Subinde
1331 3887 1406 3932 vero
1421 3887 1523 3934 coram
1538 3871 1644 3933 eaidem
1660 3872 1881 3952 congregatio-
1908 3885 2112 3948 stanpensem-

1136 3981 1176 4027 ne
1196 3965 1375 4044 particulari
1394 3964 1603 4028 cardinalium
1619 3967 1789 4030 nonnullae
1805 3968 1881 4032 aliae
1899 3943 2112 4049 {gngggffig

1136 4059 1298 4120 instantiae
1328 4075 1383 4138 per
1410 4065 1486 4122 tunc
1511 4059 1626 4136 pariter
1658 4061 1825 4122 existentes
1845 4063 1879 4124 in
1898 4046 2111 4154 ξῆξζῗᾞῂρξξρξζ

1135 4151 1214 4213 almal
1236 4152 1318 4214 Urbe
1339 4153 1435 4214 dictae
1466 4151 1718 4228 congregationis
1747 4154 1880 4216 iratrnm
1897 4153 2112 4262 ffiffivrioteffsffv‘ss'

1136 4252 1349 4323 procuratores
1376 4245 1546 4325 propositae
1574 4254 1692 4322 essent,
1722 4263 1796 4326 quas
1817 4248 1879 4326 ipsa
1898 4261 1999 4306 carrona
2014 4260 2112 4324 aquisp-

1137 4339 1341 4416 congregatio
1372 4338 1561 4417 particularis
1593 4339 1802 4402 cardinalium
1831 4341 1879 4405 die
1898 4313 2112 4424 Εηξθῶξξῗιῗέὶθὲἶ

1136 4448 1225 4494 xxxi.
1249 4432 1380 4494 ianuarii
1399 4447 1521 4493 nnccx.
1539 4433 1703 4495 admittere
1724 4433 1877 4508 noluerat,
1897 4425 1988 4521 {gui}
2002 4421 2110 4531 ‘gssfflgg

1134 4529 1186 4590 sed
1208 4534 1316 4588 uotum
1329 4525 1462 4603 proximi
1483 4526 1608 4604 capituli
1624 4527 1775 4603 generalis
1790 4528 1880 4590 desu-
1898 4529 2110 4640 {pagffigffitggggj

1134 4637 1189 4700 per
1203 4619 1326 4698 exquiri
1340 4620 1554 4697 mandaverat3
1570 4619 1749 4699 iterumque
1763 4622 1798 4684 ad
1814 4629 1879 4684 tru·
1897 4637 1954 4682 sua.

1136 4715 1232 4776 tinam
1258 4714 1291 4774 in
1318 4712 1397 4776 dicte
1427 4713 1673 4790 congregatione
1703 4715 1880 4792 particulari

1135 4807 1344 4871 Gardinalium
1359 4807 1499 4870 revocati
1519 4806 1708 4868 resolutione
1719 4807 1757 4869 ab
1771 4809 1879 4871 eidem

1134 4902 1183 4964 die
1205 4918 1263 4964 xri.
1286 4900 1389 4979 aprilis
1403 4901 1499 4979 capti,
1516 4915 1611 4978 reque
1626 4899 1675 4962 die
1689 4917 1718 4960 v.
1732 4899 1879 4964 februarii

1135 5011 1287 5058 uoccxrv.
1311 5003 1450 5056 accurate
1477 4993 1621 5068 discussi,
1645 5003 1817 5056 emanasset
1842 4996 1879 5058 ab

1134 5089 1168 5150 ei
1199 5087 1377 5160 decretum,
1401 5101 1476 5164 quc,
1499 5086 1689 5165 persistendo
1710 5087 1743 5148 in
1771 5088 1878 5150 decisis

1133 5179 1231 5260 quoad
1246 5179 1475 5244 revocationem
1486 5179 1684 5243 decretorum
1697 5181 1731 5242 in
1743 5181 1877 5260 capitulo

1134 5274 1270 5352 generali
1290 5273 1365 5334 anni
1385 5280 1567 5336 mucciunt
1587 5274 1761 5350 praefertur
1780 5273 1877 5336 edito-

1133 5383 1205 5430 rum
1225 5375 1256 5428 et
1277 5365 1529 5428 convocationem
1551 5365 1622 5428 dicti
1636 5367 1761 5446 capituli
1783 5383 1879 5446 gene-

1134 5461 1221 5536 ralis,
1244 5461 1422 5522 iniunctum
1455 5459 1572 5536 luerat,
1595 5475 1649 5539 per
1670 5467 1740 5521 vota
1761 5469 1878 5524 secreta

1133 5555 1165 5618 in
1186 5555 1244 5616 hoc
1265 5553 1406 5632 proximo
1434 5553 1566 5632 capitulo
1591 5554 1730 5630 generali
1756 5555 1877 5632 exquiri

1133 5665 1171 5710 an
1198 5647 1358 5726 expediret
1386 5646 1522 5709 officium
1548 5647 1694 5725 praelecti
1725 5647 1877 5724 generalis

1133 5744 1229 5807 dictae
1251 5740 1506 5830 congregationis
1524 5740 1656 5803 fratrum
1671 5741 1704 5802 in
1718 5747 1876 5819 posterum
