4878 6982
334 528 387 582 An.
402 532 432 583 C.
454 533 520 586 1701
573 539 632 602 206

553 697 692 744 annuere
714 679 865 756 33133133,
887 697 1052 762 eumquea
1069 681 1230 760 quibusvis
1246 698 1297 744 ex·
1322 681 1325 762 1

553 775 852 850 communicationis,
864 775 1073 854 suspensionis
1085 784 1116 837 et
1129 775 1296 850 interdicti,
1324 807 1325 840 r

552 865 680 945 aliisque
703 867 911 930 ecclesiasticis
926 868 1101 942 sententiis,
1115 868 1253 930 censuris
1268 876 1299 930 et

552 959 671 1036 poeuis,
695 977 710 1019 a
732 959 799 1020 iure
816 959 866 1021 vel
887 961 924 1022 ab
938 961 1075 1036 homine,
1092 962 1200 1039 quavis
1214 977 1297 1023 occa·
1324 972 1325 990 ³

551 1051 639 1112 sione
664 1050 714 1112 vel
735 1055 823 1112 causa
845 1052 924 1125 latis,
947 1053 973 1114 si
996 1054 1108 1131 quibus
1131 1053 1300 1132 quomodo-

552 1142 626 1204 libet
654 1145 818 1207 innodatus
846 1145 961 1220 existit,
984 1149 1019 1210 ad
1040 1145 1187 1210 ellectum
1213 1163 1298 1226 prae·
1325 1213 1326 1218 ,

551 1237 688 1298 sentium
714 1237 872 1299 dumtaxat
899 1241 1163 1326 consequendum,
1186 1240 1299 1302 harum
1325 1241 1327 1272 ²

553 1333 633 1394 serie
657 1330 852 1394 absolventes
874 1339 904 1393 et
932 1333 1108 1395 absolutum
1138 1333 1203 1395 1333
1228 1350 1299 1396 333-

553 1431 669 1499 333133,
691 1423 967 1502 supplicationibus
982 1427 1049 1488 eius
1070 1427 1196 1488 nomine
1212 1427 1300 1488 nohis

554 1534 646 1598 super
660 1518 717 1580 hoc
738 1517 901 1579 humiliter
915 1520 1063 1596 porrectis
1078 1520 1231 1595 inclinati,
1248 1519 1301 1580 dc-
1325 1548 1326 1559 r

555 1619 675 1672 cretum
697 1611 937 1689 praeinsertum,
951 1629 966 1672 a
982 1621 1153 1675 memorato
1176 1614 1299 1694 losepho

555 1703 673 1766 1133313
695 1703 848 1766 cardinali
870 1710 901 1764 et
923 1712 1097 1781 protectore
1125 1707 1244 1768 editum
1265 1715 1301 1768 ut

556 1795 744 1874 praefertur,
773 1796 953 1858 auctoritate
983 1797 1167 1874 apostolici,
1191 1806 1300 1859 tenore

555 1888 776 1966 praesentium,
801 1889 1023 1950 confirmamus
1039 1898 1069 1950 31
1084 1891 1299 1967 approbamus,

556 1981 663 2058 illique
684 1981 870 2042 inviolabilis
886 1982 1067 2059 apostolicae
1085 1983 1238 2044 firmitatis
1252 1998 1302 2044 ro-

555 2073 614 2134 bur
636 2072 807 2146 adiicimus,
828 2091 861 2134 ac
882 2089 992 2135 omnes
1013 2082 1044 2136 et
1066 2075 1205 2150 singulos
1226 2075 1302 2135 iuris
1328 2123 1329 2128 1

554 2173 586 2226 et
607 2164 678 2225 lacti
701 2164 848 2239 13133133,
865 2166 888 2226 31
905 2167 959 2244 331
981 2168 1113 2245 desuper
1134 2168 1302 2244 quomodo·
1327 2159 1329 2227 j

555 2255 631 2318 lihot
653 2257 892 2332 intervenerint,
915 2259 1105 2338 supplemus.

594 2350 613 2424 ἓ
634 2348 662 2410 3.
687 2350 893 2412 Decerneutes
914 2353 1034 2412 easdem
1055 2357 1232 2430 praesentes
1253 2351 1301 2411 lit·
1328 2427 1329 2434 ¹

554 2449 634 2502 teras
665 2457 788 2520 semper
819 2443 933 2516 lirmus,
966 2444 1080 2506 validas
1108 2451 1138 2504 et
1167 2444 1301 2506 efficaces
1327 2439 1330 2475 1

554 2534 687 2596 existere
709 2542 739 2596 et
761 2533 837 2609 iore,
864 2551 997 2614 suosque
1027 2535 1181 2614 plenarios
1203 2543 1234 2597 et
1255 2537 1301 2597 in·
1329 2541 1330 2549 ’

556 2635 658 2704 tegros
689 2627 815 2689 ellectus
844 2627 948 2688 sortiri
970 2635 1000 2689 et
1030 2629 1182 2702 obtinere,
1212 2645 1246 2689 ac
1268 2628 1302 2688 il·
1329 2698 1330 2711 ,

556 2719 604 2795 lis,
626 2723 662 2783 ad
685 2737 762 2800 quos
789 2727 956 2799 spectatet
978 2721 1011 2781 13
1034 2721 1177 2784 luturum
1206 2737 1302 2800 quan-

555 2813 731 2891 documque
762 2813 927 2892 spectabit,
955 2815 988 2873 in
1021 2814 1164 2876 omnibus
1192 2814 1330 2892 313311

556 2905 660 2966 omnia
673 2906 851 2984 plenissime
865 2906 1037 2982 sutlragari,
1049 2906 1154 2983 sicque
1170 2907 1201 2967 in
1219 2923 1303 2984 prae·

555 2999 656 3060 missis
681 3015 736 3076 per
756 3014 968 3078 quoscumque
994 2997 1108 3060 iudices
1132 2999 1302 3060 ordinarios

555 3097 586 3151 et
608 3090 774 3166 delegatos,
797 3092 890 3152 etiam
911 3107 1071 3154 causarum
1099 3091 1203 3169 palatii
1234 3107 1305 3170 apo-

554 3184 654 3246 stolici
685 3181 857 3257 auditores,
891 3185 1019 3247 iudicari
1046 3192 1077 3245 et
1103 3185 1225 3246 definiri
1253 3183 1330 3244 313-’

556 3277 640 3351 bere,
663 3293 696 3338 ac
717 3277 842 3336 irritum
866 3285 897 3338 et
922 3277 1026 3351 inane,
1048 3278 1072 3338 31
1094 3293 1182 3339 33333
1210 3293 1304 3356 33333

556 3371 603 3432 1313
624 3389 639 3431 3
655 3384 821 3449 quoquam,
838 3370 946 3448 quavis
960 3371 1154 3445 auctoritate,
1169 3372 1304 3434 scienter

555 3463 606 3524 rel
628 3465 819 3540 ignoranter,
835 3463 1001 3540 contigerit
1023 3465 1181 3526 attentari.

325 3557 537 3665 deflfoffiglffium
597 3560 616 3634 §
637 3558 665 3618 l.
690 3557 758 3619 Non
774 3547 965 3618 obstantibus
986 3558 1257 3620 constitutionibus
1273 3568 1304 3620 et

557 3651 804 3714 ordinationibus
833 3649 1017 3727 apostolicis,
1041 3666 1175 3724 necnon,
1198 3659 1302 3728 quate-

557 3739 618 3808 nus
644 3761 720 3822 opus
741 3744 798 3818 sit,
828 3741 959 3802 duarum
992 3743 1242 3820 provinciarum,
1271 3761 1305 3806 ac

557 3833 816 3912 congregationis
827 3841 858 3894 el
869 3833 991 3895 Ordinis
1006 3833 1194 3908 huiusmodi,
1211 3835 1304 3896 etiam

559 3929 750 4001 iuramento,
780 3925 1015 3988 confirmatione
1043 3925 1222 4004 apostolici,
1256 3927 1305 3988 rel

558 4023 665 4100 quavis
688 4021 835 4082 firmitate
857 4019 915 4079 alii
936 4018 1104 4091 roboratis,
1131 4019 1253 4080 statutis
1273 4027 1305 4081 et
1331 4077 1333 4080 .

558 4113 846 4187 consuetudinibus,
864 4111 1036 4190 privilegiis
1051 4125 1185 4190 quoque,
1202 4111 1307 4174 indul·
1332 4127 1333 4135 ¹

560 4209 598 4270 tis
610 4215 640 4269 et
656 4205 767 4268 litteris
782 4203 953 4282 apostolicis
969 4203 999 4265 13
1014 4204 1206 4265 contrarium
1220 4219 1306 4282 prae·
1332 4254 1333 4260 ,

482 4377 484 4380 ¹
559 4300 725 4362 missorum
747 4295 979 4374 quomodolibet
1000 4297 1166 4370 concessis,
1193 4297 1307 4358 concr—
1332 4359 1334 4364 ,

560 4393 649 4456 matis
683 4400 714 4452 et
746 4387 920 4464 innovatis3
954 4388 1065 4466 quibus
1100 4388 1244 4450 omnihus
1276 4395 1307 4450 31

560 4485 701 4562 singulis,
725 4483 851 4544 illorum
874 4490 997 4544 tenores
1019 4482 1232 4558 praesentibus
1252 4498 1307 4560 pro

560 4580 653 4659 plene
667 4587 697 4639 et
712 4576 903 4636 srrffieieuter
918 4574 1068 4650 expressis
1080 4591 1114 4635 33
1125 4575 1159 4635 ad
1176 4575 1307 4636 verbum

561 4670 684 4734 insertis
706 4668 867 4740 habentes,
890 4665 951 4726 illis
973 4665 1045 4726 aliis
1067 4665 1099 4727 in
1121 4682 1176 4727 suo
1197 4667 1309 4728 robore

561 4761 787 4844 permansuris,
816 4759 852 4819 ad
874 4757 1111 4837 praemissorum
1145 4757 1306 4833 ellectum,

561 4858 616 4919 hac
637 4856 704 4918 vice
725 4853 898 4925 dumtaxat,
920 4849 1093 4928 specialiter
1113 4857 1145 4912 et
1166 4866 1309 4928 expresse

561 4951 764 5024 derogamus3
797 4944 969 5021 ceterisque
989 4943 1152 5004 contrariis
1183 4942 1308 5020 quibus-

561 5057 705 5119 cumque.

602 5135 714 5197 Datum
736 5133 850 5194 Romae
872 5128 952 5208 apud
974 5129 1004 5192 S.
1022 5129 1149 5190 Petrum
1177 5129 1236 5190 sub
1257 5145 1310 5190 an·

563 5227 639 5290 3313
657 5225 817 5290 1133313313,
836 5224 886 5285 die
904 5239 954 5282 xv.
972 5221 1076 5300 aprilis
1093 5236 1218 5296 33333,
1235 5239 1310 5301 pon-

564 5321 695 5383 tificatus
716 5317 816 5380 nostri
836 5331 919 5377 anno
941 5331 963 5376 ι.

368 2356 507 2402 Clausulas.

820 5475 1058 5486 .--—-—---—-

606 5707 635 5762 (l)
650 5707 688 5750 Ex
702 5705 804 5761 Regesl.
819 5703 847 5749 iu
861 5704 936 5749 Arch.
960 5705 1031 5748 Brev.
1055 5702 1151 5748 cadem
1172 5699 1310 5759 privilegia

564 5782 686 5818 33333333
706 5771 813 5816 fixerunt
835 5769 924 5814 ordini
945 5773 968 5813 S.
988 5768 1093 5814 loannis
1114 5767 1158 5812 Dei
1178 5768 1211 5814 ab
1232 5769 1311 5812 Urba-

565 5849 599 5884 no
612 5840 676 5882 Vlll.
691 5836 825 5883 constitut.
841 5837 902 5882 edit.
917 5845 1045 5882 nucxxrv.
1060 5833 1100 5880 die
1111 5845 1155 5879 xx.
1166 5833 1240 5888 iunii,
1251 5846 1311 5891 pon·
1337 5848 1338 5874 i

565 5904 603 5952 111
620 5916 636 5952 1.
655 5903 738 5950 liuius
753 5902 967 5962 congregationis
985 5900 1122 5962 priuilegia
1136 5903 1162 5946 et
1176 5899 1311 5960 indulgeu-
1336 5900 1339 5946 l

1076 564 1140 608 lltll.
1166 564 1256 610 bour.
1281 565 1321 608 bn
1343 564 1371 608 P.
1394 565 1424 608 F.
1449 564 1531 610 huus
1553 565 1574 609 1.

1702 681 1754 743 lV.

1356 867 1507 930 Concedit
1530 865 1779 947 Cotrqrequtr'oni
1798 866 1957 930 Caritatis
1975 867 2006 930 S.
2025 865 2101 947 1113-

1393 960 1546 1038 33131113
1565 961 1668 1024 ludite
1694 959 1952 1023 occidentalibus
1972 961 2103 1038 privile-

1393 1054 1447 1134 313
1470 1051 1630 1116 Ordinem
1646 1053 1903 1116 mendicantium
1916 1059 1947 1114 31
1966 1053 2103 1116 Clericu-

1394 1161 1469 1208 rum
1492 1145 1754 1210 Ministrcotium
1776 1145 1918 1224 infirmis
1940 1143 1996 1224 (1).

1541 1339 1727 1409 ottulfus
1750 1341 1852 1408 ΡΑΡΑ
1874 1341 1916 1408 lt.

1475 1503 1517 1570 lid
1540 1508 1713 1586 3333313333
1736 1503 1779 1568 331
1802 1504 1981 1570 memoriam.

1396 1707 1530 1769 iniuncti
1560 1706 1648 1768 nobis
1677 1705 1805 1768 caelitus
1831 1703 2102 1784 33313331133111311
2146 1711 2300 1758 uxoratum.

1357 1799 1600 1878 3311333313131,
1624 1805 1670 1872 ut,
1694 1805 1852 1876 paternam
1876 1812 2033 1858 sacrarum
2054 1812 2103 1857 re-

1356 1893 1511 1969 ligionum
1544 1900 1575 1953 et
1606 1892 1885 1968 congregationum
1917 1890 2103 1952 christianae

1356 1986 1489 2048 caritatis
1511 1991 1541 2048 et
1563 1986 1778 2064 hospitalitatis
1804 1983 1949 2062 operibus
1971 1999 2009 2044 ex
2033 1999 2104 2060 pro—

1358 2077 1435 2138 13333
1454 2077 1648 2139 laudabiliter
1662 2077 1915 2139 incumbentium
1929 2091 2035 2138 curam
2051 2092 2102 2152 ge·

1356 2175 1471 2243 rentes,
1495 2169 1581 2248 pium
1604 2169 1729 2231 illarum
1756 2169 1941 2232 exercitium
1963 2175 1994 2229 et
2016 2169 2104 2231 insti·

1328 2290 1329 2299 1
1359 2265 1474 2334 tutum,
1490 2275 1562 2338 quo,
1576 2259 1693 2321 labores
1707 2261 1880 2338 expeditius
1894 2261 2100 2340 suscipiendo,

1358 2351 1433 2413 illud
1449 2352 1577 2413 alacrius
1594 2353 1780 2414 continuent
1797 2361 1829 2414 et
1845 2353 2017 2416 terrentius
2030 2369 2104 2416 exe·

1358 2450 1505 2522 quantur,
1527 2444 1705 2506 liberalibus
1734 2446 1905 2519 gratiarum
1927 2453 1958 2508 et
1979 2447 2102 2525 privile-

1359 2536 1482 2612 giorum
1504 2537 1687 2598 muneribus
1709 2537 1938 2612 conloveamus,
1956 2546 2048 2618 prout
2069 2540 2101 2602 in

1358 2629 1491 2690 Domino
1512 2630 1718 2708 conspicimus
1739 2629 1904 2692 salubriter
1924 2633 2079 2710 expedire.

1398 2721 1417 2794 ἓ
1441 2721 1468 2781 l.
1492 2721 1571 2784 cum
1604 2723 1725 2800 itaque,
1757 2723 1837 2786 sicut
1864 2725 1995 2787 dilectus
2021 2727 2103 2788 lilius
2141 2739 2276 2804 ,3333333
2294 2748 2344 2802 pro

1359 2815 1486 2874 loannes
1508 2814 1545 2875 de
1567 2813 1713 2889 cabrera,
1743 2825 1924 2893 procurator
1952 2817 2104 2894 generalis
2121 2792 2345 2902 {ffffihfflssh'ig

1359 2906 1616 2982 congregationis
1635 2907 1775 2970 Caritatis
1797 2909 1854 2970 sub
1876 2910 1968 2971 111313
1984 2911 2013 2974 S.
2031 2911 2105 2990 1113-
2122 2897 2344 3008 gjffiffifffficfflj

1358 2998 1454 3076 polyti
1476 2998 1622 3076 martyris
1643 2999 1676 3060 13
1698 3000 1823 3062 31311313
1848 3001 2003 3064 1133133331
2023 3003 2106 3066 aliis·
2122 3005 2186 3052 toris
2199 3004 2343 3060 generans.

1358 3105 1419 3168 que
1440 3091 1577 3169 partibus
1599 3091 1756 3156 indiarum
1772 3091 2014 3156 Occidentalinm
2030 3113 2045 3155 3
2061 3094 2104 3156 le·

1358 3183 1423 3246 licis
1434 3183 1655 3246 recordationis
1666 3185 1846 3247 innocentio
1858 3185 2106 3265 Papallllprae-

1359 3277 1516 3337 decessore
1549 3283 1656 3336 nostro
1685 3275 1718 3336 in
1749 3277 1936 3353 religionem
1968 3286 2102 3351 erectae,

1360 3368 1448 3431 nobis
1480 3383 1580 3445 nuper
1609 3369 1723 3445 exponi
1751 3367 1839 3443 lecit,
1867 3369 1977 3431 iratres
2008 3370 2105 3432 dictae

1330 3457 1331 3462 ’
1360 3459 1616 3538 congregationis
1637 3459 1674 3520 ab
1696 3460 1760 3538 ipso
1782 3460 1866 3522 illius
1888 3462 1979 3524 initio
2000 3462 2105 3544 multi-

1359 3553 1448 3632 plicia
1469 3561 1562 3630 atque
1584 3552 1718 3628 insignia
1739 3552 1861 3631 pietatis
1875 3562 1905 3615 et
1920 3555 2105 3618 christianae

1359 3645 1516 3708 charitatis
1537 3660 1629 3722 opera
1651 3661 1724 3721 erga
1745 3659 1894 3724 pauperes
1916 3655 1946 3708 et
1962 3647 2105 3710 intirmos

1360 3737 1392 3798 in
1414 3753 1523 3799 eorum
1545 3737 1745 3815 hospitalibus
1771 3737 1930 3814 degentes,
1954 3754 2017 3801 non
2038 3741 2106 3802 sine

1358 3828 1512 3908 spirituali
1527 3830 1703 3892 animarum
1718 3831 1882 3905 beneficio,
1893 3833 2104 3908 exercuerint,

1360 3923 1437 3984 etin
1453 3921 1517 3984 dies
1532 3939 1678 3986 exercere
1693 3941 1757 3986 non
1773 3925 1932 4000 desinant3
1956 3942 2016 4004 quo
2031 3942 2106 3988 vero

1360 4015 1411 4076 illa
1432 4031 1556 4094 semper
1577 4017 1750 4094 impensius
1771 4024 1801 4078 et
1823 4017 1968 4080 indelessi
1994 4017 2107 4081 obeant

1360 4116 1391 4168 et
1413 4109 1610 4183 continuent,
1627 4110 1691 4188 ipse
1708 4112 1838 4173 loannes
1859 4119 2041 4188 procurator
2055 4126 2108 4187 ge-

1361 4201 1475 4262 neralis
1497 4201 1670 4278 plurimum
1684 4205 1787 4281 cupiat
1809 4204 1921 4281 gratias
1936 4211 1967 4265 et
1982 4204 2108 4282 privile-

1362 4294 1410 4370 gia
1431 4292 1584 4357 Ordinum
1610 4294 1851 4358 Mendicantium
1878 4303 1909 4359 et
1930 4297 2108 4373 cougrega-

1363 4385 1454 4448 tionis
1486 4386 1679 4450 clericorum
1700 4389 1902 4465 Regularium
1930 4389 2107 4451 ldinistrau·

1363 4479 1443 4540 tium
1463 4481 1619 4555 lulirmis,
1643 4497 1721 4559 3333
1743 4482 1814 4544 aliis
1843 4483 2023 4545 recolendae
2043 4497 2109 4542 me-

1334 4654 1335 4662 *
1363 4573 1478 4634 moriae
1509 4573 1651 4636 Urbanus
1679 4575 1756 4653 Papa
1785 4575 1863 4637 Vlll.
1893 4566 2108 4653 praedeeessor

1362 4667 1477 4744 pariter
1502 4675 1607 4728 noster
1635 4667 1742 4730 Ordini
1765 4675 1838 4730 tunc
1865 4667 2108 4744 congregationi

1364 4766 1559 4837 nuncupatae
1589 4759 1722 4820 iratrum
1744 4759 1775 4822 S.
1800 4759 1920 4822 loannis
1949 4761 2109 4822 11313333-

1363 4854 1536 4915 municavit
1550 4859 1582 4914 et
1596 4851 1757 4924 concessit,
1780 4853 1950 4929 praedictae
1972 4854 2110 4930 congre·

1365 4945 1481 5023 galloni
1498 4945 1649 5019 Caritatis,
1666 4959 1744 5021 3333
1758 4943 1808 5024 (31
1822 4944 1982 5022 asseritur)
1997 4946 2030 5007 13
2045 4947 2108 5008 3313

1366 5038 1559 5115 regularibus
1594 5037 1745 5098 institutis
1777 5051 1849 5098 cum
1885 5038 1965 5099 dicto
1997 5038 2109 5101 Ordine

1366 5131 1469 5194 Sancti
1498 5129 1619 5191 loannis
1644 5130 1698 5190 bei
1719 5131 1855 5191 maxime
1887 5131 2052 5204 convenit,
2075 5131 2111 5192 11-

1367 5225 1487 5302 1133333
1518 5223 1664 5285 lratribus
1693 5231 1723 5285 et
1746 5224 1819 5285 locis
1844 5239 1860 5282 a
1883 5223 1970 5284 nobis
1995 5225 2111 5301 pariter

1366 5315 1588 5380 communicari
1609 5321 1640 5376 et
1664 5315 1808 5378 concedi:

1406 5411 1424 5484 ἓ
1446 5409 1474 5470 2.
1499 5407 1571 5483 Nos,
1594 5409 1736 5471 eamdem
1755 5408 2036 5484 congregationem
2057 5410 2111 5472 ca·
2129 5405 2351 5461 concessuram-

1367 5502 1466 5564 ritatis
1486 5508 1518 5561 et
1539 5501 1587 5578 pia
1615 5501 1698 5562 illius
1723 5500 1864 5564 instituta
1895 5500 2060 5563 contovere
2080 5509 2112 5564 31
2129 5461 2353 5569 1111311111ῧῖ

1336 5707 1338 5750 ζ
1366 5700 1417 5746 1133
1431 5701 1588 5745 confirmata
1609 5699 1681 5744 13333
1695 5697 1728 5744 ab
1743 5697 1894 5744 Innocentio
1908 5701 1960 5742 llll.
1976 5696 2110 5743 constitut.

1365 5766 1527 5820 editnocc,
1542 5765 1583 5810 die
1598 5775 1642 5810 xx.
1658 5763 1730 5816 33311,
1744 5764 1833 5821 pontit.
1849 5775 1894 5819 xxc
1910 5765 1936 5809 et
1950 5763 2022 5809 allud
2037 5763 2112 5820 priri-

1365 5833 1465 5890 legium
1477 5833 1509 5877 de
1518 5830 1653 5878 ordinibus
1664 5829 1833 5888 suscipiendis
1845 5832 1917 5878 extet
1926 5829 2113 5876 constitutione

1367 5897 1493 5959 sequenti.
