4880 6982
332 555 387 614 aa.
401 558 431 613 3.
453 557 519 614 333
569 551 629 620 etl

552 693 649 768 ribus,
666 694 852 773 praepositos
866 709 937 756 suos
952 692 1051 774 palam
1072 693 1227 770 insiliunt,
1241 692 1294 772 qui

552 803 663 850 eorum
683 787 831 850 deberent
853 801 999 866 apparere
1012 795 1247 862 ornamentum,
1264 792 1295 848 et

552 897 635 960 cum,
658 881 824 944 insalutato
852 888 989 960 pastore,
1018 880 1165 944 dominici
1193 879 1296 957 gregis

551 989 659 1035 curam
689 973 866 1037 inordinate
896 989 1046 1054 usurpare
1073 979 1294 1052 praesumunt,

552 1083 617 1128 non
637 1067 832 1130 attendentes
857 1067 906 1130 cui
928 1065 1045 1130 dictum
1066 1067 1105 1128 sit
1126 1082 1142 1126 a
1163 1064 1296 1127 Domino

553 1163 650 1224 Pasce
671 1177 739 1222 oves
760 1176 857 1233 meus,
870 1175 971 1238 neque
987 1159 1132 1222 miseram
1153 1156 1297 1220 reformi-

552 1256 659 1317 dantes
670 1253 881 1316 couditinnem
893 1269 957 1315 uon
968 1253 1152 1316 intrantium
1166 1251 1203 1314 ad
1214 1249 1297 1311 ovile

551 1363 607 1426 per
628 1346 754 1410 ostium.
778 1345 858 1410 Cum
879 1346 984 1424 itaque
1003 1343 1141 1407 scandala
1163 1344 1218 1406 ista
1239 1341 1298 1404 sub

552 1439 649 1502 oculis
671 1439 796 1514 nostris,
812 1447 844 1501 et
858 1438 890 1501 in
913 1437 1081 1517 positivum
1102 1434 1295 1514 apostolicae,

552 1549 613 1610 333
633 1532 808 1610 fungimur,
824 1530 1013 1594 auctoritatis
1033 1534 1250 1608 contemptum
1264 1527 1297 1588 in

552 1628 606 1689 has
627 1626 788 1688 missiones
810 1641 911 1704 nuper
933 1624 1125 1702 irrepserint,
1148 1630 1191 1697 et,
1215 1619 1296 1701 quod

553 1719 723 1784 dolendum
743 1719 841 1796 magis
856 1726 913 1792 est,
930 1733 985 1798 per
1005 1717 1154 1795 quosdam
1175 1714 1299 1792 religio-

553 1828 602 1874 sos
615 1811 762 1876 strictiori
778 1811 842 1874 voti
858 1809 985 1873 vinculo
1000 1809 1127 1874 Sanctae
1142 1807 1213 1872 Sedi
1228 1807 1299 1868 obe-

554 1904 688 1968 dientiae
719 1903 898 1977 obstrictos,
928 1901 1036 1980 lugere
1063 1900 1206 1980 cogimur
1225 1914 1297 1961 cum

554 1999 707 2078 Propheta
728 2012 841 2059 aurum
869 1995 1067 2058 obscuratum
1089 2001 1120 2056 et
1141 1997 1299 2056 mutatum

555 2091 689 2154 colorem
711 2092 877 2170 optimum,
900 2089 954 2168 qui
974 2103 1059 2163 sane,
1083 2087 1168 2149 iusta
1190 2086 1299 2148 divum

555 2186 752 2265 Gregorium,
774 2189 997 2257 commutatur,
1020 2195 1092 2244 cum
1113 2194 1224 2243 eorum
1245 2178 1299 2257 qui

555 2281 668 2357 degere
682 2277 827 2354 religiose
840 2274 1046 2338 credebantur
1060 2271 1232 2335 aestimatio
1246 2285 1300 2332 an·

555 2379 587 2436 te
607 2378 671 2435 acta
691 2369 859 2434 minuitur.
889 2366 935 2430 Ne
956 2373 1060 2430 autern
1084 2365 1213 2428 omniuo
1234 2363 1300 2426 ina-

556 2467 604 2530 nis
623 2467 664 2528 sit
684 2465 787 2528 luctus
808 2469 925 2537 noster,
940 2475 996 2542 pro
1017 2459 1138 2522 viribus
1157 2457 1299 2522 commis-

555 2575 605 2622 sae
630 2557 735 2634 nobis,
762 2557 834 2620 licet
861 2554 1041 2630 immeritis,
1065 2571 1080 2615 3
1108 2550 1300 2614 sanctissimo

555 2651 682 2716 domino
704 2657 811 2714 nostro
831 2647 959 2712 domino
981 2646 1143 2712 Clemente
1164 2643 1220 2707 PP.
1244 2642 1297 2708 Xl.

556 2753 587 2809 et
607 2765 623 2809 a
645 2745 755 2810 Sancta
777 2743 855 2808 Sede
880 2741 1039 2822 potestati,
1067 2739 1216 2802 abusibus
1242 2740 1301 2803 bu-

555 2839 689 2904 iusmodi
709 2837 830 2901 obviam
853 2836 898 2898 ire
919 2835 1078 2910 volentes,
1101 2833 1300 2897 decernimus

556 2941 587 2997 et
607 2933 791 3006 statuimus,
815 2937 850 2992 ut
870 2930 1060 3009 quicumque
1087 2925 1301 2988 missiouarius

495 3085 501 3096 .
557 3034 610 3090 aut
624 3025 795 3106 presbyter,
807 3023 873 3086 sive
884 3021 1047 3084 saecularis
1060 3020 1126 3082 sive
1137 3019 1299 3095 regularis,

556 3119 781 3196 cuiuscumque
792 3115 926 3190 Ordinis,
939 3113 1034 3177 etiam
1049 3111 1207 3176 Societatis
1221 3111 1300 3186 lesu,

556 3209 707 3273 desiderio
728 3207 945 3288 Propagandae
965 3206 1050 3269 Fidei
1065 3205 1101 3268 ad
1115 3207 1169 3266 bas
1191 3203 1301 3267 Sinen·

556 3319 605 3365 ses
625 3319 693 3364 uras
707 3301 852 3381 appulsus
868 3300 918 3362 vel
933 3299 1128 3378 appulsurus,
1140 3297 1302 3358 missiones

557 3395 681 3474 ingredi
703 3411 766 3458 non
788 3395 934 3474 requisita
951 3393 1037 3473 prius
1059 3393 1162 3456 nostra
1178 3390 1302 3453 licentii

557 3489 702 3569 (quaein
723 3487 845 3566 scriptis
866 3483 1012 3566 dabitur),
1029 3485 1090 3560 vel,
1113 3484 1147 3546 ee
1168 3499 1230 3546 non
1251 3483 1304 3545 ob·

558 3579 1302 3662 tentd,missionariimunusobire,vel,eaetiam

557 3678 734 3757 irrequisita
755 3683 808 3739 aut
829 3691 894 3738 non
915 3675 1052 3749 obtenta,
1071 3674 1145 3735 hinc
1159 3673 1302 3735 recedere

558 3769 817 3851 praesumpserit,
838 3769 878 3832 sit
903 3768 968 3847 ipso
995 3766 1073 3829 lacto
1099 3781 1266 3844 suspensus
1286 3780 1302 3825 a

559 3863 683 3926 divinis.
707 3861 776 3924 Non
790 3859 980 3924 obstantibus
995 3859 1242 3938 quibuscumque
1255 3857 1302 3918 in-

559 3957 653 4020 dultis
668 3965 699 4021 et
713 3957 884 4038 privilegiis
898 3957 1081 4034 apostolicis,
1097 3953 1191 4015 etiam
1202 3950 1303 4015 Socie-

1067 573 1132 620 run.
1157 571 1248 618 roua.
1270 571 1312 619 33
1332 571 1362 618 3.
1386 573 1415 618 r.
1440 551 1526 618 3333·
1544 573 1565 618 1.

1351 707 1442 772 opera
1453 692 1611 772 pravitatis
1622 694 1798 773 imitantur,
1812 696 1847 759 iis
1859 697 1957 776 igitur
1970 699 2099 779 aliisque

1351 787 1388 848 de
1402 787 1510 862 causis,
1523 787 1738 866 praecipimus,
1751 797 1782 853 et
1796 791 1829 853 in
1845 792 1962 854 virtute
1977 801 2098 857 sanctae

1350 876 1543 942 obedientiae
1564 881 1759 957 mandamus,
1772 889 1808 945 ut
1822 883 1939 960 nullus,
1954 886 2098 950 3113333-

1352 970 1463 1034 cularis
1473 971 1539 1034 sive
1554 972 1718 1052 regularis,
1733 975 1827 1040 etiam
1842 975 2002 1042 Societatis
2017 979 2096 1056 lesu,

1353 1065 1441 1128 nobis
1463 1066 1658 1143 inconsultis,
1675 1076 1707 1130 et
1721 1085 1784 1133 non
1799 1069 1928 1134 obtento
1942 1073 2028 1152 prius
2043 1089 2099 1135 nn-

1351 1165 1417 1220 3133
1438 1174 1609 1236 33333333,
1635 1161 1847 1241 superioratus
1874 1165 2099 1244 cuiuscumque

1353 1250 1489 1314 ollicium
1521 1251 1554 1314 in
1581 1253 1656 1316 alios
1682 1255 1731 1318 sui
1759 1256 1870 1333 gremii
1896 1257 1947 1319 vel
1977 1257 2099 1322 Ordinis

1353 1342 1561 1406 missiouarios
1573 1345 1605 1408 iu
1621 1345 1704 1410 Sinis
1717 1363 1875 1412 assumere
1888 1365 1943 1412 seu
1954 1367 2100 1415 exercere

1353 1445 1540 1515 praesumat.
1553 1440 1638 1515 Quod
1652 1441 1678 1502 si
1690 1441 1811 1520 aliquis,
1824 1443 2003 1520 visitatoris,
2019 1445 2100 1508 vice-

1353 1530 1533 1607 visitatoris
1563 1533 1772 1612 provincialis,
1799 1536 2099 1614 vice-provincialis,

1353 1623 1557 1688 commissarii
1581 1633 1634 1688 aut
1654 1627 1761 1690 vicarii
1788 1628 1987 1706 provincialis
2010 1631 2100 1692 titulo

1354 1715 1456 1778 lorsan
1479 1717 1700 1795 nominandus,
1715 1720 1783 1782 sive
1796 1722 1938 1800 superior
1958 1723 2099 1802 quicum-

1354 1824 1415 1887 que
1437 1809 1647 1886 contralaciet,
1676 1821 1798 1892 praeter
1823 1814 2059 1894 suspensionem
2084 1834 2101 1878 3

1354 1899 1468 1963 divinis
1499 1901 1564 1981 ipso
1585 1901 1664 1966 lacto
1690 1904 1930 1982 incurrendam,
1960 1908 2048 1970 nobis
2070 1917 2101 1972 et

1356 1992 1483 2056 Sanctae
1505 1993 1577 2058 Sedi
1588 2005 1786 2073 reservatam,
1803 2013 1841 2060 ev
1855 2015 1941 2063 nunc
1955 2017 2013 2079 pro
2027 2008 2102 2064 tunc

1356 2086 1513 2149 irritamus
1533 2095 1565 2150 et
1586 2089 1786 2152 annullamus
1806 2107 2022 2173 quaecumque
2037 2103 2101 2158 acta

1355 2187 1387 2242 et
1407 2189 1567 2261 praecepta
1588 2183 1625 2245 ab
1646 2199 1681 2245 eo
1696 2183 1772 2247 lacta
1792 2191 1824 2248 et
1845 2185 1992 2265 iacienda,
2009 2197 2102 2270 atque

1356 2271 1406 2334 illa
1428 2273 1515 2336 irrita
1529 2282 1560 2336 et
1575 2275 1662 2338 nulla
1683 2277 1886 2355 declaramus,
1902 2281 2101 2362 subditosque

1356 2365 1393 2426 ab
1413 2365 1497 2429 illius
1518 2367 1693 2432 obedientia
1714 2371 1747 2432 in
1769 2379 1904 2452 utroque
1924 2373 1992 2437 lore
2005 2375 2103 2440 absol-

1356 2457 1459 2522 vimus
1481 2467 1512 2523 ot
1539 2459 1717 2526 liberamus.
1749 2465 1787 2527 ut
1808 2465 1848 2527 ita
1873 2481 1912 2528 eu
1940 2468 2102 2532 commissu

1357 2549 1444 2612 uobis
1465 2552 1626 2630 apostolica
1644 2557 1826 2619 auctoritate
1840 2558 1936 2620 etiam
1957 2559 2050 2637 legati
2065 2563 2103 2624 de

1356 2641 1452 2706 latere
1466 2644 1674 2722 decernimus,
1686 2649 1851 2713 statuimus
1866 2659 1898 2714 et
1911 2652 1949 2714 ab
1959 2654 2103 2719 omnibus

1356 2737 1474 2798 servari
1495 2741 1689 2802 mandamus.
1717 2745 1854 2822 AEquum
1875 2747 1961 2808 enim
1982 2754 2045 2823 est,
2067 2755 2103 2810 ut

1357 2831 1410 2909 qui
1431 2833 1604 2899 dominicae
1624 2837 1732 2900 vineae
1752 2839 1903 2918 operariis
1923 2851 2054 2920 praeest,
2071 2850 2104 2904 31

1357 2925 1439 2989 vices
1451 2929 1533 3005 gerit
1554 2929 1740 2994 universalis
1755 2933 1787 2995 in
1803 2933 1896 2995 terris
1916 2933 2103 2997 Patrisiami·

1357 3020 1423 3096 lias,
1446 3021 1515 3084 illos
1536 3031 1689 3108 agnoscat,
1706 3034 1737 3090 et
1756 3027 1815 3089 sub
1835 3027 1997 3105 quibusvis
2018 3045 2104 3108 prae·

1358 3114 1464 3192 positis
1485 3117 1681 3193 evangelicae
1701 3117 1843 3182 culturae
1863 3121 1937 3183 deut
1964 3137 2102 3202 operam,

1358 3222 1421 3268 non
1438 3207 1570 3285 ignoret.
1595 3211 1708 3272 Datum
1724 3212 1851 3287 blacbai,
1868 3227 1906 3274 33
1921 3213 2034 3292 3313113
2048 3231 2104 3276 33-

1358 3306 1439 3361 31333
1459 3299 1567 3363 3311133
1581 3302 1788 3379 habitationis,
1804 3304 1854 3368 die
1869 3323 1917 3368 ur.
1928 3305 2009 3382 iulii,
2023 3321 2104 3369 anuo

1359 3397 1482 3458 Oomini
1498 3413 1670 3473 3333133,
1686 3399 1884 3478 pontificatus
1900 3407 2104 3462 3313333333-

1358 3491 1470 3554 tissimi
1502 3493 1620 3556 domini
1652 3493 1751 3554 nostri
1782 3493 1901 3557 domiui
1933 3494 2103 3558 Clementis

1359 3583 1462 3646 divina
1489 3587 1682 3665 providentie
1708 3585 1840 3652 ΡΡ.111.
1869 3603 1951 3650 anno
1972 3605 2041 3650 333.
2065 3619 2103 3636 -

1360 3679 1393 3743 (1.
1418 3681 1550 3742 Tuouas
1571 3681 1744 3759 patriarcha
1772 3681 1985 3744 Antiochenus
2007 3689 2038 3744 et
2059 3681 2105 3744 vi-

1358 3771 1467 3834 sitator
1487 3771 1681 3851 apostolicus.
1705 3805 1744 3821 -
1764 3773 1907 3838 Sanruus
1932 3773 2105 3838 Munianus

1360 3864 1492 3926 auditor.
1516 3863 1751 3946 Locopstpild.
1775 3868 1928 3931 11333333
1951 3870 2104 3932 Cauneas

1358 3973 1460 4020 sacrae
1474 3958 1660 4022 visitationis
1675 3959 1856 4039 apostolicae
1871 3961 2104 4024 cancellarius.»

2129 561 2185 618 An.
2200 563 2233 616 O.
2256 561 2327 614 1711

559 4052 629 4114 tatis
649 4051 728 4128 lesu,
740 4067 819 4129 quae
830 4051 864 4113 ad
880 4051 964 4114 bunc
978 4049 1134 4124 ellectum,
1150 4055 1303 4126 quatenus

559 4165 636 4228 opus
656 4148 707 4223 sit,
730 4161 768 4208 eu
789 4143 929 4225 speciali,
952 4159 1029 4222 quae
1051 4143 1138 4204 nobis
1166 4150 1213 4204 est
1235 4143 1302 4206 data

559 4261 575 4304 a
598 4242 707 4307 Sancta
734 4239 829 4313 Sede,
858 4236 1002 4300 facultate
1027 4235 1246 4314 suspendimus
1272 4243 1303 4297 et

1399 4052 1418 4126 5
1439 4051 1469 4112 2.
1493 4049 1566 4128 Nos,
1588 4052 1724 4116 edictum
1738 4069 1794 4118 seu
1815 4055 1977 4119 decretum
1998 4055 2106 4120 buius·
2172 4065 2338 4114 coarmavit

1359 4141 1443 4206 modi
1464 4150 1565 4207 rectae
1585 4161 1619 4208 ac
1639 4145 1722 4210 felici
1743 4147 1895 4211 dictarum
1916 4149 2103 4214 missionum
2123 4119 2339 4231 1313113ᾱὲἷὲῗὲῗέ

1360 4236 1522 4299 directioni
1544 4237 1576 4301 in
1598 4240 1811 4317 praesentibus
1838 4243 2035 4322 potissimum
2057 4261 2104 4306 re·
2122 4227 2338 4337 {gmgffiffiffi

558 4350 704 4414 suspensa
728 4331 928 4395 declaramus.
954 4330 1033 4393 Cum
1055 4327 1115 4390 illis
1136 4343 1226 4403 vero,
1249 4327 1303 4406 qui

558 4426 733 4489 inordinato
754 4427 812 4487 boc
833 4424 923 4486 modo
944 4420 1066 4499 ingredi
1087 4421 1120 4482 in
1142 4420 1303 4482 missiones

558 4521 623 4581 ausi
643 4524 729 4593 sunt,
745 4515 880 4594 benigne
896 4514 1106 4591 indulgentes,
1129 4511 1304 4592 quadrime-

558 4619 622 4674 stre
636 4629 652 4673 a
667 4610 874 4690 publicatione
887 4608 1094 4687 praesentium
1106 4605 1302 4668 concedimus

558 4706 594 4767 ad
606 4717 726 4766 moram
737 4701 945 4781 purgandam3
962 4715 1023 4778 quo
1039 4706 1177 4776 tempore
1189 4696 1301 4776 elapso,

558 4797 617 4860 nisi
637 4797 709 4859 iacti
730 4794 928 4874 poenitentes
944 4792 1069 4854 veniam
1091 4805 1164 4854 cum
1179 4788 1304 4852 licentia

558 4889 674 4952 anobis
687 4887 852 4950 humiliter
867 4885 1115 4964 impetraverint,
1130 4882 1194 4945 sint
1209 4881 1303 4944 etiam

559 4984 624 5061 ipso
646 4981 724 5044 lacto
745 4997 761 5040 a
782 4979 897 5042 divinis
918 4978 1070 5057 suspensi.
1095 4977 1133 5039 Et
1154 4977 1303 5056 quoniam

559 5077 591 5139 in
613 5076 660 5136 his
682 5089 747 5137 non
769 5072 916 5135 videntur
936 5070 1055 5133 innoxii
1082 5085 1193 5132 eorum
1213 5084 1302 5147 supe·

558 5169 666 5244 riores,
683 5167 736 5248 qui
752 5165 913 5243 regiminis
928 5163 1072 5238 habenas,
1089 5162 1178 5225 nobis
1194 5161 1303 5240 nequi·

558 5264 629 5326 dem
650 5260 788 5336 monitis,
805 5259 884 5322 clam
898 5257 1112 5337 suscipientes,
1128 5255 1302 5336 pernicioso

558 5354 713 5432 exemplo,
728 5361 760 5415 et
780 5349 939 5414 interdum
955 5350 1050 5413 etiarn
1070 5348 1210 5424 consilio,
1232 5349 1304 5411 sub-

559 5448 637 5510 ditos
654 5462 726 5508 suos
741 5445 773 5508 in
788 5445 910 5506 loveam
931 5443 1158 5507 inobedientiae
1172 5445 1302 5518 ducunt,

558 5546 664 5600 contra
685 5553 761 5616 quos
775 5537 925 5598 Dominus
940 5552 995 5616 per
1010 5535 1195 5615 Prophetam
1214 5536 1304 5614 queri

560 5629 696 5706 videtur,
719 5630 840 5692 dicens:
868 5628 942 5692 Oves
963 5643 1158 5706 3133333133
1179 5627 1304 5690 coacul-

559 5729 634 5786 cuto
645 5720 776 5800 pedibus
791 5724 906 5784 cestris
918 5723 1065 5800 fuerant,
1074 5720 1303 5800 possedonium

558 5815 734 5877 conculcata
747 5815 899 5894 siquidem
915 5821 1074 5895 pastorum
1088 5815 1216 5894 pedibus
1230 5831 1303 5879 oves

558 5914 738 5987 pascuntur,
754 5925 824 5972 curn
840 5908 968 5972 subiecti
983 5925 1030 5984 ea,
1046 5923 1125 5988 quae
1138 5909 1302 5990 aspiciunt,

1360 4345 1430 4392 rum
1443 4329 1682 4394 circumstantiis
1696 4347 1896 4413 summopere
1910 4335 2105 4400 conducibile
2124 4333 2226 4381 uentu.

1360 4437 1425 4484 esse
1445 4423 1693 4500 considerantes,
1716 4441 1750 4487 33
1775 4427 1906 4505 proinde
1935 4428 2104 4492 inviolabili

1359 4513 1443 4576 illius
1464 4515 1622 4592 firmitati,
1651 4519 1755 4581 robori
1777 4527 1808 4582 et
1830 4520 1996 4598 efficaciae,
2018 4522 2104 4585 debi-

1360 4615 1469 4684 taeque
1491 4610 1730 4686 executientes
1750 4613 1906 4675 commissi
1929 4615 2017 4676 nobis
2038 4630 2106 4678 333-

1360 4701 1435 4763 11133
1455 4701 1612 4780 3331333113
1633 4703 1726 4766 officii
1746 4703 1860 4781 debito,
1873 4706 2039 4785 providere
2053 4725 2105 4770 cu-

1360 4794 1492 4874 pientes,
1515 4795 1551 4857 de
1573 4796 1800 4860 venerabilium
1828 4797 1962 4861 lrntrum
1984 4809 2103 4862 nostro·

1360 4904 1431 4950 rum
1445 4885 1476 4950 S.
1491 4886 1526 4949 11.
1542 4887 1577 4948 d.
1600 4889 1813 4951 Cardinalium
1834 4897 1897 4952 tam
1913 4891 1945 4953 in
1959 4891 2104 4954 universi

1360 4981 1516 5060 republica
1536 4978 1700 5042 christiane
1715 4990 1822 5044 contra
1835 4983 2022 5046 haereticam
2037 5000 2106 5062 pra·

1360 5074 1489 5135 vitatem
1517 5072 1713 5149 generalium
1741 5075 1965 5153 inquisitorum
1989 5093 2004 5138 a
2028 5077 2106 5141 Sede

1360 5165 1512 5244 praedicta
1542 5165 1714 5245 specialiter
1742 5169 1979 5246 deputatorum,
2011 5185 2106 5248 quam

1360 5257 1492 5320 aliorum
1508 5274 1546 5320 ex
1561 5259 1812 5338 congregatione
1827 5261 2042 5340 Propagandae
2056 5263 2105 5328 Fi·

1360 5349 1409 5414 dei
1430 5351 1564 5427 negotiis
1584 5354 1755 5432 3333333113
1777 5369 1871 5433 super
1893 5355 1986 5417 rebus
2007 5355 2107 5418 133113-

1360 5457 1432 5506 rum
1453 5442 1660 5507 Orientalium
1680 5446 1852 5524 specialiter
1874 5447 1982 5509 itidem
2010 5449 2106 5528 depu-

1359 5545 1508 5613 tatorum,
1531 5554 1608 5616 quos
1629 5535 1759 5601 insimul
1780 5555 1880 5602 coram
1903 5539 1992 5602 nobis
2012 5557 2106 5620 super

1359 5629 1452 5692 rebus
1473 5629 1650 5692 huiusmodi
1661 5640 1865 5708 congregatos
1885 5632 2002 5710 pluries
2022 5633 2107 5696 audi-

1360 5723 1475 5798 vimus,
1498 5721 1637 5798 consilio,
1658 5739 1691 5784 ac
1713 5723 1805 5784 etiam
1822 5729 1911 5784 motu
1926 5724 2062 5802 proprio,
2075 5733 2106 5788 et

1361 5831 1399 5878 33
1419 5816 1502 5878 certat
1529 5815 1658 5878 scientia
1679 5831 1713 5876 ac
1734 5815 1856 5877 mature
1883 5815 2106 5880 deliberatione

1360 5909 1485 5985 nostris,
1508 5907 1608 5988 deque
1628 5908 1810 5988 apostolicae
1829 5909 1987 5989 potestatis
2007 5909 2106 5990 pleni-
