4880 6982
1042 580 1182 626 CLEMENS
1203 579 1248 626 Xl.

372 711 430 778 pro
448 716 559 763 eorum
574 699 727 762 laboribus
748 705 990 786 consequantur,
1006 715 1114 762 conce-

370 793 467 868 ditur,
478 799 523 868 ut,
535 793 561 856 si
573 793 703 856 lectores
715 793 834 856 iubilati
848 793 886 856 do
902 807 964 856 non
980 808 1114 856 numero

371 897 428 966 ρετ
449 885 704 965 quadriennium,
726 887 911 950 sexennales
933 903 989 967 per
1008 893 1113 949 octen-

372 973 474 1055 ulum,
490 987 523 1042 et
545 979 672 1043 lectores
689 980 825 1057 theologi
841 988 963 1044 tantum
979 981 1114 1043 instituti

370 1085 425 1152 per
439 1074 629 1138 decennium
645 1073 792 1150 legerint,
809 1090 871 1136 non
886 1074 1022 1137 instituti
1037 1089 1115 1136 vero

369 1161 506 1244 theologi
531 1167 653 1244 linguas
673 1185 727 1247 per
748 1168 978 1246 quindennium
1003 1169 1112 1230 docue-

369 1257 451 1335 rint,
480 1261 650 1323 redeuntes
676 1261 713 1322 ad
734 1260 890 1338 propriam
920 1260 1113 1338 provinciam

369 1354 529 1431 potiantur
549 1353 656 1416 eadem
678 1353 893 1432 praecedentia
914 1359 945 1414 et
960 1354 1113 1432 praaemi-

368 1446 496 1520 tteutiis,
513 1446 626 1526 quibus
641 1447 778 1522 gaudent
794 1446 925 1509 lectores
939 1445 1062 1508 iubilati
1074 1448 1112 1509 de

368 1547 514 1615 numero,
536 1540 656 1602 servati
678 1540 795 1618 pariter
815 1539 965 1602 intereos
979 1541 1112 1604 anlerio-

367 1631 460 1696 ritate
481 1632 700 1696 institutionis.

111 1731 349 1832 renr‘z‘tssssfflf*
409 1743 474 1788 xsr.
497 1725 626 1790 Studeat
646 1725 790 1806 superior
811 1728 966 1804 generalis
980 1729 1112 1791 cismon-

370 1823 460 1882 tanos
475 1821 626 1899 deputare
641 1828 875 1897 procuratorem
889 1838 944 1900 pro
960 1821 1113 1885 missioni-

366 1909 436 1989 bus,
449 1915 503 1994 qui
517 1913 569 1976 vel
583 1915 617 1976 in
633 1913 664 1978 S.
675 1915 903 1978 bartholomaei
923 1915 976 1978 vel
991 1915 1023 1977 in
1038 1916 1111 1978 hra-

366 2007 1111 2074 caelitanoconventibuscommoreturetunum

348 2101 484 2164 *mnium
506 2109 629 2177 gratum
645 2102 765 2178 habeat,
779 2105 832 2182 qui
854 2105 886 2166 in
902 2103 1045 2182 gerendis
1059 2119 1112 2167 ne·

366 2193 459 2270 gociis
479 2195 662 2258 missionum
678 2211 753 2258 eum
768 2197 939 2274 coadiuvet,
957 2205 998 2272 et,
1014 2199 1110 2277 petiti

364 2286 453 2349 solita
467 2287 682 2351 benedictione
697 2307 712 2351 e
727 2290 888 2368 superiore
900 2290 997 2366 locali,
1010 2308 1027 2352 e
1039 2305 1110 2356 con-

367 2390 465 2444 ventu
480 2389 580 2460 exeat;
597 2383 650 2462 qui
664 2383 791 2462 quidem
802 2391 980 2463 procurator
991 2385 1041 2447 rel
1055 2401 1111 2466 per

365 2476 553 2539 sexennium
567 2477 757 2556 completum
770 2477 864 2542 luerit
874 2479 1044 2559 praelectus
1058 2488 1111 2542 aut

367 2569 503 2632 ciliciolis
517 2569 656 2634 locorum
668 2572 915 2649 Terraesanctae,
928 2572 979 2636 vel
990 2589 1045 2652 per
1059 2575 1112 2636 de-

367 2663 518 2726 cennium
537 2664 758 2740 missionarius,
774 2673 826 2728 aut
848 2666 879 2728 in
893 2665 1020 2730 servitio
1036 2669 1111 2730 Ter·

367 2765 541 2820 raesanctae
563 2759 720 2835 peridem
742 2763 864 2836 tempus
891 2762 1106 2836 permanserit.

129 2867 221 2966 wffi
235 2865 349 2966 pascuae:
407 2851 443 2912 ln
464 2852 511 2912 bis
536 2851 679 2912 omnibus
700 2867 781 2913 sacra
811 2851 1019 2930 congregatio
1038 2871 1110 2918 con-

128 2975 213 3020 tinne.

365 2944 527 3006 scientiam
546 2943 745 3022 superiorum
766 2943 888 3008 Ordinis
909 2947 1041 3010 lamiliae
1056 2951 1110 3012 cis

367 3045 537 3098 montanae
551 3044 710 3098 oneratam
732 3053 798 3098 esse
813 3037 922 3114 voluit,
939 3057 1111 3120 eorumque

366 3129 495 3192 arbitrio
516 3129 641 3208 reliquit
653 3129 775 3208 regulas
796 3132 990 3210 (supradictis
1005 3142 1110 3198 tamen

368 3223 467 3285 firmis
485 3221 733 3303 remanentibus)
755 3231 823 3286 tum
837 3233 976 3288 exactam
990 3229 1111 3305 regula-

366 3332 434 3378 rem
449 3315 653 3396 disciplinam,
666 3324 736 3378 tum
747 3317 923 3380 studiorum
938 3321 1110 3398 prolectum

366 3409 577 3490 respicientes,
587 3418 618 3472 et
630 3426 683 3489 ρετ
694 3409 833 3472 eamdem
844 3427 962 3474 sacram
973 3412 1111 3491 Congre-

366 3505 523 3584 gationem
543 3504 762 3584 approbandas.

1208 703 1227 778 ἓ
1248 700 1278 762 3.
1302 701 1520 774 decernentes,
1536 699 1658 762 easdem
1673 705 1849 779 praesentes
1864 699 1914 761 lit·
1964 691 2104 762 clausurae.

1171 801 1260 868 teras,
1284 811 1317 856 ac
1331 793 1454 870 regulas
1465 793 1642 856 huiusmodi
1658 807 1781 872 semper
1796 794 1910 868 firmas,

1169 887 1281 952 validas
1303 895 1334 950 et
1356 887 1490 950 cilicaces
1511 887 1644 949 existere
1665 895 1696 949 et
1716 887 1797 963 iore,
1827 904 1911 950 suos·

1168 997 1229 1060 que
1250 981 1404 1059 plenarios
1419 987 1451 1042 et
1472 980 1610 1058 integros
1625 979 1751 1042 allectus
1762 980 1866 1042 sortiri
1882 989 1913 1043 et

1167 1074 1322 1148 obtinere,
1351 1089 1385 1134 ac
1410 1073 1482 1147 illis,
1504 1069 1539 1134 ad
1562 1088 1639 1150 quos
1663 1079 1779 1151 spectat
1800 1080 1832 1135 et
1856 1089 1912 1152 pru

1168 1173 1306 1246 tempore
1318 1167 1577 1245 quandocumque
1590 1166 1748 1244 spectabit,
1765 1165 1797 1228 in
1812 1167 1913 1228 oxnni-

1168 1260 1224 1322 bus
1247 1269 1278 1322 et
1300 1275 1354 1340 per
1375 1259 1479 1322 omnia
1493 1259 1673 1338 plenissime
1692 1258 1865 1336 suflragari,
1881 1267 1912 1321 et

1168 1353 1205 1416 ab
1226 1354 1270 1416 eis
1294 1353 1466 1432 respective
1495 1352 1716 1415 inviolabiliter
1741 1353 1909 1428 observari,

1168 1447 1273 1526 sicque
1295 1447 1329 1508 in
1349 1447 1524 1526 praemissis
1546 1461 1601 1527 per
1625 1459 1839 1526 quoscumque
1865 1445 1911 1508 iu-

1166 1541 1248 1604 dices
1269 1540 1438 1602 ordinarios
1460 1548 1491 1602 et
1512 1540 1678 1618 delegatos,
1695 1540 1789 1602 etiam
1809 1555 1910 1602 causa·

1166 1649 1238 1696 rum
1253 1632 1356 1712 palatii
1376 1633 1533 1712 apostolici
1552 1634 1716 1716 auditores,
1739 1632 1865 1695 iudicari
1879 1640 1911 1695 et

1165 1727 1288 1790 definiri
1303 1727 1426 1800 debere,
1442 1741 1476 1789 ac
1489 1726 1614 1788 irritum
1630 1735 1661 1789 et
1676 1727 1768 1789 inane
1782 1725 1808 1788 si
1823 1743 1910 1788 secus

1165 1837 1258 1900 super
1286 1819 1373 1882 hisa
1402 1833 1570 1900 quoquam,
1592 1821 1700 1900 quavis
1728 1822 1910 1884 auctoritate

1164 1916 1298 1978 scienter
1325 1914 1374 1976 vel
1405 1915 1596 1992 ignoranter,
1623 1914 1789 1992 contigerit
1809 1921 1911 1978 atten-

1166 2009 1235 2072 tari.

1204 2102 1273 2178 §lu
1296 2100 1366 2165 Non
1388 2101 1578 2166 obstantibus
1592 2101 1863 2166 constitutionibus
1878 2110 1909 2166 et
1927 2155 1942 2201 d

1163 2195 1408 2260 ordinationibus
1418 2195 1601 2276 apostolicis,
1613 2211 1657 2269 ac,
1670 2202 1822 2272 quatenus
1833 2211 1908 2274 opus

1163 2291 1214 2367 sit,
1237 2291 1364 2368 praelati
1385 2297 1559 2352 conventus
1574 2288 1605 2352 S.
1625 2288 1861 2364 bartholomaei,
1877 2297 1908 2350 et

1165 2383 1248 2446 illius
1270 2383 1403 2459 Ordinis,
1419 2383 1526 2446 aliisve
1549 2382 1722 2462 quibusvis,
1745 2383 1840 2444 etiam
1861 2383 1908 2445 iu-

1165 2485 1321 2554 ramento,
1364 2477 1601 2540 confirmatione
1635 2476 1817 2555 apostolica,
1854 2477 1904 2539 vel

1165 2573 1273 2652 quavis
1300 2571 1447 2634 lumitate
1466 2569 1523 2632 allai
1551 2570 1712 2646 roboratis,
1732 2570 1853 2633 statutis
1876 2579 1908 2633 et

1164 2664 1460 2740 consuetudinibus,
1483 2663 1719 2740 stabilimentis,
1750 2664 1857 2727 usibus
1876 2671 1908 2726 et

1164 2758 1296 2832 naturis,
1318 2757 1487 2836 privilegiis
1505 2773 1640 2838 quoque,
1657 2757 1785 2820 indultis
1806 2766 1837 2820 et
1858 2759 1907 2820 lit-

1165 2852 1237 2912 teris
1264 2850 1435 2930 apostolicis
1456 2851 1488 2912 in
1510 2851 1701 2914 contrarium
1729 2851 1909 2929 praemisso-

1165 2962 1236 3009 rum
1268 2945 1497 3024 quomodolibet
1525 2945 1692 3020 concessis,
1718 2946 1906 3008 confirmatis

1164 3047 1195 3102 et
1216 3041 1387 3116 innovatis;
1409 3039 1521 3117 quibus
1541 3038 1687 3102 omnibus
1705 3045 1738 3101 et
1757 3039 1906 3116 singulis,

1163 3132 1291 3195 illorum
1311 3139 1435 3194 tenores
1456 3131 1667 3210 praesentibus
1688 3147 1743 3210 pro
1764 3131 1858 3210 plene
1876 3142 1907 3196 et

1163 3226 1351 3290 sufficienter
1378 3226 1529 3304 expressis
1550 3243 1583 3288 ac
1605 3227 1642 3288 de
1663 3225 1758 3288 verbo
1778 3227 1815 3289 ad
1837 3242 1909 3289 ver-

1163 3322 1238 3382 bum
1259 3319 1383 3382 insertis
1410 3319 1578 3394 hahentes,
1611 3318 1672 3380 illis
1703 3317 1774 3381 aliis
1796 3320 1829 3381 in
1850 3337 1907 3384 suo

1163 3414 1273 3476 robore
1294 3413 1524 3491 permansuris,
1546 3411 1581 3472 ad
1603 3413 1843 3490 praemissorum
1864 3413 1906 3476 ei·

1163 3507 1295 3580 lectum,
1317 3505 1371 3568 hac
1392 3506 1459 3568 vice
1480 3507 1649 3579 dumtaxat,
1681 3505 1856 3583 specialiter
1876 3515 1907 3570 et

1836 559 1894 624 275
1945 559 1997 614 An.
2012 563 2042 616 d.
2064 561 2132 618 1710

1950 2105 2138 2154 Contrariorum

1945 2159 2065 2214 erogatio.

1163 3612 1305 3679 expresse
1330 3600 1527 3677 derogamus3
1553 3600 1726 3678 ceterisque
1746 3602 1907 3664 contrariis

1162 3694 1418 3774 quibuscumque.

1202 3789 1222 3863 ἓ
1242 3787 1271 3848 5.
1290 3786 1443 3849 Volumus
1456 3794 1560 3850 autem
1576 3795 1611 3850 ut
1624 3788 1804 3850 earumdem
1820 3805 1906 3868 prae-
1925 3797 2120 3910 snfflssssuffiw

179 3709 347 3772 concamiare
405 3694 475 3771 52.
498 3693 577 3757 Cum
598 3699 713 3768 autem,
735 3693 814 3755 sicut
835 3693 942 3756 eadem
960 3695 1109 3773 expositio

121 3773 347 3863 ffi‘sumfflffil
364 3787 593 3865 subiungebat,
623 3787 788 3850 memorati
819 3786 1010 3864 cardinales,
1033 3789 1109 3852 iacti

121 3869 197 3917 “¹¹¹²
214 3870 288 3917 Μ
366 3883 425 3946 sibi
446 3899 501 3962 per
522 3881 671 3946 dilectum
689 3880 789 3944 filium
808 3881 1011 3944 secretarium
1026 3898 1111 3962 prae·
1161 3882 1299 3944 sentium
1314 3881 1487 3943 litterarum
1502 3882 1716 3960 transumptis,
1730 3897 1785 3944 seu
1800 3898 1906 3944 exem-

364 3977 464 4040 dictae
484 3974 743 4054 congregauonis
765 3974 907 4036 omnium
922 3982 953 4037 et
973 3975 1109 4053 singula·
1162 3975 1231 4055 plis,
1246 3971 1341 4038 etiam
1357 3975 1524 4053 impressis,
1537 3989 1632 4036 manu
1647 3975 1776 4038 alicuius
1791 3978 1903 4038 notarii

365 4083 437 4133 rum
459 4069 640 4147 regularum
661 4068 840 4132 huiusmodi
870 4068 1012 4132 distincta
1033 4070 1111 4131 rela·
1161 4067 1275 4146 publici
1301 4067 1492 4145 subscriptis,
1518 4073 1548 4128 et
1569 4067 1671 4144 sigillo
1698 4083 1846 4146 personae
1873 4069 1905 4131 in

364 4163 462 4239 ttone,
484 4162 625 4229 unanimi
648 4177 800 4224 consensu
815 4160 881 4222 illas
895 4163 1108 4241 approbantes,
1161 4159 1363 4222 ecclesiastica
1383 4159 1533 4235 dignitate
1553 4160 1737 4222 constitutae
1761 4159 1904 4234 munitis,

364 4257 588 4320 confirmandas
600 4271 666 4318 esse
680 4255 874 4318 censuerint:
888 4255 961 4318 hinc
971 4263 1017 4318 est
1028 4257 1109 4334 quod

365 4363 433 4425 nos,
454 4349 625 4412 inviolabili
652 4349 832 4412 earumdem
858 4349 1040 4426 regularum
1060 4367 1109 4412 ro-

365 4444 432 4506 bori
455 4451 485 4505 et
506 4441 658 4506 efficaciae
679 4442 842 4520 providere
863 4441 1015 4518 volentes,
1038 4459 1109 4522 sup·

366 4533 580 4618 plicationibus
599 4536 781 4598 eorumdem
796 4534 1006 4598 cardinalium
1022 4538 1109 4600 nobis

364 4639 457 4708 super
476 4633 534 4692 hoc
557 4628 722 4691 humiliter
742 4628 891 4708 porrectis
912 4628 1047 4706 benigne
1061 4631 1109 4692 in-

366 4723 488 4798 clinati,
520 4722 642 4786 easdem
664 4722 867 4802 praeinsertas
894 4723 1016 4800 regulas
1037 4741 1109 4786 cum

365 4816 510 4879 omnibus
530 4825 562 4877 et
582 4815 716 4894 singulis
737 4816 771 4878 in
793 4816 837 4877 eis
858 4816 1023 4891 contentis,
1039 4833 1108 4879 auc·

366 4907 488 4974 toritate
520 4909 702 4988 apostolica,
734 4915 843 4971 tenore
878 4910 1106 4987 praesentium,

364 4997 586 5066 confirmamus
601 5010 631 5064 et
646 5001 857 5081 approbamus,
871 5001 992 5080 illisque
1007 5001 1121 5080 invio,

366 5091 463 5158 labilis
496 5094 676 5174 apostolieae
701 5094 857 5157 firmitatis
882 5093 976 5156 robur
1006 5095 1107 5156 adiici-

365 5204 456 5264 muS,
478 5205 511 5250 ac
532 5203 640 5250 omnes
661 5196 692 5250 et
712 5186 853 5264 singulos
885 5187 961 5247 iuris
985 5195 1017 5248 et
1039 5186 1108 5250 lasti

365 5281 514 5356 delectus,
538 5281 563 5342 si
584 5281 639 5358 qui
659 5282 790 5359 desuper
810 5279 1041 5358 quomodolibet
1061 5281 1109 5342 in·

366 5375 573 5450 terrenerint‚
588 5373 782 5452 supplemus:
805 5372 887 5434 salva
909 5381 1014 5436 tamen
1029 5388 1109 5435 sem·

366 5485 421 5547 per
444 5469 477 5530 in
498 5467 672 5546 praemissis
692 5467 872 5529 auctoritate
888 5466 1107 5544 congregatio-

366 5562 416 5625 nis
437 5561 657 5624 Cardinalium.

407 5831 437 5885 (l)
452 5832 489 5874 Ex
504 5833 564 5886 App.
587 5829 652 5874 Bull.
669 5832 693 5874 P.
710 5829 741 5874 de
755 5833 779 5874 P.
795 5833 831 5884 lh,
851 5829 898 5875 rol.
914 5833 942 5884 l.,
957 5842 979 5886 p.
995 5833 1042 5884 ast,
1057 5830 1107 5874 col·

364 5898 412 5943 lat.
427 5901 474 5942 etc.
496 5893 685 5942 Professiouem
707 5896 767 5942 ildei
787 5907 865 5953 quum
887 5897 971 5942 rnittit
992 5895 1105 5953 pontifex

366 5967 406 6010 est
419 5965 533 6010 formula
552 5961 720 6020 professionis
734 5964 767 6010 ab
782 5964 883 6010 Urbano
897 5967 959 6008 Vltl.
975 5962 1106 6010 orientali-

1162 4251 1268 4314 eadem
1290 4268 1414 4330 prorsus
1430 4252 1503 4314 tides
1520 4253 1551 4314 iu
1567 4251 1679 4314 iudicio
1702 4260 1733 4314 et
1754 4259 1841 4314 extra
1856 4255 1905 4315 ad-

1162 4345 1316 4420 hibeatur,
1343 4359 1420 4424 quae
1441 4344 1641 4407 adhiberetur
1672 4345 1744 4424 ipsis
1765 4361 1908 4424 praesen·

1163 4438 1255 4513 tibus,
1282 4439 1307 4498 si
1333 4437 1436 4499 lorent
1457 4438 1611 4499 exhibitae
1635 4438 1685 4499 vel
1706 4446 1855 4501 ostensae.

1203 4532 1313 4594 Datum
1330 4531 1455 4606 Romae,
1477 4532 1558 4608 apud
1573 4529 1603 4594 S.
1621 4531 1760 4607 Petrum,
1776 4533 1834 4595 sub
1854 4549 1908 4596 an-

1163 4624 1239 4687 nulo
1261 4624 1432 4698 Piscatoris,
1454 4623 1505 4686 die
1526 4639 1593 4686 xxr.
1618 4625 1748 4687 ianuarii
1771 4643 1904 4703 ancon,

1164 4719 1358 4798 pontificatus
1379 4717 1476 4780 nostri
1499 4733 1581 4779 anno
1603 4735 1634 4778 x.

1478 5094 1587 5157 xxxi.

1162 5279 1205 5340 De
1227 5281 1415 5344 necessitate
1434 5281 1609 5344 coticulicue
1622 5281 1696 5360 fidei
1711 5281 1753 5344 od
1767 5281 1905 5344 salutent

1200 5372 1314 5436 scribit
1343 5374 1527 5438 Alemoodro
1556 5380 1769 5438 ,taruanorum
1793 5373 1905 5436 Potri-

1201 5465 1317 5528 archoe
1339 5475 1368 5529 ct
1394 5467 1602 5547 professionis
1628 5467 1700 5546 fidei
1731 5466 1905 5547 formulam

1201 5559 1344 5622 adnectit
1365 5560 1420 5639 (l).

1159 5829 1207 5874 bus
1229 5829 1401 5886 praescripta,
1422 5839 1502 5886 qurum
1523 5838 1571 5872 suo
1593 5827 1649 5873 loco
1670 5837 1729 5872 cum
1751 5827 1904 5884 graecanica

1159 5895 1278 5941 versione
1293 5896 1448 5940 retulimus:
1464 5895 1610 5940 versionem
1625 5904 1760 5940 armenam
1775 5893 1904 5940 lectoriu-

1160 5962 1246 6008 veuiet
1261 5963 1288 6008 iu
1302 5961 1442 6020 appendice
1455 5973 1515 6008 curn
1529 5959 1623 6006 ceteris
1639 5959 1801 6007 versionibus
1816 5964 1842 6007 et
1855 5961 1905 6008 for-
