4848 6990
333 567 387 636 An.
402 581 432 636 G.
454 569 523 636 1690
575 569 632 648 122

365 1652 506 1700 dlunsnlee.

552 719 733 798 dulgemus3
766 713 842 798 quin
873 713 979 793 etiam,
1010 717 1082 796 quia
1109 714 1148 778 de
1174 712 1299 778 mixtim

552 814 735 892 progenitis,
758 829 834 891 quos
855 812 975 874 micatus
996 810 1042 892 (l)
1061 817 1183 886 vocant,
1198 809 1298 872 maius

552 906 682 969 dubium
713 905 896 983 accepimus,
928 919 1001 967 cum
1032 905 1149 966 eisdem
1180 902 1298 975 mixtis,

551 1014 629 1076 quos
647 997 793 1058 similiter
812 999 848 1059 ad
868 999 953 1060 hunc
967 995 1112 1059 ellectum
1128 995 1300 1074 neophytos

552 1089 720 1152 censendos
742 1105 808 1151 esse
828 1089 1036 1164 decernimus,
1052 1089 1084 1151 in
1107 1088 1251 1166 gradibus
1269 1093 1301 1147 et

553 1182 760 1245 matrimoniis
770 1183 934 1246 contractis
944 1189 975 1244 et
987 1181 1204 1244 contrahendis
1215 1195 1300 1258 prae·

553 1276 654 1349 dictis,
677 1276 770 1352 gratis
792 1283 908 1351 tamen,
931 1275 1099 1338 dummodo
1120 1289 1185 1336 non
1205 1274 1246 1336 ita
1260 1271 1301 1333 la-

554 1370 613 1432 cile
634 1371 664 1433 id
686 1371 749 1445 irat,
771 1369 962 1448 dispensare3
984 1369 1162 1448 eisdemque
1178 1367 1301 1446 presby-

555 1463 629 1524 teris
643 1462 819 1526 facultatem
835 1463 966 1541 desuper
981 1462 1178 1524 concedimus
1192 1477 1302 1540 oppor-

555 1563 674 1618 tunam.

594 1650 613 1724 ἓ
630 1649 676 1710 ll.
693 1650 911 1721 Decernentes‚
927 1649 1123 1728 presbyteros
1137 1649 1234 1712 dictae
1249 1646 1303 1710 So-

555 1743 672 1806 cietatis
693 1760 787 1822 super
807 1743 981 1822 praemissis
1002 1749 1033 1806 et
1053 1743 1131 1818 aliis,
1154 1742 1239 1804 iuxta
1260 1741 1302 1802 ia·

554 1837 684 1898 cultates
704 1835 871 1913 praedictas
892 1843 923 1898 et
944 1835 1069 1898 illarum
1096 1836 1216 1912 vigore,
1238 1849 1303 1896 ser-

554 1930 623 1992 vata
645 1937 748 1992 tamen
770 1929 896 1992 illarum
918 1927 1028 2004 forma,
1046 1929 1246 2008 exequendis,
1264 1944 1302 1989 ex

554 2023 663 2101 quovis
683 2023 744 2084 alio
764 2029 925 2102 praetextu
943 2021 993 2083 rel
1008 2023 1117 2101 quovis
1132 2022 1234 2084 colore
1248 2037 1303 2100 per

554 2131 767 2194 quoscumque
788 2115 845 2177 loci
870 2114 1057 2190 Ordinarios,
1080 2132 1135 2177 seu
1156 2115 1231 2176 alios
1251 2131 1302 2176 su-

554 2207 691 2286 periores
711 2215 743 2270 et
764 2209 879 2270 iudices
904 2208 1122 2270 ecclesiasticos
1148 2215 1178 2269 et
1199 2223 1303 2268 saecu-

554 2301 633 2363 lares
658 2301 765 2379 quavis
790 2301 973 2364 auctoritate
1002 2301 1181 2378 iungentes,
1205 2300 1303 2362 mole-

553 2395 640 2468 stari,
662 2394 837 2472 perturbari
859 2394 909 2456 vel
934 2393 1102 2471 inquietari
1123 2393 1301 2456 nullatenus

553 2503 657 2566 posscg
679 2487 785 2565 sicque
805 2486 837 2546 in
859 2486 1033 2564 praemissis
1059 2502 1114 2564 per
1138 2501 1303 2564 quoscum-

553 2595 615 2658 que
636 2579 761 2656 iudices,
784 2578 901 2641 sublata
922 2579 965 2640 eis
986 2585 1017 2640 et
1038 2593 1148 2642 eorum
1174 2577 1302 2641 cuilibet

554 2673 661 2752 quavis
682 2672 772 2736 aliter
793 2673 946 2735 iudicandi
968 2681 999 2734 et
1021 2671 1244 2750 interpretandi
1260 2670 1301 2732 la-

553 2765 669 2828 cultate
696 2773 727 2828 et
753 2765 945 2840 auctoritate,
975 2765 1103 2827 iudicari
1125 2773 1156 2826 et
1177 2764 1300 2826 definiri

554 2858 677 2934 debere,
693 2875 727 2920 ao
745 2858 871 2922 irritum
893 2866 923 2920 et
944 2859 1037 2920 inane
1057 2858 1083 2918 si
1104 2873 1191 2920 secus
1208 2872 1302 2935 super

554 2950 601 3012 his
617 2968 633 3012 a
648 2968 815 3032 quoquam,
831 2951 939 3030 quavis
960 2951 1152 3024 auctoritate,
1168 2951 1303 3014 scienter

554 3044 605 3106 vel
626 3045 817 3122 ignoranter,
840 3045 1006 3122 contigerit
1026 3044 1183 3107 attentari.

371 3153 536 3204 obstantium
593 3139 613 3214 ἓ
629 3138 676 3199 lu.
693 3137 762 3200 Non
777 3137 971 3201 obstantibus
985 3137 1172 3216 praemissis,
1188 3153 1222 3200 ac
1235 3137 1302 3215 qui-

323 3209 439 3255 remotio.

555 3231 661 3294 busvis
691 3231 965 3294 constitutionibus
996 3238 1027 3292 et
1058 3229 1302 3293 ordinationibus

555 3323 737 3404 apostolicis,
753 3339 797 3398 ac,
814 3331 965 3402 quatenus
981 3339 1057 3402 opus
1071 3325 1122 3398 sit,
1139 3323 1244 3386 nostra
1258 3322 1303 3402 (Ξ)

555 3417 593 3478 de
614 3433 678 3479 non
699 3415 904 3479 concedendis
925 3417 1128 3493 indulgentiis
1142 3417 1177 3478 ad
1193 3416 1301 3490 instar,

554 3509 676 3573 statutis
692 3517 724 3572 et
738 3509 1027 3585 consuetudinibus,
1044 3509 1216 3588 ceterisque
1230 3523 1302 3570 con-

554 3602 657 3664 trariis
677 3603 935 3682 quibuscumque.

358 3713 535 3762 praesentum
594 3695 683 3772 519.
707 3695 924 3758 Praesentibus
945 3695 981 3758 ad
1012 3695 1124 3774 viginti
1155 3711 1264 3770 annos,
1286 3712 1302 3755 a

322 3769 436 3816 remotio.

555 3792 619 3852 line
639 3790 770 3852 aliorum
792 3789 907 3865 viginti
928 3803 1093 3866 annorum,
1110 3790 1145 3851 ad
1168 3805 1244 3868 quos
1264 3787 1302 3850 si-

554 3883 644 3948 miles
675 3882 789 3960 gratiae
815 3899 832 3942 a
857 3879 954 3944 ielicis
986 3881 1203 3944 recordationis
1235 3881 1304 3946 Gle-

554 3987 661 4040 mente
682 3977 759 4055 Papa
782 3977 832 4038 lll.
856 3975 1089 4054 praedecessore
1110 3982 1217 4036 nostro
1231 3989 1302 4036 con-

554 4085 654 4133 cessae
679 4070 825 4144 luerunt,
853 4067 1055 4143 inchoandus,
1086 4073 1208 4130 tantum
1229 4066 1304 4128 rali-

555 4165 644 4226 turis.

594 4257 707 4319 batum
720 4255 845 4330 Romae,
858 4255 940 4334 apud
955 4253 986 4318 S.
1001 4253 1129 4315 Mariam
1143 4253 1301 4330 Maiorem,

554 4350 612 4412 snb
626 4347 744 4412 annulo
758 4347 880 4424 Piscat,
892 4347 943 4409 die
958 4362 1035 4409 xxx.
1051 4347 1155 4408 martii
1167 4363 1301 4424 nocuo,

554 4443 751 4522 pontificatus
771 4442 870 4504 nostri
892 4455 975 4502 anno
996 4457 1019 4502 1.

811 4693 1050 4706 Ἥ

1075 585 1139 644 lun.
1164 584 1257 644 lodr.
1281 581 1323 640 bt
1343 587 1373 640 a.
1396 578 1426 638 p,
1450 581 1533 639 atus
1556 579 1576 637 l.

1520 749 1755 826 ttaxauafin
1780 747 1840 823 PP.
1865 745 1937 819 lttlt.

1545 912 1653 964 sertus
1676 909 1830 964 sertorum
1854 891 1918 970 ilci,

1476 991 1513 1060 ad
1535 995 1707 1074 perpetuam
1730 988 1774 1055 rei
1804 985 1985 1054 memoriam.

1397 1181 1554 1243 Romanus
1575 1177 1729 1254 Pontifex,
1751 1177 1831 1240 beati
1863 1174 1947 1238 Petri
1968 1171 2106 1236 caelestis
2152 1181 2326 1227 Prooemium.

1357 1274 1447 1351 regni
1467 1273 1615 1351 clavigeri
1645 1287 1803 1336 successor
1826 1269 2005 1346 Christique
2026 1265 2106 1327 vica-

1357 1367 1438 1442 rius,
1471 1375 1580 1429 cuncta
1611 1365 1721 1428 mundi
1749 1365 1872 1427 climata
1901 1362 2106 1439 omniumque

1357 1459 1521 1523 nationum
1538 1461 1569 1522 in
1585 1460 1646 1521 illis
1660 1457 1844 1536 degentium
1859 1454 2022 1534 qualitates
2036 1469 2107 1515 con·

1357 1553 1482 1628 siderat,
1505 1569 1538 1615 ac
1559 1553 1679 1615 ratione
1700 1551 1825 1614 discutit
1846 1555 1877 1612 et
1894 1549 2050 1610 examinat
2064 1547 2109 1610 di-

1358 1646 1502 1724 ligenter.
1527 1647 1710 1724 Propterea,
1738 1660 1777 1706 ex
1804 1643 1896 1704 ollicii
1924 1643 1973 1704 sui
2004 1640 2107 1703 debito

1357 1741 1490 1802 salutem
1512 1740 1655 1800 omnium
1674 1753 1826 1817 quaerens
1841 1744 1873 1799 et
1887 1743 2044 1814 appetens,
2061 1750 2106 1809 ea,

1357 1833 1557 1896 suadentibus
1587 1833 1726 1894 moribus
1752 1839 1784 1894 et
1811 1830 1926 1905 causis,
1959 1827 2108 1908 perpetua

1358 1927 1580 1989 deliberatione
1600 1926 1736 2004 disponit
1757 1933 1789 1986 et
1809 1923 1941 1998 ordinat,
1964 1939 2043 2000 quae
2064 1921 2110 1984 di-

1359 2021 1449 2082 vinae
1480 2019 1633 2082 maiestati
1664 2026 1749 2096 grata
1779 2016 1844 2078 lore
1869 2017 2054 2090 considerat,
2078 2023 2109 2077 et

1357 2115 1470 2193 quibus
1492 2131 1565 2177 ores
1592 2129 1666 2175 suae
1686 2129 1779 2175 curae
1804 2111 1955 2174 divinitus
1976 2111 2109 2173 creditae

1358 2209 1394 2271 ad
1416 2207 1611 2270 dominicum
1637 2207 1719 2269 ovile
1744 2207 1968 2280 conducantur,
1991 2205 2108 2267 eisdem

1357 2299 1472 2363 scilicet
1502 2309 1646 2363 aeternae
1673 2299 1779 2362 salutis
1800 2297 1936 2376 pollicito
1958 2297 2105 2376 praemio.

1359 2393 1443 2456 Nihil
1474 2395 1571 2470 igitur
1602 2393 1716 2455 certius
1745 2399 1776 2454 et
1802 2391 1954 2468 acceptius
1985 2389 2109 2452 divinae

1359 2489 1508 2549 maiestati
1530 2503 1596 2549 esse
1613 2493 1769 2560 censetur,
1784 2501 1877 2564 quam
1894 2491 1929 2546 ut
1943 2483 2108 2546 catholicae

1359 2581 1429 2642 lrdei
1452 2579 1566 2641 veritas
1588 2579 1623 2640 ad
1653 2580 1775 2642 laudem
1797 2585 1828 2640 et
1849 2578 1980 2654 gloriam
2010 2577 2108 2640 divini

1359 2675 1493 2736 nominis
1516 2674 1547 2735 in
1570 2673 1715 2736 omnibus
1737 2681 1836 2734 terrae
1858 2671 1995 2751 partibus
2014 2671 2110 2733 susci·

1358 2769 1421 2846 piat
1442 2768 1645 2829 incrementa.

1398 2861 1466 2938 §l
1492 2861 1582 2936 Sane,
1616 2875 1689 2922 cum
1720 2859 1895 2921 carissimus
1924 2859 1955 2920 in
1985 2858 2107 2922 Christo
2127 2859 2350 2962 efflidffrffm

1360 2953 1441 3015 lilius
1463 2961 1568 3016 noster
1589 2953 1699 3015 Petrus
1724 2951 1927 3029 Portugalliae
1950 2959 1981 3013 et
2002 2951 2109 3028 algar-

1358 3047 1481 3110 biorum
1512 3063 1568 3108 rex
1599 3046 1729 3108 illustris
1756 3047 1930 3124 accepisset,
1962 3045 1994 3108 iu
2022 3051 2109 3122 parte

1359 3139 1484 3202 australi
1507 3141 1595 3216 regni
1618 3139 1776 3212 Sinarum,
1799 3139 1891 3217 opera
1917 3145 1947 3200 et
1969 3136 2109 3200 ministe-

1359 3235 1405 3295 rio
1426 3233 1585 3295 rariorum
1607 3231 1822 3309 religiosorum
1844 3238 1875 3293 et
1892 3229 2025 3293 aliorum
2040 3231 2108 3293 doc-

1359 3327 1440 3388 trina
1462 3325 1635 3403 insignium
1656 3332 1687 3386 et
1709 3325 1792 3386 vitae
1809 3323 2047 3402 approbatorum
2062 3323 2109 3406 (l)

1359 3419 1500 3480 virorum
1515 3417 1675 3497 praecipua
1689 3416 1898 3479 sollicitudine
1912 3425 1943 3478 et
1958 3417 2110 3478 industria

1359 3511 1577 3584 laborantium,
1592 3509 1730 3571 infinitas
1745 3508 1970 3588 propemodum
1985 3517 2108 3585 gentes,

1359 3605 1484 3667 abiectis
1511 3603 1583 3666 inde
1609 3603 1739 3666 Satanae
1767 3601 1903 3666 tenebris
1924 3619 1958 3665 ac
1984 3601 2109 3664 idolola-

1360 3700 1436 3762 triae
1457 3705 1487 3760 et
1502 3697 1682 3775 gentilitatis
1698 3697 1924 3775 baeresnmque
1938 3696 2108 3771 erroribus,

1359 3794 1395 3855 ad
1417 3791 1597 3855 catholicam
1620 3789 1733 3854 Christi
1756 3791 1850 3853 iidem
1864 3797 1895 3852 et
1909 3796 2032 3852 sanctae
2046 3805 2109 3851 ma-

1359 3887 1414 3948 tris
1429 3886 1581 3948 Ecclesiae
1596 3885 1752 3962 gremium
1767 3883 2023 3947 amabilissimum
2038 3900 2111 3945 con·

1359 3995 1462 4041 versas
1490 3979 1632 4057 reperiri,
1656 3978 1763 4056 eisque
1794 3977 1966 4040 rationibus
1998 3976 2109 4052 religio

1359 4072 1523 4135 christiana
1549 4071 1581 4134 in
1607 4071 1667 4134 illis
1698 4071 1835 4150 partibus
1856 4077 1888 4132 et
1909 4069 2039 4132 dioecesi
2061 4085 2109 4130 ec-

1359 4165 1468 4228 clesiae
1488 4165 1717 4228 Machaonensis
1738 4163 1830 4243 (quae
1845 4163 1881 4225 de
1897 4164 2108 4241 iurepatrona-

1361 4265 1409 4320 tus
1430 4273 1541 4334 regum
1562 4257 1766 4334 Portugalliae
1788 4274 1826 4318 ex
1847 4256 2041 4330 laudatione,
2058 4255 2109 4317 vel

1359 4351 1531 4426 dotatione,
1563 4367 1619 4410 seu
1650 4349 1816 4427 privilegio
1847 4348 2028 4427 apostolico,
2058 4348 2109 4410 cui

1359 4461 1423 4507 uon
1441 4451 1487 4505 est
1503 4447 1651 4504 bactenus
1667 4442 1699 4503 in
1714 4441 1816 4520 aliquo
1831 4443 2028 4519 derogatum,
2044 4457 2109 4504 osse

1359 4533 1563 4614 dignoscitur)
1577 4535 1621 4596 sic
1636 4534 1728 4612 longe
1743 4536 1866 4614 lateque
1876 4543 2042 4614 propagata
2057 4534 2107 4610 sit,

1359 4640 1394 4694 ut
1422 4630 1589 4710 Episcopus
1620 4628 1848 4691 llachaonensis
1879 4645 1935 4709 pro
1966 4635 2109 4707 tempore

1268 4799 1270 4804 ,
1358 4727 1495 4788 existens
1516 4723 1552 4786 ad
1574 4722 1660 4783 illam
1681 4721 1810 4799 eiusque
1825 4723 1901 4784 lines
1916 4723 1955 4784 ob
1969 4721 2109 4783 locorum

906 4967 955 5032 lll.

556 5196 666 5279 Eripit
687 5199 905 5276 episcopatum
932 5193 1169 5259 Nottlcioonsom
1195 5193 1231 5254 io
1255 5189 1303 5253 st·

594 5295 657 5364 rtis,
681 5292 776 5354 illttm
798 5309 817 5354 n
839 5290 972 5352 dioecesi
1001 5286 1226 5354 Moclroottcnsi
1255 5284 1302 5346 di-

594 5385 677 5447 oidil
690 5391 720 5446 ct
733 5383 967 5460 metropolitico
982 5381 1052 5442 irari
1065 5377 1302 5456 Arclticpiscopi

597 5479 699 5542 Goorti
719 5475 867 5547 subiicit,
884 5491 922 5536 oc
943 5474 996 5534 ios
1017 5478 1213 5550 potronatus
1234 5470 1301 5550 regi

595 5570 739 5632 lusitano
761 5567 904 5628 coaccedit
926 5565 981 5645 (3).
1021 5645 1023 5650 ι

597 5833 626 5892 tl)
642 5839 670 5879 ln
685 5835 732 5879 loc.
748 5833 840 5891 parell.
856 5834 957 5890 legitur·
971 5839 1096 5878 anscausus.

596 5904 626 5957 (at
642 5901 709 5946 uait.
725 5901 801 5947 Malu.
817 5901 883 5958 legit
897 5905 1012 5946 nostrae.

596 5969 626 6026 (3)
641 5971 678 6013 Ex
692 5968 833 6014 ‘rabulatio
848 5971 871 6012 S.
888 5971 911 6012 C.
928 5968 960 6012 tle
973 5971 1047 6024 Prop.
1063 5967 1132 6012 Pide.

1358 4817 1537 4882 distantiam
1559 4825 1759 4890 transmeare,
1775 4823 1806 4878 et
1825 4815 2025 4892 singulorum
2040 4813 2109 4876 vul-

1360 4921 1420 4987 tuS,
1443 4919 1478 4976 ot
1499 4912 1684 4989 Episcopum
1710 4909 1808 4984 decet,
1835 4908 2000 4987 inspicere,
2022 4907 2108 4968 alias⁴

1358 5021 1420 5084 que
1430 5011 1530 5083 partes
1545 5004 1617 5066 boni
1628 5003 1758 5082 pastoris
1773 5003 1805 5064 in
1820 5003 2006 5064 universum
2019 5017 2107 5062 exer-

1358 5113 1428 5159 cere
1456 5103 1607 5173 nequeat,
1640 5095 1785 5174 quodque
1816 5095 1899 5157 illius
1929 5094 2048 5157 incolae
2076 5100 2108 5155 et

1358 5189 1544 5250 habitatores
1565 5189 1689 5267 proprio
1705 5189 1912 5250 noscebantur
1925 5195 2046 5266 pastore
2061 5187 2108 5248 in-

1358 5282 1474 5359 digere,
1502 5282 1555 5360 qui
1580 5282 1752 5360 praesentia
1780 5281 1835 5342 sui
1856 5296 1890 5342 ac
1911 5280 2018 5342 divino
2039 5294 2109 5340 coo-

1359 5381 1486 5455 perante
1507 5375 1626 5452 Spiritu
1654 5374 1839 5454 pontificalia
1867 5372 1969 5434 omnia
1992 5373 2024 5434 in
2047 5371 2108 5433 illis

1359 5469 1496 5548 partibus
1518 5483 1664 5530 exercere
1684 5475 1786 5545 posset
1807 5473 1837 5528 ct
1858 5466 2000 5541 deberet,
2023 5481 2109 5527 curn·

1357 5576 1417 5639 que
1440 5561 1472 5622 in
1494 5561 1529 5622 ea
1550 5567 1635 5638 parte
1656 5561 1734 5622 adsit
1762 5560 1844 5622 inter
1875 5566 1976 5622 cetera
2007 5573 2108 5621 unum

1399 5833 1428 5888 (t)
1445 5829 1535 5877 Potius
1550 5830 1607 5886 lege
1622 5831 1691 5873 ottae
1701 5830 1838 5882 probatae,
1857 5831 1935 5884 prout
1951 5827 1976 5872 iu
1992 5827 2056 5874 loois
2066 5837 2108 5884 pa·

1358 5899 1416 5944 rall.
