4844 6990
1035 560 1176 605 GLEMENS
1200 560 1254 605 xtt.

367 699 415 744 eric
448 683 673 747 iurisiurandi
711 685 864 763 rettptoao
897 682 1112 760 obstringant,

369 779 443 842 icero
475 785 505 840 et
532 779 698 855 prooeitto,
729 793 776 836 reto
804 779 893 853 pleae
915 784 945 838 et
976 775 1114 854 fideliter

367 871 490 934 easdem
513 873 627 935 literas
654 871 845 948 apostolicas
867 869 925 932 sab
954 870 1043 932 dictd
1064 870 1114 930 die

368 982 456 1028 xxrv.
480 965 616 1044 augusti
639 974 719 1028 aaut
742 979 941 1026 nnccxnnrr.
962 969 1115 1025 caecata·

368 1075 454 1130 raat,
477 1065 572 1136 atque
594 1073 641 1128 ea,
665 1074 745 1136 qaae
766 1059 801 1119 in
823 1058 891 1118 illis
913 1056 1114 1134 praescripto

367 1161 458 1224 saut,
475 1160 599 1224 coacte,
618 1153 752 1231 iatepre,
769 1150 912 1214 absolate
927 1168 965 1213 ac
980 1149 1115 1210 tariota-

369 1245 480 1309 bt'liter
491 1244 749 1316 observaturam,
766 1253 964 1306 carataram
979 1243 1113 1321 pariter,

369 1347 529 1416 quantam
561 1339 597 1399 ia
626 1355 672 1399 ate
693 1340 769 1409 erit,
799 1345 837 1400 at
861 1339 884 1398 ii
914 1353 1037 1407 catores,
1060 1338 1114 1411 qai

369 1430 438 1493 med
459 1430 495 1491 io
517 1431 648 1493 dioecesi
669 1431 871 1493 missionarii
887 1437 916 1491 et
937 1429 1115 1491 sacerdotes

367 1529 447 1584 secret
468 1524 515 1584 ael
537 1525 649 1603 tutari
671 1532 782 1594 araret,
805 1523 879 1584 illas
901 1522 1004 1582 cadara
1025 1535 1115 1598 pror-

368 1636 424 1680 sas
445 1619 533 1680 aeodo
555 1618 590 1678 in
613 1615 759 1678 amtaibas
780 1622 906 1676 serrant
928 1622 1024 1692 atque
1046 1629 1117 1674 eae-

370 1719 535 1791 qaantar,
559 1718 588 1772 ct
612 1718 724 1772 contra
757 1707 988 1776 inobedientes,
1011 1705 1115 1783 siqui

370 1808 512 1886 farciat,
530 1821 577 1864 rae
590 1819 815 1881 processuram
830 1803 871 1865 ad
887 1803 1024 1880 foratam
1042 1799 1116 1859 Bre-

369 1899 419 1960 ois
439 1895 499 1960 sub
521 1898 570 1958 die
594 1914 664 1958 xm.
689 1897 768 1959 maii
790 1895 871 1958 artai
900 1907 1114 1967 nnccxxxrx,

370 1999 421 2062 al,
436 1991 564 2054 tandem
579 1987 718 2052 sublatis
731 1991 876 2069 pontisera
895 1987 1114 2056 caeremoniis,

371 2084 422 2146 illi
444 2103 464 2147 a
486 2083 678 2146 cbristiaais
701 2083 906 2159 recipiantur
925 2082 1024 2150 ritas,
1040 2095 1115 2156 qaos

370 2175 529 2240 cattottco
554 2177 695 2238 Ecclesia
711 2177 761 2252 pic
776 2174 983 2252 praescripsit
1006 2189 1044 2233 ac
1066 2172 1115 2232 ia-

370 2273 456 2350 pitcr
469 2277 587 2332 servat.
616 2271 712 2346 b'tqac
728 2270 764 2330 de
781 2268 839 2331 lecta
854 2266 922 2328 racd
936 2263 1113 2335 oolaatat'o,

370 2362 568 2432 loramento,
583 2363 739 2440 filiolique
755 2361 898 2438 obsequio
913 2375 988 2436 erpa
1004 2358 1117 2420 Rorna-

371 2469 450 2516 naae
462 2454 649 2534 Pontificem
664 2455 793 2529 eiasqae
811 2453 968 2516 atarrdota
981 2465 1116 2527 peren-ra

371 2547 494 2609 oeistal
516 2553 770 2617 aeoaamcatam
793 2544 926 2623 proprid
947 2559 1047 2606 resarta
1070 2558 1116 2601 otc

370 2637 545 2702 sabacatha.

693 2767 1073 2853 mmmmmn

412 2927 559 2990 Ceterum
580 2923 639 2985 etsi
661 2938 772 2998 magua
793 2921 882 2982 nobis
903 2937 970 2999 spes
990 2919 1041 2993 sit,
1059 2918 1116 2980 fra-

373 3021 534 3082 ternitates
563 3025 679 3078 vestras
709 3024 739 3076 et
768 3015 979 3076 missionarios
1008 3029 1116 3074 omnes

371 3121 492 3174 nostras
515 3126 604 3172 voees
625 3118 655 3170 et
677 3109 794 3171 monita
823 3109 966 3184 excipere
987 3105 1119 3181 diligen-

372 3215 431 3276 ter,
454 3222 488 3266 ac
510 3203 594 3264 filiali
623 3202 768 3279 obsequio
789 3201 913 3279 exequi,
941 3215 1047 3262 curam
1069 3199 1116 3260 in-

371 3310 466 3376 super
486 3295 778 3372 solicitudlnemque
806 3295 974 3372 plurimam
997 3307 1116 3369 gerere,

373 3381 493 3452 uttam
513 3389 701 3448 orthodoxae
723 3387 893 3462 Religionis
915 3386 1041 3464 puritati
1070 3385 1118 3446 in·

375 3481 594 3562 tegritatique,
624 3497 717 3558 quam
747 3480 891 3556 gentium
919 3479 1012 3540 saluti
1033 3479 1119 3540 adiu-

374 3585 482 3637 mento
513 3574 595 3648 sitis,
629 3589 800 3651 omnesque
827 3574 858 3633 in
888 3573 966 3634 bane
994 3572 1117 3632 unicam

373 3685 453 3744 rem,
475 3668 641 3730 maximam
660 3668 780 3744 utique,
798 3666 915 3728 labores
929 3664 1118 3744 sudoresque

372 3763 575 3836 conferrent
591 3760 714 3822 tandem
730 3761 783 3837 qui
799 3759 912 3823 Christi
928 3758 1118 3836 amplectun-

376 3865 427 3920 tur
448 3857 541 3917 fidem
562 3854 793 3932 superstitiosos
821 3861 1006 3914 aversentur
1027 3852 1117 3925 ritus,

375 3966 490 4026 eosque
520 3955 644 4008 tantum
679 3947 848 4024 suscipiant
879 3954 911 4006 et
943 3945 1117 4018 retineant,

375 4059 452 4121 quos
473 4041 618 4103 catholica
643 4040 779 4102 Ecclesia·
798 4041 846 4118 pie
870 4040 1066 4117 praescripsit
1086 4055 1119 4100 ao

376 4137 491 4212 iugiter
512 4143 629 4211 serrat3
652 4141 790 4192 attamen
820 4149 875 4210 pro
897 4131 1056 4210 pastoralis
1077 4131 1120 4192 of·

376 4230 437 4292 ficii
469 4229 573 4290 debito
602 4244 635 4288 ac
664 4236 811 4304 paternae
838 4226 971 4288 caritatis
992 4225 1136 4286 stimulo

375 4324 491 4384 iterum
513 4321 690 4398 iterumque
712 4335 910 4381 commonere
925 4335 989 4380 non
1003 4318 1121 4380 desisti-

377 4432 458 4490 muS,
482 4431 522 4476 ne
543 4432 558 4474 a
580 4421 739 4492 pastorum
769 4412 910 4490 Principe
932 4413 963 4472 in
985 4411 1120 4473 eustadii

377 4510 479 4585 gregis
511 4508 560 4568 sui
592 4506 697 4568 minus
728 4507 872 4582 vigilasse
904 4505 1118 4568 diiudicentur.

377 4603 416 4664 Et
439 4601 524 4662 robis
556 4601 684 4660 interim
706 4600 738 4660 in
768 4599 939 4676 auspicium
968 4599 1121 4660 bonorum

377 4696 521 4756 omnium
536 4691 730 4771 apostolicam
747 4691 994 4754 benedictionem
1010 4691 1123 4769 imper-

379 4786 486 4847 timur.
517 4839 520 4844 .

417 4881 530 4940 flatum
554 4879 683 4950 Romae,
709 4876 788 4954 apud
818 4876 848 4940 S.
877 4876 1004 4938 blaciam
1032 4876 1124 4936 blaio-

377 4989 457 5046 rem,
472 4973 531 5034 sub
551 4971 666 5033 arinulo
689 4971 861 5044 Piscatoris‚
885 4972 934 5032 die
956 4987 1026 5032 xm.
1051 4971 1123 5034 maii

379 5081 592 5140 maurusia,
612 5063 720 5143 pontif.
741 5064 839 5124 nostri
860 5080 941 5125 aneio
958 5079 1001 5124 ru.

633 5266 872 5274 ——--—-—---—

685 5445 815 5509 xristu.

380 5637 424 5698 De
445 5637 481 5698 ia
501 5634 700 5713 praecedenti
715 5633 883 5695 memorati
900 5629 1123 5694 iurisiurandi

420 5729 608 5790 neccessitate
628 5726 843 5790 oebeatcatias
866 5733 959 5806 arpet
982 5728 993 5806 l
1014 5725 1037 5805 ).

421 5943 451 6000 ll)
466 5945 503 5986 Ex
517 5941 583 5986 Bull.
599 5943 671 5988 Pont.
687 5941 718 5985 de
737 5942 809 5998 Prop.
825 5938 888 5984 Fide
906 5939 955 5984 vol.
972 5941 1011 5994 11,
1026 5950 1048 5996 p.
1064 5940 1110 5984 283.

1171 730 1918 814 mmmmmmmmwmm

1213 824 1355 891 indiarum
1375 825 1568 892 orientalium
1585 823 1766 906 melurensi,
1783 822 1920 908 Mapsou-

1212 918 1589 1024 mmmmm,

1346 1089 1533 1158 clemens
1562 1091 1664 1158 ΡΑΡΑ
1688 1091 1744 1158 xtt.

1372 1240 1570 1308 venerabiles
1593 1241 1720 1321 tratres,

1205 1335 1388 1402 salutemet
1412 1335 1609 1418 apostolicam
1636 1335 1885 1404 benedictionem.

1212 1524 1384 1587 Continere
1415 1524 1490 1587 fabia
1519 1532 1623 1586 nostra
1652 1542 1714 1588 non
1742 1541 1919 1606 possumus,

1172 1619 1247 1695 quin
1260 1633 1325 1691 vos,
1336 1618 1529 1680 venerabiles
1542 1618 1834 1698 triacaquatuor
1847 1633 1921 1680 voce

1173 1709 1287 1772 iterum
1309 1710 1513 1788 alloquamur.
1535 1711 1662 1774 Moleste
1683 1727 1750 1786 nos,
1775 1713 1838 1772 imo
1854 1727 1921 1786 gra·

1173 1802 1265 1877 riter,
1281 1803 1475 1882 ferreusque
1497 1806 1596 1866 adime
1617 1813 1732 1866 certam
1756 1805 1922 1866 denuncia-

1173 1898 1290 1959 tionem
1313 1898 1445 1959 minime
1466 1899 1625 1976 accepisse,
1648 1899 1701 1976 qui
1719 1899 1841 1960 tandem
1857 1898 1921 1959 eri·

1171 1997 1222 2052 tus
1244 1991 1409 2066 eontigerit
1425 1983 1538 2052 nostris'
1554 1991 1663 2066 literis,
1680 2008 1755 2068 quas
1770 1992 1819 2052 die
1831 2007 1918 2052 narr.

1172 2083 1296 2158 augusti
1328 2100 1528 2145 noccxxxrv.
1551 2085 1637 2146 vobis
1664 2093 1695 2146 et
1721 2084 1921 2145 missionariis

1172 2175 1263 2238 istltic
1283 2177 1548 2238 commorantibus
1572 2178 1723 2239 cledimus.
1748 2178 1829 2240 Sane
1851 2178 1922 2239 laci-

1173 2275 1280 2330 furnas
1302 2269 1376 2330 haec
1401 2287 1547 2332 curarum
1576 2279 1606 2332 et
1627 2271 1788 2348 angustiae
1815 2277 1921 2332 nostro

1172 2369 1300 2438 paterno
1321 2377 1394 2438 erga
1415 2379 1469 2424 vos
1490 2365 1587 2426 amori
1608 2381 1696 2426 cansa
1719 2373 1776 2435 est,
1801 2371 1869 2424 tum
1890 2373 1921 2424 et

1173 2455 1307 2516 manime
1331 2456 1415 2532 quia,
1442 2457 1577 2520 incertae
1610 2459 1692 2533 lieet,
1724 2473 1843 2536 sparsae
1873 2457 1922 2519 nic

1171 2555 1244 2608 sunt
1273 2563 1374 2622 voces,
1401 2551 1522 2611 easdem
1551 2559 1672 2613 nostras
1694 2551 1797 2612 literas
1819 2558 1849 2612 et
1870 2553 1922 2613 de-

1172 2648 1253 2701 creta
1276 2640 1308 2702 in
1331 2641 1490 2718 publicum
1511 2643 1548 2704 ab
1563 2643 1707 2705 omnibus
1723 2643 1853 2704 minime
1868 2659 1920 2721 po-

1171 2732 1228 2793 sita
1250 2732 1353 2808 fuisse,
1379 2749 1436 2796 nee
1460 2743 1578 2810 exacte,
1602 2744 1693 2814 prout
1715 2743 1848 2814 oportet,
1871 2737 1921 2800 ad-

1172 2825 1306 2904 impleri,
1330 2829 1405 2904 quin
1429 2844 1492 2889 non
1520 2829 1623 2890 deesse
1646 2829 1775 2906 aliquos,
1798 2831 1853 2908 qui
1875 2831 1920 2892 di-

1173 2935 1260 2980 versa
1281 2923 1443 2997 opinantes
1464 2938 1497 2984 ac
1519 2921 1682 3000 loquentes
1705 2925 1861 2986 adducunt
1876 2925 1920 2985 di-

1171 3012 1305 3090 scipufos
1320 3022 1386 3090 post
1397 3030 1439 3074 se.
1453 3015 1700 3092 Quamprimum
1712 3014 1921 3078 fraternitates

1172 3115 1288 3167 vestras
1311 3123 1348 3167 en
1369 3107 1473 3168 animo
1496 3109 1695 3185 requirimus,
1712 3115 1747 3169 ut
1765 3109 1921 3185 quomodo

1173 3201 1261 3262 istbic
1282 3217 1330 3262 res
1351 3219 1383 3262 se
1404 3204 1526 3277 babeat,
1549 3203 1782 3281 quamprimum
1804 3217 1922 3264 renun-

1172 3293 1269 3367 ciatis,
1289 3309 1328 3356 ne
1350 3294 1473 3371 longior
1488 3297 1613 3357 tarditas
1627 3295 1818 3356 acerbiorem
1833 3295 1922 3355 nuliis

1173 3386 1277 3448 alferat
1299 3388 1488 3464 molestiam3
1512 3387 1623 3450 deinde
1651 3389 1738 3450 firma
1760 3404 1814 3465 spe
1834 3387 1922 3450 duci-

1174 3495 1256 3553 mur,
1280 3481 1346 3542 zelo
1367 3482 1421 3542 Dei
1443 3497 1497 3542 vos
1518 3481 1711 3558 impellente,
1734 3481 1766 3542 in
1782 3479 1921 3542 doctrina

1173 3590 1243 3636 sana
1266 3575 1427 3636 nobiscum
1458 3591 1612 3651 exurgere
1635 3575 1667 3636 in
1689 3591 1752 3649 eos,
1776 3575 1829 3652 qui
1850 3589 1922 3636 con-

1176 3669 1340 3742 tradicunt,
1365 3675 1398 3728 ut
1421 3683 1575 3729 memores
1596 3667 1698 3742 oflicii,
1722 3669 1772 3730 cui
1793 3685 1826 3728 se
1841 3666 1923 3728 addi-

1174 3769 1301 3834 xerunt,
1323 3760 1430 3822 sedulo
1451 3767 1590 3835 caveant,
1613 3777 1646 3823 ac
1668 3762 1835 3837 diligenter
1853 3777 1923 3838 pro-

1174 3853 1314 3931 spiciant,
1329 3869 1369 3914 ne
1385 3853 1473 3931 culpa
1491 3869 1601 3915 eorum
1626 3853 1738 3916 Gentes
1758 3855 1839 3916 istae
1853 3853 1922 3915 siat

1177 3947 1324 4008 timentes
1352 3947 1541 4017 Doaeiaaat,
1569 3946 1623 4008 sed
1650 3945 1864 4009 tribilontiaas
1892 3955 1922 4008 et

1176 4039 1271 4100 idolis
1292 4040 1361 4100 sais
1382 4040 1564 4101 secedentes.
1596 4041 1656 4101 Hac
1678 4040 1715 4100 de
1738 4057 1825 4101 causa
1848 4039 1923 4102 alte·
1955 4073 1957 4080 ·

1178 4149 1223 4193 ras
1245 4133 1385 4195 misimus
1408 4133 1510 4194 literas
1535 4133 1778 4196 fraternitatibus
1802 4133 1922 4207 vestale,

1175 4233 1268 4303 atque
1291 4227 1501 4302 missionariis,
1524 4228 1636 4306 quibus
1658 4225 1850 4304 gravioribus
1864 4226 1923 4286 sub

1176 4320 1283 4398 poenis
1304 4319 1539 4394 demandamus
1563 4331 1597 4383 ut
1619 4329 1741 4382 nostrae
1756 4319 1925 4381 voluntatis

1176 4415 1317 4475 sensibus
1333 4425 1364 4476 et
1379 4416 1508 4476 decretis
1523 4415 1679 4490 obediant,
1692 4423 1724 4476 et
1738 4430 1831 4493 opere
1843 4429 1924 4475 corn-

1179 4508 1290 4584 pleant.
1316 4507 1361 4570 Ne
1388 4524 1473 4582 vero,
1504 4516 1538 4570 ut
1559 4508 1720 4582 hactenus,
1748 4524 1829 4568 unns
1851 4506 1924 4570 alte-

1178 4617 1249 4662 rum
1278 4603 1407 4675 incuset,
1431 4609 1462 4662 et
1484 4618 1551 4676 nos,
1582 4601 1653 4662 ficet
1675 4608 1850 4679 praesentes
1873 4601 1926 4661 ist-

1178 4696 1227 4756 hic
1254 4695 1378 4772 spiritu,
1400 4711 1529 4772 corpore
1561 4703 1663 4756 tamen
1692 4696 1833 4758 absentes
1859 4712 1926 4756 sus·

1179 4804 1288 4866 pensos
1311 4788 1421 4850 incerti
1443 4788 1550 4850 nuncii
1572 4789 1624 4850 diu
1653 4789 1821 4863 retineant,
1845 4789 1925 4850 iura-

1180 4890 1324 4944 mentum
1338 4882 1375 4942 ab
1391 4897 1578 4959 unoquoque
1593 4897 1632 4942 en
1647 4882 1847 4944 missionariis
1859 4897 1927 4960 pro·

1180 4978 1245 5054 pria
1274 4992 1366 5037 manu
1396 4975 1644 5052 subsignandum
1672 4984 1817 5054 expetere
1838 4975 1927 5037 duri-

1180 5085 1262 5143 muS,
1274 5086 1335 5147 quo
1351 5069 1482 5146 quisque
1496 5070 1677 5147 profiteatur
1691 5069 1805 5130 uostris
1819 5069 1927 5130 iussio-

1181 5165 1272 5224 nibus
1294 5171 1468 5240 promptam
1495 5169 1589 5240 atque
1616 5170 1752 5224 exactam
1774 5169 1928 5240 praestare

1180 5255 1400 5330 obedientiam,
1423 5265 1514 5332 prout
1535 5255 1625 5318 latius
1648 5257 1679 5316 in
1703 5253 1811 5316 iisdem
1831 5255 1928 5316 literis

1180 5349 1368 5411 continetur.
1388 5351 1450 5411 Hoc
1470 5350 1526 5410 etsi
1543 5357 1609 5411 tuto
1626 5349 1712 5411 nobis
1728 5348 1927 5424 polliceamur

1180 5458 1236 5520 pro
1257 5443 1400 5505 omnium
1421 5444 1536 5520 pietate
1557 5450 1587 5504 et
1611 5443 1771 5519 religione,
1791 5449 1927 5503 attamen

1182 5537 1353 5614 plurimum
1375 5536 1522 5598 collatura
1544 5537 1602 5598 erit
1625 5536 1854 5598 fraternitatum
1876 5550 1929 5596 ve-

1179 5637 1315 5692 strarum
1343 5629 1476 5707 exempli
1505 5629 1680 5704 auctoritas,
1703 5629 1823 5707 quoties
1845 5627 1928 5688 idem

1180 5723 1381 5786 iurisiurandi
1401 5732 1643 5798 sacramentum,
1660 5723 1692 5784 in
1714 5729 1835 5786 certum
1854 5735 1928 5797 arga

1840 541 1898 602 503
1951 542 2003 594 An.
2018 543 2047 594 O.
2071 544 2137 594 trae
