4848 6990
233 669 236 674 ¹
329 595 382 650 An.
396 598 427 652 G.
449 599 516 651 1687
568 596 625 660 {00

546 740 696 807 exerceat,
720 733 816 796 donec
836 737 983 810 sequatur
1007 731 1181 811 approbatio
1202 747 1287 809 prae·

546 827 615 888 lecti
648 827 799 904 generalis
819 833 850 888 et
872 827 1097 902 assistentium
1127 825 1223 903 eaque
1243 841 1289 886 se-

545 919 640 997 quuta
662 921 768 982 evadat
790 937 881 982 verus
909 921 1056 996 magister
1078 919 1287 994 novitiorum;

545 1013 617 1072 alids
637 1011 824 1076 subintrabit
845 1012 910 1086 ille,
932 1029 1024 1090 quern
1046 1011 1216 1090 praefectus
1238 1027 1289 1087 ge-

545 1105 658 1166 neralis
679 1113 710 1167 et
731 1105 907 1168 assistentes
929 1107 1092 1168 nominare
1109 1103 1289 1168 censuerint

546 1198 578 1260 in
600 1199 785 1274 magistrum
806 1201 1007 1263 novitiorum.

584 1309 603 1353 c
618 1293 647 1354 6.
662 1292 881 1371 inquisitiones
897 1295 933 1356 de
948 1291 1138 1356 admittendo
1154 1293 1230 1354 dent
1241 1307 1290 1353 oo-

546 1401 612 1448 ram
632 1385 727 1448 fratre
753 1386 905 1465 praelecto
926 1402 997 1449 cum
1019 1386 1085 1447 eius
1111 1385 1288 1458 secretario,

545 1479 705 1541 assistente
727 1479 820 1541 etiam
841 1479 1033 1542 novitiorum
1048 1480 1206 1555 magistro.

585 1589 604 1633 c
618 1572 647 1634 7.
663 1571 731 1634 Non
748 1579 848 1650 potest
863 1573 983 1635 admitti
999 1574 1031 1634 iu
1046 1573 1224 1634 societatem
1242 1571 1289 1632 ul-

544 1665 593 1728 lus
614 1665 668 1744 qui
682 1666 720 1728 sit
736 1665 768 1726 in
785 1665 892 1728 ordine
913 1683 997 1730 sacro
1018 1667 1215 1740 constitutus,
1232 1681 1289 1727 nec

544 1757 714 1838 cappellani
736 1759 870 1821 necullo
885 1759 943 1822 alio
965 1759 1067 1834 titulo,
1090 1775 1191 1838 neque
1206 1759 1289 1822 ullus

544 1852 637 1914 irater
652 1869 689 1914 ex
703 1854 863 1932 hucusque
884 1853 1024 1916 admissis
1039 1860 1068 1914 et
1083 1853 1115 1914 iu
1131 1860 1289 1932 posterum

544 1945 742 2007 admittendis
766 1946 916 2021 ordinari,
939 1947 1010 2024 quia
1032 1947 1125 2008 statui
1152 1947 1289 2008 sacerdo-

544 2043 597 2105 tali
619 2057 682 2104 non
705 2043 896 2106 conveniunt
922 2042 1075 2104 manualia
1103 2042 1287 2117 ministeria,

545 2136 576 2196 in
609 2135 720 2214 quibus
748 2151 891 2197 exercere
911 2151 944 2196 se
969 2135 1083 2198 debent
1109 2133 1234 2211 iratres3
1258 2141 1288 2196 et

543 2229 569 2289 si
590 2229 659 2307 quis
680 2229 820 2290 ordinem
836 2229 1016 2308 susceperit,
1039 2229 1104 2306 ipso
1124 2229 1288 2306 susceptio-

545 2321 593 2383 nis
614 2321 692 2384 lacto
718 2328 875 2384 remaneat
900 2321 1059 2396 exclusuS,
1083 2329 1112 2384 et
1137 2321 1288 2383 societatis

543 2415 650 2477 habitu
671 2415 822 2494 privatus,
845 2433 878 2477 ac
899 2434 915 2477 a
937 2413 1017 2478 v‘otis
1039 2417 1206 2490 absolutus,
1231 2432 1289 2478 nec

543 2508 577 2570 in
599 2511 690 2572 domo
717 2517 799 2570 stare
820 2509 925 2586 possit,
958 2509 1079 2572 etiamsi
1107 2510 1200 2572 sitin
1229 2509 1287 2570 alio

542 2602 661 2665 habitu.
695 2602 734 2664 lis
754 2619 845 2677 vero,
869 2603 922 2680 qui
942 2602 1004 2664 iam
1032 2603 1233 2681 reperiuntur
1255 2603 1287 2665 in

542 2695 652 2760 ordine
671 2695 861 2770 sacerdotali,
884 2697 1083 2775 permittatur
1097 2697 1129 2758 in
1144 2697 1288 2759 societate

542 2804 735 2868 permanere,
751 2805 957 2868 praesensque
977 2790 1133 2867 dispositio
1148 2789 1289 2869 respiciat

542 2889 666 2946 tantum
687 2881 842 2958 tutorum,
865 2900 929 2946 non
951 2883 1142 2946 obstantibus
1163 2884 1290 2962 disposi-

543 2975 581 3037 tis
602 2975 635 3038 in
656 2977 846 3040 contrarium
868 2977 901 3039 in
922 2977 1079 3040 veteribus
1094 2977 1287 3040 constitutio-

543 3067 634 3131 nibus
654 3085 671 3129 a
692 3069 803 3133 Sancta
824 3069 902 3133 Sede
922 3071 1122 3132 conflrmatis.

339 3168 525 3269 Ι)(ὲιιῗ]ιὲῖῄιῒιυι.ὶῃ.
582 3179 601 3223 c
618 3161 645 3222 l.
668 3163 795 3226 liabitas
812 3163 977 3226 uniformis
992 3181 1058 3226 esse
1072 3164 1161 3227 dehet
1175 3165 1207 3226 in
1223 3180 1287 3226 om·

312 3275 525 3377 {pygmaeorum
544 3256 634 3320 uibus
656 3256 812 3332 iratribus,
829 3259 915 3336 isque
937 3273 975 3319 ex
996 3274 1058 3337 quo
1079 3265 1220 3337 appareat
1242 3261 1289 3321 in-

312 3363 385 3428 eurs’.

542 3359 632 3412 term
666 3349 823 3412 humilitas
854 3357 885 3412 et
916 3365 1023 3412 rerum
1057 3353 1287 3414 mundanarum

543 3449 755 3520 contemptus,
781 3451 812 3505 et
832 3444 872 3504 sit
903 3444 1099 3522 symbolum,
1131 3461 1193 3523 quo
1214 3461 1288 3506 vere

542 3551 692 3614 pauperes
706 3545 738 3598 et
755 3537 947 3614 poenitentes
969 3553 1034 3600 asse
1057 3538 1285 3615 dignoscantur.

583 3631 645 3692 «2.
668 3629 796 3692 Habitus
811 3631 946 3694 exterior
960 3631 1018 3692 erit
1034 3647 1071 3692 en
1086 3647 1190 3710 pauno
1205 3631 1286 3706 rudi,

542 3730 573 3787 et
594 3723 715 3800 coloris,
737 3731 772 3785 ut
794 3724 911 3800 dicunt,
936 3720 1050 3796 buriel,
1075 3724 1228 3786 nimirum
1249 3741 1287 3786 er

542 3817 610 3880 lanai
632 3831 707 3897 quae
730 3817 842 3879 dicitur
863 3817 900 3879 de
913 3824 1060 3878 sumente
1083 3816 1284 3894 leucophaea.

541 3911 653 3972 norma
674 3909 713 3971 sit
734 3909 885 3971 adinstar
907 3917 995 3985 togae
1023 3909 1136 3985 talaris,
1160 3910 1287 3986 cingulo

541 4003 624 4064 corel
645 4003 726 4078 nigri
748 4000 783 4061 ad
805 4000 938 4063 duorum
960 3999 1130 4079 digitorum
1153 4002 1286 4065 latitudi-

542 4111 615 4158 nem
646 4095 814 4157 restrictae.
851 4095 999 4158 Gucullus
1028 4097 1090 4158 una
1120 4096 1222 4171 tertia,
1251 4104 1286 4159 ut

541 4189 640 4264 aiunt,
655 4188 746 4263 altus,
761 4188 957 4251 extremitate
973 4191 1003 4251 in
1016 4189 1139 4267 aliquod
1156 4205 1285 4254 acumen

541 4282 711 4345 desinente.
735 4281 774 4344 Et
795 4279 873 4343 dicta
888 4287 958 4358 toga
976 4281 1210 4360 quatuordecim
1224 4283 1288 4362 pal-

541 4391 608 4440 mos
628 4375 735 4440 haheat
758 4375 791 4436 iu
819 4374 962 4450 circuitu,
986 4383 1016 4437 et
1037 4391 1132 4438 unam
1161 4377 1286 4439 tertiam

542 4471 574 4531 iu
596 4467 725 4530 manica.
750 4469 872 4546 Clamys
892 4467 1032 4530 eiusdem
1057 4471 1192 4546 generis,
1215 4471 1287 4532 dua-

541 4563 598 4624 bus
612 4563 713 4624 tertiis
727 4561 852 4624 brevior
869 4563 947 4639 toga.
966 4562 1066 4624 Pileus
1082 4563 1286 4642 leucophaeus

542 4671 580 4717 ex
600 4655 670 4716 land
691 4654 759 4716 rudi
775 4663 891 4718 etcum
906 4655 1000 4718 limbo
1015 4657 1124 4733 grandi
1139 4657 1286 4719 circuitus

541 4747 646 4811 decem
668 4748 837 4824 digitorum
857 4749 966 4811 subtus
981 4750 1064 4811 corio
1086 4749 1172 4812 tenui
1195 4750 1286 4826 nigro

542 4841 668 4905 inducto
684 4851 714 4903 et
729 4843 800 4904 cum
822 4842 940 4904 duobus
962 4842 1108 4904 funiculis
1129 4842 1283 4920 pendulis.

541 4933 640 4998 Nudis
661 4934 755 5010 tibiis,
772 4941 804 4996 et
825 4936 954 5013 pedibus
969 4951 1040 4997 cum
1054 4936 1126 4997 solis
1143 4936 1285 5014 crepidis,

541 5045 616 5108 quas
638 5027 731 5104 vulgo
753 5029 917 5090 nominant
939 5029 1133 5105 serapionas,
1158 5029 1286 5092 rudibus

541 5131 572 5184 et
592 5121 719 5195 crassis,
742 5137 775 5183 ac
797 5120 864 5182 latis
895 5121 1003 5195 soleis,
1027 5123 1138 5184 adeout
1164 5122 1286 5183 habitus

540 5215 713 5293 paupertati
738 5222 768 5276 et
790 5213 915 5276 ruditati
943 5216 1159 5292 respondeant.
1188 5215 1287 5293 Super

540 5308 619 5370 latus
639 5308 803 5370 sinistrum
825 5307 992 5386 chlamydis
1013 5307 1183 5384 gestabitur
1198 5309 1230 5369 in
1246 5307 1287 5368 la-

1032 647 1034 656 .
1061 613 1124 658 tuta.
1150 611 1240 656 PON'l'·
1264 611 1304 655 DE
1326 611 1354 654 Ρ.
1379 612 1407 656 Γ.
1434 613 1514 657 PARS
1537 612 1557 655 l.

1344 731 1499 808 cessitate;
1522 749 1581 810 qua
1602 733 1656 812 qui
1680 734 1887 811 urgebuntur,
1910 736 1987 799 illud
2010 737 2090 800 ferre

1329 832 1510 902 poterunt,
1536 843 1597 904 quo
1625 828 1784 896 «iuraverit
1813 829 1993 906 infirmitas
2017 849 2088 894 cum

1345 915 1447 980 iratris
1470 919 1615 996 praelecti
1637 920 1770 981 licentia.
1801 922 1935 985 Licitum
1956 925 2016 986 erit
2037 941 2091 1002 ge-

1344 1017 1425 1074 stare
1446 1013 1584 1074 tunicam
1606 1011 1773 1074 multitiam
1799 1017 1960 1078 redamet
1982 1019 2091 1095 panni-

1344 1104 1430 1166 culos
1450 1112 1583 1184 stupeos.
1609 1105 1672 1167 Nec
1694 1106 1749 1167 ulli
1771 1110 1956 1172 concedatur
1983 1113 2091 1174 radere

1345 1216 1403 1260 nec
1426 1199 1553 1262 tondere
1582 1200 1721 1277 barbam;
1752 1210 1906 1278 quantum
1933 1206 1967 1266 ad
1991 1205 2088 1280 illam,

1345 1309 1423 1370 quae
1445 1293 1531 1354 solita
1553 1301 1599 1354 est
1621 1295 1770 1366 eremitis
1794 1295 2048 1360 conformabitur.

1386 1385 1447 1447 «lt.
1467 1388 1584 1449 llebent
1599 1403 1707 1449 omnes
1722 1388 1814 1450 unico
1825 1390 1940 1452 vestitu
1952 1393 2090 1454 contenti

1345 1495 1426 1556 esse3
1450 1487 1481 1541 et
1502 1481 1572 1558 qnia
1602 1497 1727 1542 necesse
1755 1482 1814 1543 erit
1840 1483 1929 1544 illum
1956 1491 2089 1561 mutare,

1345 1573 1404 1634 erit
1428 1573 1460 1634 in
1488 1573 1630 1652 hospitali
1653 1574 1736 1636 locus
1764 1591 1819 1653 pro
1840 1577 1987 1654 penuaria
2013 1577 2091 1640 desi-

1345 1672 1457 1742 gnatus
1471 1667 1558 1728 omui
1574 1681 1689 1742 genere
1704 1669 1888 1744 vestituum,
1905 1671 2017 1748 quibus
2032 1671 2090 1734 ira-

1345 1767 1407 1820 tres
1438 1760 1536 1821 nostri
1568 1761 1707 1836 indigere
1739 1769 1880 1839 possunt,
1903 1765 2090 1842 instructus,

1344 1853 1457 1930 quibus
1474 1869 1543 1915 cum
1560 1853 1709 1916 charitate
1723 1862 1754 1915 et
1770 1855 1931 1932 diligentia
1946 1858 2007 1919 illis
2022 1875 2091 1938 pro-

1345 1943 1505 2006 videbitur
1534 1945 1668 2021 singulis
1694 1945 1872 2024 quindecim
1898 1949 2016 2026 diebus,
2039 1959 2091 2014 aut

1345 2037 1439 2098 etiam
1461 2045 1543 2111 ante,
1566 2038 1592 2098 si
1613 2053 1689 2116 opus
1710 2038 1816 2104 luerit.

1384 2131 1445 2191 «5.
1470 2130 1624 2192 Exteriori
1646 2134 1775 2195 vestitus
1796 2137 1968 2214 paupertati
1985 2153 2090 2200 conso·

1345 2239 1420 2285 nare
1440 2224 1530 2285 dehet
1553 2225 1682 2288 interior
1703 2226 1917 2290 cubiculorum
1933 2247 1987 2292 sen
2002 2232 2093 2294 cella·

1344 2333 1412 2378 rum
1437 2325 1609 2396 paupertas.
1628 2319 1662 2381 ln
1677 2322 1725 2382 his
1740 2323 1879 2398 permitti
1894 2339 1958 2385 non
1978 2325 2092 2388 debent

1344 2410 1488 2486 laminae,
1505 2429 1562 2474 uec
1583 2413 1716 2490 arcolae,
1736 2431 1794 2478 nec
1815 2416 1871 2478 alia
1885 2418 2025 2497 supellex
2040 2437 2091 2482 ex-

1343 2505 1455 2582 quisita
1470 2513 1500 2568 et
1514 2508 1682 2584 superflua,
1696 2524 1798 2586 neque
1811 2509 1932 2587 protam
1947 2520 2088 2589 ornatus,

1343 2597 1397 2676 qui
1412 2614 1568 2662 summam
1582 2599 1747 2662 dedeceant
1762 2611 1984 2680 paupertatem,
1998 2621 2091 2683 quam

1344 2691 1505 2754 observare
1527 2693 1640 2756 debent
1661 2693 1760 2756 nostri
1781 2693 1900 2757 iratres.
1926 2697 1964 2759 Et
1975 2698 2011 2758 ad
2026 2700 2090 2761 evi-

1344 2783 1483 2859 tandum,
1506 2792 1658 2863 qnantum
1681 2787 1749 2848 fieri
1771 2794 1882 2864 potest,
1905 2804 1946 2852 ne
1967 2790 2018 2852 illa
2034 2793 2090 2854 im·

1344 2877 1515 2953 minuatur,
1538 2879 1710 2958 praelectus
1730 2882 2091 2958 generaliaassistentes

1344 2977 1374 3032 et
1395 2969 1540 3049 praelecti
1561 2972 1592 3034 id
1611 2981 1752 3050 satagent
1773 2980 1808 3035 ut
1830 2975 2092 3040 eorumcubicula

1343 3063 1485 3142 exemplo
1506 3065 1580 3138 sint,
1603 3081 1665 3143 quo
1686 3065 1737 3126 alii
1758 3065 1912 3130 addiscant
1934 3070 2091 3132 humilita-

1343 3163 1408 3217 tem
1429 3165 1460 3218 et
1481 3163 1713 3236 paupertatem,
1736 3175 1811 3237 quas
1832 3161 1946 3223 debent
1967 3163 2000 3224 in
2025 3164 2090 3226 suis

1343 3249 1517 3312 observare.
1541 3251 1580 3312 Et
1602 3259 1636 3314 ut
1657 3251 1708 3313 illa
1729 3251 1848 3314 lacilius
1869 3269 2091 3332 recognoscere
2145 3292 2148 3298 ·

1343 3343 1438 3422 possit
1459 3345 1611 3424 superior,
1634 3345 1783 3411 carebunt
1805 3347 1941 3411 clavibus
1963 3355 1994 3411 et
2014 3350 2090 3412 seris

1343 3438 1467 3500 ianuae:
1492 3439 1565 3500 adeo
1587 3446 1622 3501 ut
1643 3439 1740 3502 lectus
1757 3456 1795 3502 ex
1817 3440 1903 3519 ligno
1924 3460 1996 3505 cum
2017 3445 2090 3507 dna-

1343 3531 1400 3592 bus
1422 3531 1581 3593 dumtaxat
1596 3531 1756 3608 lodicibus,
1773 3550 1850 3612 qnae
1871 3535 1960 3598 illurn
1982 3553 2091 3616 coope-

1343 3623 1441 3699 riant3
1466 3639 1565 3686 unum
1580 3625 1728 3702 pulvinar
1743 3643 1912 3706 panneum;
1935 3644 1998 3692 una
2012 3647 2089 3692 crux

1343 3733 1380 3778 ev
1402 3717 1488 3793 ligno
1510 3717 1598 3794 rudi;
1628 3734 1724 3798 aquae
1747 3717 1881 3782 lustralis
1909 3723 2087 3801 vasculum3

1342 3810 1510 3873 scabellum
1531 3819 1563 3872 et
1584 3813 1727 3874 mensula
1748 3829 1820 3875 cum
1841 3815 1962 3893 capsula
1976 3815 2088 3896 absque

1342 3903 1431 3978 clavi,
1454 3905 1506 3966 ubi
1528 3912 1727 3968 asserventur
1741 3908 1952 3984 poeniteutiae
1974 3909 2089 3972 instru-

1341 4003 1458 4073 menta;
1471 3995 1548 4058 liber
1561 3997 1604 4058 De
1616 4004 1800 4076 coutentptu
1811 4001 1937 4072 muudi,
1950 4009 2003 4064 aut
2012 4001 2089 4066 alius

1343 4088 1521 4166 spiritualis.
1546 4091 1584 4151 Et
1605 4091 1676 4168 quia
1699 4091 1910 4170 incongruum
1931 4093 2023 4171 toret,
2040 4103 2085 4172 ut,

1343 4183 1395 4259 qui
1418 4182 1550 4246 veniunt
1579 4184 1723 4247 omnibus
1747 4185 1914 4263 inservire,
1938 4187 2089 4251 habereut

1342 4277 1396 4354 qui
1417 4275 1460 4338 eis
1483 4275 1683 4355 inservirent,
1700 4295 1794 4342 nemo
1808 4281 1920 4359 poterit
1934 4280 2088 4345 famulum

1342 4370 1455 4431 habere
1476 4369 1684 4447 peculiariter.

1384 4465 1443 4526 «6.
1467 4465 1619 4526 Poterunt
1641 4465 1762 4528 admitti
1784 4467 1815 4528 in
1831 4467 1959 4530 donatos
1974 4469 2087 4532 horum

1342 4557 1447 4636 aliqui,
1468 4558 1521 4637 qui
1543 4573 1581 4619 ex
1595 4559 1740 4636 quopiam
1762 4559 1842 4622 iusto
1864 4561 2088 4640 impedimento

1341 4651 1547 4714 excludantur
1568 4667 1609 4712 ne
1628 4652 1691 4714 sint
1712 4652 1821 4714 iratres
1850 4655 2011 4731 cucullati3
2034 4656 2087 4734 qui

1342 4752 1483 4806 nostrum
1505 4745 1646 4807 habitum
1668 4746 1799 4808 induent
1819 4748 1933 4826 absque
1953 4748 2100 4822 cucullo,

1342 4847 1373 4899 et
1393 4838 1508 4916 poterit
1530 4838 1700 4918 praelectus
1716 4840 1869 4915 generalis
1881 4841 1942 4902 und
1956 4857 2029 4904 cum
2043 4857 2087 4903 as·

1341 4931 1521 4994 sistentibus
1542 4932 1736 5009 permittere,
1759 4949 1813 4994 seu
1836 4933 1992 4996 licentiam
2013 4951 2086 4998 con-

1341 5025 1460 5100 cedere,
1484 5033 1518 5086 ut
1541 5025 1680 5103 ipsorum
1703 5026 1797 5104 aliqui
1819 5029 2025 5106 profiteantur
2039 5045 2087 5090 ea-

1342 5119 1413 5180 dem
1444 5127 1532 5192 vota,
1555 5135 1633 5196 quae
1654 5120 1794 5197 profiteri
1822 5119 1936 5182 dehent
1963 5121 2084 5198 iratres,

1342 5219 1376 5273 ut
1398 5212 1496 5275 maius
1517 5213 1668 5276 meritum
1690 5223 1721 5275 et
1746 5214 2007 5292 perseverantiam
2028 5216 2087 5278 hoc

1342 5307 1433 5368 modo
1454 5307 1571 5383 possint
1592 5307 1743 5369 obtinere.

1381 5398 1446 5458 «l.
1480 5399 1641 5461 Habebunt
1672 5398 1781 5460 iratres
1811 5401 1947 5477 quotidie
1977 5399 2085 5463 horam
2145 5413 2278 5462 rarurrv.

1343 5507 1436 5554 uuam
1452 5491 1598 5555 orationis
1613 5491 1756 5554 mentalis
1771 5509 1786 5554 a
1801 5492 1908 5570 quinta
1920 5496 1954 5557 ad
1966 5502 2085 5556 sextam
2105 5472 2326 5580 ffifflpffitffifss

1340 5586 1537 5661 matutinam,
1556 5587 1777 5649 convenientes
1794 5601 1902 5648 omnes
1915 5587 1952 5648 ad
1966 5603 2085 5668 campa·
2104 5577 2164 5681 ἓξὲξ
2179 5574 2325 5624 ⁰⁰¹¹¹⁵¹¹b⁸l

540 5402 625 5464 mina
653 5402 689 5464 ad
718 5401 815 5462 instar
842 5401 921 5462 scuti
943 5401 1060 5478 depicta
1082 5401 1149 5462 lesu
1171 5401 1284 5462 Christi

539 5495 655 5558 summi
676 5494 750 5556 honi
771 5495 871 5556 nostri
892 5494 1044 5556 nativitas.

581 5589 642 5650 «3.
669 5587 770 5652 Vestis
800 5587 931 5650 interior
952 5585 1121 5649 convenire
1142 5587 1232 5650 debet
1253 5588 1285 5648 in

541 5689 721 5763 paupertate
741 5699 813 5746 oum
835 5682 992 5758 exteriori,
1022 5682 1158 5760 quaesito
1180 5683 1212 5743 in
1235 5679 1285 5743 itta
1341 5695 1399 5743 nae
1419 5695 1531 5742 sonum
1550 5694 1623 5742 oum
1644 5679 1738 5741 fratre
1759 5679 1922 5759 praelecto,
1937 5697 2008 5744 cum
2024 5699 2086 5760 quo

541 5777 655 5851 nitore,
677 5775 731 5854 qui
752 5776 870 5856 optime
901 5782 999 5855 potest
1024 5776 1191 5838 convenire
1212 5791 1285 5838 cum
1340 5775 1482 5854 protinus
1508 5783 1576 5852 post
1601 5774 1774 5836 orationem
1802 5777 1892 5838 ibunt
1920 5791 2028 5837 omnes
2049 5777 2085 5838 ad

445 5915 446 5923 .
541 5877 731 5950 paupertate.
755 5870 869 5932 ldcirco
890 5869 1010 5932 nemini
1031 5871 1216 5932 concedatur
1237 5870 1283 5931 in·
1339 5869 1540 5941 verrendum,
1562 5883 1632 5926 vasa
1654 5869 1873 5944 promendum,
1890 5877 1920 5930 et
1934 5867 2086 5930 valetudi-

542 5965 640 6028 duere
660 5963 780 6028 lineum
805 5964 964 6028 indusium
986 5963 1044 6026 nisi
1067 5963 1099 6024 iu
1123 5963 1209 6042 gravi
1231 5979 1284 6026 ne·
1339 5961 1424 6024 uaria
1446 5959 1645 6039 poliendum;
1669 5967 1699 6022 et
1720 5961 1816 6024 smitis
1838 5961 1902 6024 istis
1916 5961 2083 6036 exercitiis,
