4848 6990
334 596 387 648 An.
402 598 432 648 O.
454 595 522 646 1688
574 593 630 658 116

551 734 655 803 aticum,
677 733 773 795 situm
795 731 827 795 in
849 734 929 796 valle
942 734 1065 812 Pisque,
1081 741 1191 812 sponte
1205 734 1298 796 etiam

551 833 582 887 31
604 825 700 887 111333
720 829 907 890 concesserit
928 835 958 888 31
979 827 1192 903 assignaverit,
1207 833 1298 904 prout

551 918 584 979 in
615 919 776 997 scripturis
805 927 836 982 31
867 920 1086 983 instrumentis
1120 919 1298 981 huiusmodi

550 1012 754 1075 donationum
775 1021 806 1075 et
826 1015 1062 1076 concessionum
1089 1014 1180 1076 latius
1201 1013 1300 1076 conti-

551 1113 656 1180 netur,
679 1107 815 1184 adquae
841 1107 950 1170 relatio
971 1109 1137 1184 habeatur3
1160 1122 1194 1168 ac
1215 1107 1299 1168 insu-

550 1214 605 1277 per
619 1201 654 1260 ad
670 1200 815 1262 eumdem
829 1202 975 1264 ellectum
989 1199 1300 1280 331113133133313-

551 1291 835 1356 313133313133133
858 1295 889 1356 in
912 1295 993 1357 dicto
1014 1300 1172 1356 conventu
1195 1293 1226 1355 S.
1244 1292 1297 1352 Pe-

551 1384 592 1447 tri
610 1385 750 1461 Onitensi
765 1389 813 1450 die
829 1403 882 1448 xx.
899 1387 1082 1466 septembris
1097 1401 1295 1449 nnccxxxrv.

550 1478 673 1556 speciali
694 1479 817 1542 decreto
838 1481 1035 1559 applicaverit
1056 1479 1298 1558 quadringentos

551 1587 670 1634 annuos
690 1579 852 1649 patacones
874 1574 906 1635 in
929 1574 962 1636 31
983 1573 1141 1652 provincia
1160 1571 1298 1651 iampri-

551 1665 623 1726 dem
644 1666 680 1728 ad
707 1665 932 1729 aedificandum
961 1666 1140 1740 destinatos,
1169 1673 1205 1727 ut
1226 1680 1298 1726 con·

550 1757 714 1819 structioni
736 1765 767 1820 et
788 1759 917 1822 fabricae
938 1761 1009 1823 dicti
1032 1760 1153 1836 collegii
1180 1755 1297 1820 tamdiu

551 1849 781 1928 impendantur,
804 1853 951 1931 quamdiu
973 1853 1147 1916 aedificium
1165 1850 1299 1928 comple·

551 1951 621 2006 tum
643 1943 754 2022 fuerit3
778 1945 955 2025 diversique
974 1948 1085 2011 fratres
1099 1950 1299 2028 particulares

552 2037 650 2099 dictae
670 2039 846 2116 provinciae
866 2041 1002 2118 deposita
1018 2043 1141 2121 propria
1155 2044 1190 2104 ad
1207 2057 1299 2104 usum

551 2139 706 2192 reservata
727 2131 764 2192 de
785 2135 982 2211 superiorum
1004 2135 1140 2210 licentia,
1163 2144 1194 2197 et
1214 2151 1300 2214 prae-

551 2223 660 2284 sertim
682 2223 781 2286 dictus
812 2232 898 2304 pater
923 2229 1071 2304 magister
1091 2230 1128 2291 de
1149 2229 1299 2304 Ouessada

552 2317 703 2395 copiosam
736 2318 950 2382 bibliothecam
982 2321 1014 2382 in
1046 2321 1168 2399 Europa
1199 2323 1236 2383 ab
1263 2336 1299 2382 eo

552 2417 769 2488 comparatam,
792 2414 853 2476 und
875 2431 946 2477 curn
967 2415 1109 2492 pluribus
1123 2416 1251 2495 picturis
1266 2421 1296 2475 et

551 2505 755 2580 ornamentis,
779 2505 880 2568 eidem
902 2507 1032 2584 collegio
1053 2508 1223 2570 liberaliter
1237 2525 1299 2570 ces-

551 2597 666 2673 serint,
699 2599 842 2677 donoque
873 2601 1090 2678 attribuerint3
1123 2601 1299 2680 horumque

552 2689 693 2752 omnium
709 2698 740 2752 et
753 2691 950 2768 singularum
961 2695 1194 2756 concessionum
1205 2701 1236 2756 et
1247 2695 1301 2756 do-

552 2783 718 2844 nationum
739 2785 1009 2847 confirmationem
1030 2802 1086 2864 pro
1101 2786 1211 2848 maiori
1227 2785 1299 2849 dicti

552 2875 674 2952 collegii
701 2877 867 2940 securitate
888 2884 919 2939 et
939 2878 1157 2942 abundantiori
1182 2879 1300 2942 cautela

552 2985 568 3030 3
583 2969 735 3048 praedicta
748 2969 830 3032 33331
846 2971 1094 3048 congregatione
1109 2971 1215 3034 eadem
1230 2987 1300 3051 pro-

552 3062 653 3125 vincia
683 3077 739 3141 per
766 3065 1037 3141 praenominatum
1068 3073 1298 3144 procuratorem

553 3155 645 3218 enixe
673 3165 704 3219 31
731 3156 894 3220 humiliter
924 3159 1142 3236 postulaverit,
1175 3161 1299 3238 ipsaque

551 3264 635 3310 sacra
657 3249 875 3328 congregatio,
897 3251 1034 3328 benigne
1060 3251 1227 3315 annuendo
1249 3269 1300 3331 pe·

551 3341 628 3417 titis,
651 3343 708 3404 sub
729 3343 778 3406 die
792 3359 856 3405 xvv.
874 3345 1054 3407 novembris
1069 3345 1143 3407 anni
1158 3347 1297 3425 proxime

552 3433 645 3514 elapsi
658 3451 875 3513 3333333333,
889 3438 977 3500 33113
992 3439 1183 3503 commiserit
1198 3448 1233 3503 ut
1244 3457 1299 3520 pro

552 3535 659 3590 nostro
690 3529 817 3592 arbitrio
844 3539 875 3593 et
902 3531 1067 3610 prudentia
1092 3537 1300 3595 statueremus

552 3637 631 3700 quae
651 3622 730 3685 circa
750 3623 916 3701 praemissa
938 3625 970 3686 in
991 3625 1124 3686 Domino
1154 3625 1300 3704 expedire

552 3730 765 3776 censeremus:
789 3731 845 3777 nos
867 3716 974 3794 igitur,
997 3717 1225 3780 considerantes
1243 3719 1301 3780 hu-

552 3807 685 3870 iusmodi
717 3808 929 3870 concessiones
960 3809 1115 3872 bonorum
1137 3810 1246 3873 cedere
1268 3812 1299 3873 in

552 3901 700 3962 maiorem
727 3901 879 3963 Ecclesiae
906 3903 1074 3964 utilitatem
1103 3910 1134 3965 et
1161 3903 1300 3967 eiusdem

551 3995 675 4058 Ordinis
706 3994 838 4058 fratrum
870 3997 1118 4060 Praedicatornm
1144 4000 1297 4075 (lacerem,

551 4105 585 4151 ac
607 4103 710 4168 neque
739 4089 910 4152 conventui
933 4097 963 4152 et
991 4092 1169 4168 provinciae
1197 4095 1300 4156 oneris

552 4181 603 4242 vel
624 4181 774 4260 dispendii
807 4182 880 4245 inde
910 4183 1048 4246 multum
1080 4187 1168 4260 oriri,
1195 4187 1301 4248 inhae-

551 4275 648 4337 rendo
669 4281 830 4354 propterea
845 4275 981 4338 facultati
997 4279 1110 4340 333331
1124 4279 1300 4356 Congrege-

550 4367 636 4430 tione
657 4367 830 4446 specialiter
843 4371 876 4431 in
890 4385 982 4448 supra
997 4372 1163 4433 enuntiato
1178 4373 1301 4435 decreto

552 4461 642 4522 nobis
672 4477 844 4536 concessae,
878 4463 1031 4537 volentes,
1061 4480 1117 4542 pro
1144 4465 1300 4528 33313113

552 4551 670 4615 dictum
685 4553 831 4616 Ordinem
847 4555 1049 4632 protectione,
1065 4557 1189 4635 speciali
1204 4559 1301 4634 gratia

552 4653 584 4708 et
604 4645 710 4708 favore
730 4661 804 4708 eum
832 4649 987 4726 prosequi,
1015 4649 1089 4711 visis
1115 4651 1301 4713 authenticis

534 4739 747 4802 documentis
768 4741 856 4802 nobis
875 4741 1031 4818 exhibitis,
1046 4759 1079 4804 ac
1093 4759 1149 4821 per
1163 4744 1300 4806 visuram

552 4833 634 4894 veris
655 4833 787 4910 repertis
817 4835 961 4909 narratis,
985 4844 1051 4914 1331
1079 4844 1232 4900 3313333
1254 4841 1299 4898 331

552 4925 789 5001 discussionem,
822 4929 1002 4990 auctoritate
1034 4930 1211 5007 apostolica,
1240 4947 1298 5008 qua

552 5017 716 5094 fungimur
737 5019 770 5080 in
792 5019 847 5081 hac
874 5028 972 5099 porte,
995 5022 1099 5083 omnia
1125 5031 1157 5084 ct
1176 5023 1299 5100 singula

552 5117 616 5172 acta
637 5117 668 5172 et
688 5111 856 5190 scripturas
876 5121 907 5175 et
929 5113 1137 5177 instrumenta
1162 5116 1298 5178 donatio-

551 5219 640 5278 num,
663 5206 910 5281 concessionum,
931 5207 1087 5270 unionnm
1108 5215 1140 5269 et
1160 5209 1300 5288 incorpo-

550 5297 710 5358 rationum
731 5299 886 5376 praedicto
907 5299 1037 5378 collegio
1058 5307 1088 5362 et
1105 5301 1299 5364 universitati

551 5409 567 5452 a
589 5397 747 5454 conventu
769 5392 800 5455 S.
817 5392 899 5455 Petri
920 5393 1062 5471 Martyris
1078 5394 1212 5457 civitatis
1227 5396 1299 5471 Oui-

551 5486 648 5546 tensis
677 5491 708 5546 et
735 5501 750 5544 a
782 5485 915 5563 capitulo
947 5488 1127 5565 provinciali
1159 5489 1297 5551 eiusdem

551 5579 729 5658 provinciae
749 5595 782 5640 ac
803 5580 940 5656 generali
971 5581 1064 5643 totius
1092 5581 1214 5644 Ordinis
1238 5583 1297 5643 fra·

550 5671 713 5750 tribusque
733 5672 967 5749 particularibus
982 5673 1015 5734 in
1031 5673 1198 5736 utilitatem
1212 5691 1298 5754 prae-

551 5763 624 5826 dicti
651 5765 775 5841 collegii
799 5771 831 5827 et
855 5764 937 5828 iliius
966 5766 1182 5830 fundationem
1209 5769 1298 5830 facta·

457 5873 460 5878 ·
550 5873 623 5920 rum
643 5865 675 5919 et
697 5858 929 5936 applicatarum,
951 5875 967 5920 a
989 5861 1038 5923 die
1058 5875 1149 5921 xvrrr.
1173 5862 1296 5938 augusti

553 5965 729 6014 uoccxxxr.
747 5953 896 6030 usquead
912 5960 1108 6032 praesentem
1118 5954 1211 6027 diem,
1224 5971 1296 6018 cum

1074 615 1138 660 ltin.
1163 616 1253 660 ΡΟΝΤ.
1277 615 1318 660 bb
1339 615 1368 658 Ρ.
1393 617 1421 660 F.
1446 615 1528 660 PARS
1551 614 1571 657 l.

1351 733 1415 794 suis
1435 731 1580 794 clausulis
1601 738 1632 792 et
1653 730 1881 794 conditionibus
1902 732 2099 809 13331333-

1352 823 1644 901 113,333111331331
1672 823 1889 886 instrumentis
1920 823 2098 887 huiusmodi

1352 916 1565 991 continentur,
1587 931 1724 994 quorum
1745 923 1870 978 tenores
1891 917 1996 978 haberi
2012 917 2101 980 volu-

1353 1026 1422 1072 mus
1443 1006 1493 1071 hic
1514 1026 1571 1088 pro
1585 1011 1746 1088 expressis,
1763 1009 1967 1088 approbamus
1982 1018 2013 1072 et
2027 1027 2100 1074 con-

1354 1105 1526 1178 firmamus,
1549 1103 1708 1165 laudamus
1739 1120 1772 1165 ac
1803 1103 1922 1166 roboris
1954 1105 2100 1167 firmitate

1353 1197 1526 1270 3331333,
1543 1196 1664 1259 3113331
1679 1197 1711 1256 13
1727 1197 1788 1258 11113
1802 1206 1940 1259 servatae
1955 1213 2018 1260 non
2033 1198 2100 1261 fue-

1352 1290 1417 1350 rint
1438 1290 1648 1352 solemnitates
1669 1307 1685 1350 a
1706 1290 1799 1352 sacris
1818 1289 1987 1352 canonibus
2001 1298 2031 1352 et
2046 1291 2101 1354 Or-

1351 1382 1432 1444 dinis
1458 1383 1552 1460 ipsius
1577 1383 1851 1446 constitutionibus
1878 1384 2097 1459 demandatae;

1352 1477 1512 1553 quoniam,
1535 1478 1570 1538 ad
1591 1477 1730 1538 validum
1745 1477 1925 1540 earumdem
1940 1477 2098 1550 effectum,

1352 1569 1535 1630 auctoritate
1566 1585 1667 1631 sacrae
1698 1569 1965 1646 congregationis,
1994 1569 2027 1630 in
2056 1569 2100 1631 eis

1352 1661 1575 1739 dispensamus,
1591 1668 1622 1722 et
1640 1671 1701 1723 tarn
1717 1661 1864 1723 fratribus
1878 1661 1951 1724 dicti
1966 1677 2100 1725 conven-

1355 1760 1404 1815 tus
1425 1753 1457 1816 S.
1481 1754 1563 1816 Petri
1590 1755 1747 1832 Martyris,
1774 1755 1904 1834 eiusque
1924 1763 1956 1818 et
1976 1756 2102 1835 provin·

1354 1849 1418 1910 3133
1440 1847 1589 1925 133313113,
1609 1855 1640 1910 31
1661 1848 1872 1926 superioribus
1887 1849 2100 1926 praesentibus

1354 1949 1385 2002 et
1406 1940 1530 2016 futuris,
1553 1957 1646 2019 quarn
1674 1939 1834 2018 quibusvis
1866 1941 1932 2004 aliis
1960 1943 2101 2021 personis

1353 2035 1498 2095 adversus
1520 2033 1586 2095 illas
1607 2034 1736 2095 omnino
1765 2035 1932 2096 reclamare
1959 2035 2101 2113 prohibe·

1354 2141 1439 2204 mus;
1472 2134 1615 2204 ratasque
1644 2128 1792 2190 hahentes
1823 2143 1931 2190 omnes
1963 2127 2102 2191 licentias

1353 2233 1408 2297 per
1438 2221 1613 2298 superiores
1644 2221 1765 2284 Ordinis
1791 2229 1822 2284 et
1847 2221 1979 2300 capitula
2009 2238 2101 2301 supra

1353 2314 1515 2376 enunciata
1538 2314 1570 2375 in
1592 2315 1723 2391 gratiam
1744 2314 1885 2376 eiusdem
1909 2315 2030 2392 collegii
2052 2317 2101 2379 da-

1353 2416 1399 2470 tas
1420 2417 1513 2487 atque
1533 2423 1700 2482 concessas,
1724 2408 1803 2470 bona
1825 2409 1930 2470 omnia
1953 2416 2016 2472 tam
2036 2424 2103 2471 mo-

1352 2502 1423 2564 bilia
1446 2517 1537 2580 quam
1571 2501 1740 2562 immobilia
1772 2503 1914 2578 superius
1945 2519 2098 2581 expressa,

1353 2603 1512 2676 tamquam
1531 2593 1611 2656 bona
1631 2595 1712 2657 dicto
1732 2593 1862 2672 collegio
1880 2597 1916 2657 ad
1932 2596 2017 2658 illius
2032 2597 2103 2660 fun·

1353 2689 1528 2764 dationem,
1560 2689 1791 2750 moderatorum
1821 2690 2101 2766 sustentationem,

1352 2781 1562 2861 professorum
1589 2781 1760 2858 theologiae
1782 2787 1813 2843 et
1840 2783 2005 2861 utriusque
2027 2783 2103 2845 iuris

1353 2873 1631 2938 cathedraticorurn
1652 2875 1924 2936 manutentionem
1940 2876 2100 2953 destinata,

1354 2968 1512 3047 applicata,
1546 2969 1750 3048 incorporata,
1784 2968 1880 3043 unita,
1903 2969 2050 3031 attributa
2071 2977 2103 3032 et

1353 3061 1511 3140 acquisita,
1535 3061 1673 3136 alienari,
1697 3061 1824 3123 distrahi
1843 3069 1874 3124 et
1886 3061 2019 3140 separavi
2036 3077 2103 3140 pos·

1352 3169 1397 3229 se,
1424 3153 1619 3216 alienationis
1650 3155 1742 3215 etiam
1773 3153 1922 3217 vocabulo
1954 3153 2102 3216 latissime

1353 3254 1488 3326 sumpto,
1521 3261 1719 3325 quocumque
1749 3253 1924 3325 praetextu,
1947 3246 2104 3309 interdici·

1354 3357 1436 3414 mus,
1451 3340 1508 3402 sub
1522 3341 1630 3418 poenis
1647 3348 1752 3402 contra
1768 3339 1938 3404 alienantes
1952 3339 2031 3402 bona
2048 3339 2102 3402 Ec-

1354 3433 1464 3496 clesiae
1484 3449 1500 3493 a
1521 3434 1613 3496 sacris
1644 3431 1814 3495 canonibus
1835 3440 1866 3496 31
1887 3433 1959 3496 11311
1980 3431 2101 3496 Ordinis

2129 591 2184 645 An.
2198 591 2233 645 O.
2258 587 2333 638 1688

1353 3526 1628 3590 constitutionibus
1640 3525 1762 3588 indictis
1773 3525 2022 3588 etcomminatis.
2033 3526 2104 3602 Qui·
2206 3555 2208 3560 v

1353 3622 1547 3698 buscumque
1563 3619 1596 3684 in
1612 3619 1803 3682 contrarium
1818 3634 1881 3680 non
1896 3619 2100 3683 obstantibus.

1353 3715 1466 3776 Datum
1479 3730 1519 3774 ex
1534 3713 1659 3776 aedibus
1674 3714 1787 3775 nostris
1802 3713 1857 3775 hac
1871 3713 1921 3775 die
1935 3727 2003 3774 xrx.
2022 3729 2103 3776 mar-

1353 3807 1388 3868 tii
1407 3821 1628 3868 uncuxxxvnr.
1647 3806 1784 3868 Palutius
1799 3805 1968 3868 cardinalis
1984 3807 2027 3868 On
2044 3809 2100 3868 ht·

1354 3917 1459 3962 runns
1481 3909 1636 3980 protector
1651 3917 1679 3958 ».

1393 3995 1462 4069 52.
1487 3995 1567 4058 Cum
1598 4001 1714 4068 autem,
1743 3995 1822 4056 sicut
1843 3994 1943 4058 dictus
1964 3973 2102 4071 ignatius
2135 4001 2272 4046 coorstum
2283 4009 2348 4048 333·

1353 4089 1439 4167 13133
1470 4089 1558 4150 33113
1584 4103 1685 4166 nuper
1711 4088 1824 4166 exponi
1851 4088 1936 4164 fecit,
1965 4089 2030 4167 ipse

1353 4191 1474 4245 cretum
1502 4182 1691 4257 huiusmodi,
1717 4197 1779 4260 quo
1807 4182 1928 4244 firmins
1958 4181 2103 4244 subsistat

1354 4283 1385 4337 et
1405 4283 1549 4338 servetur
1569 4275 1717 4350 exactius,
1737 4274 1918 4354 apostolicae
1939 4276 2103 4337 confirma·

1355 4369 1447 4430 tionis
1469 4376 1591 4430 nostrae
1611 4368 1780 4446 patrocinio
1806 4368 1995 4430 communiri
2019 4383 2103 4430 surn-

1354 4477 1480 4540 mopere
1511 4461 1682 4524 desideret:
1717 4476 1783 4538 nos,
1817 4462 1919 4540 ipsum
1947 4461 2103 4538 ignatium

1354 4561 1585 4632 procuratorem
1603 4555 1784 4632 specialibus
1805 4553 1960 4618 favoribus
1982 4563 2013 4618 et
2034 4569 2103 4632 gra-

1354 4648 1403 4710 tiis
1425 4649 1569 4726 prosequi
1597 4649 1750 4724 volentes,
1778 4656 1809 4710 31
1831 4665 1846 4708 3
1868 4649 2029 4727 quibusvis
2051 4663 2102 4712 ex·

1354 4741 1655 4818 communicationis,
1678 4742 1888 4821 suspensionis
1909 4751 1941 4804 et
1955 4743 2102 4806 interdic·

1355 4833 1389 4908 ti,
1411 4834 1542 4913 aliisque
1562 4833 1773 4897 ecclesiasticis
1794 4835 1968 4910 sententiis,
1993 4851 2102 4899 censu·

1353 4926 1396 4986 ris
1419 4933 1449 4988 et
1470 4927 1578 5005 poenis
1599 4945 1615 4988 a
1637 4929 1706 4990 iure
1727 4928 1777 4989 vol
1798 4927 1835 4989 ab
1853 4929 1980 4991 homine
1994 4929 2103 5007 quavis

1353 5019 1512 5081 occasione
1532 5019 1582 5081 vol
1604 5020 1692 5082 causa
1724 5020 1807 5096 latis,
1839 5022 1865 5084 si
1894 5021 2006 5100 quibus
2027 5037 2102 5100 quo·

1354 5110 1521 5175 modolibet
1552 5113 1717 5177 innodatus
1749 5114 1865 5190 existit,
1894 5115 1930 5176 ad
1956 5114 2103 5177 effectum

1353 5207 1564 5284 praesentium
1586 5209 1745 5270 dumtaxat
1766 5209 2031 5286 consequendum,
2051 5209 2102 5269 ha·

1353 5315 1425 5361 rum
1455 5299 1536 5362 serie
1566 5301 1759 5364 absolventes
1786 5309 1818 5362 et
1839 5301 2015 5364 absolutum
2036 5301 2102 5363 fore

1353 5401 1534 5469 censentes,
1565 5394 1841 5472 supplicationibus
1873 5395 1939 5456 eius
1970 5394 2102 5457 nomine

1353 5487 1440 5549 nobis
1461 5503 1554 5566 super
1575 5487 1633 5550 boc
1653 5487 1817 5549 humiliter
1844 5487 1990 5566 porrectis
2012 5487 2101 5550 incli-

1352 5580 1428 5654 nati,
1451 5581 1678 5658 praeinsertum
1699 5580 1772 5643 dicti
1794 5581 1903 5644 Palutii
1929 5581 2101 5645 cardinalis

1351 5675 1532 5753 protectoris
1550 5675 1721 5749 decretum,
1738 5674 1905 5752 omniaque
1924 5682 1956 5736 et
1977 5674 2101 5752 singula

1351 5767 1384 5829 in
1405 5781 1442 5829 eo
1463 5775 1619 5842 contenta,
1641 5767 1822 5830 auctoritate
1850 5767 1955 5829 nostra
1982 5775 2102 5846 aposto·

1352 5861 1419 5936 lice,
1443 5867 1552 5922 tenore
1579 5859 1802 5938 praesentium,
1824 5861 2049 5924 confirmamus
2070 5869 2101 5923 et

1352 5953 1566 6034 approbamus,
1589 5953 1698 6033 illique
1720 5953 1905 6016 inviolabilis
1919 5954 2100 6034 apostolicae

2051 4087 2102 4151 de·
2122 4053 2214 4102 133331
