4848 6990
231 5515 232 5518 ,
326 5473 376 5517 tur.

339 570 393 628 An.
408 574 438 627 O.
460 575 529 628 1694
581 573 638 640 1118

557 721 673 788 essent,
694 729 749 792 pro
770 713 863 792 plene
883 719 914 775 et
941 711 1132 774 sufficienter
1153 707 1303 788 expressis

558 805 722 884 babemus)
741 807 922 885 plenissime
937 813 968 867 et
986 804 1187 884 amplissime,
1203 810 1302 876 motu,

557 899 684 961 scientib
705 905 736 961 et
757 899 915 977 potestatis
930 897 1124 977 plenitudine
1138 895 1302 968 similibus,

557 989 752 1066 derogamus,
776 998 807 1052 et
828 990 1012 1068 derogatum
1033 1004 1099 1051 esse
1113 987 1258 1050 volumus
1272 993 1303 1048 et

556 1083 757 1158 mandumuS,
785 1083 846 1145 illis
867 1084 939 1145 aliis
968 1083 1001 1144 lu
1021 1098 1078 1144 suo
1104 1081 1216 1144 robore
1236 1095 1303 1158 per·

556 1177 726 1254 mansuris3
749 1193 793 1252 ac,
816 1192 1046 1254 quamcumque
1061 1175 1251 1248 instantiam,
1264 1174 1303 1234 si-

498 1287 501 1300 ·
556 1285 596 1330 ve
617 1270 747 1346 gradum
768 1269 991 1348 cuiuscumque
1018 1268 1231 1348 appellationis
1253 1267 1304 1328 vel

556 1361 700 1426 recursits
721 1379 823 1424 coram
851 1363 1076 1441 protectoribus
1096 1377 1151 1423 seu
1176 1363 1212 1423 ad
1234 1377 1303 1440 pro·

556 1461 689 1518 tectores
709 1455 888 1518 huiusmodi
915 1461 1124 1530 removentes,
1147 1455 1302 1528 tollentes,

556 1564 611 1610 seu
642 1556 831 1623 recusantes,
864 1563 1093 1627 quamcumque
1124 1548 1303 1610 instantiam

556 1649 649 1720 prout
664 1643 702 1704 de
722 1643 790 1705 iure
805 1650 835 1704 et
850 1643 935 1703 iuxta
956 1642 1078 1706 Ordinis
1098 1641 1241 1703 instituta
1256 1655 1302 1702 re-

556 1737 747 1816 linquimus,
777 1743 807 1798 et
838 1736 1061 1813 cuiuscumque
1090 1733 1304 1812 appellationis

557 1845 612 1892 seu
633 1827 776 1892 recursds
797 1830 940 1906 gradum,
963 1843 1056 1908 quem
1077 1827 1209 1904 siugulis
1232 1827 1302 1890 car-

557 1921 711 1984 dinalibus
730 1921 955 2000 protectoribus
970 1929 1077 1982 tenore
1092 1920 1301 1999 praesentium

557 2015 689 2078 omnino
710 2024 741 2078 et
762 2013 901 2078 absolute
932 2014 1114 2088 adimimus,
1137 2013 1210 2091 ipsis
1232 2013 1302 2074 car-

557 2109 711 2172 dinalibus
732 2107 862 2170 insimul
885 2115 988 2170 tamen
1007 2105 1304 2182 incongregatione

558 2201 690 2277 negotiis
718 2207 748 2262 et
778 2201 1056 2264 consultationibus
1078 2199 1304 2278 cpiscoporum

557 2301 589 2354 et
609 2293 813 2370 llegularium
844 2293 1013 2372 praepositi
1043 2289 1304 2354 convenientibus

557 2387 737 2449 earumdem
748 2393 857 2449 tenore
871 2386 1083 2464 praesentium
1098 2384 1303 2458 restituimus,

557 2481 766 2554 concedimus,
784 2480 951 2542 tribuimus
968 2487 1000 2542 et
1022 2477 1232 2556 impartimur,
1248 2492 1303 2538 seu

557 2573 663 2656 verius
684 2580 855 2651 utrumque
876 2589 931 2636 seu
953 2572 1109 2651 duplicem
1130 2568 1305 2648 appellatio-

557 2666 607 2728 nis
627 2665 769 2742 gradum,
792 2665 846 2743 qui
867 2681 961 2744 super
980 2663 1153 2744 praemissis
1167 2663 1253 2742 prius
1268 2663 1304 2724 ad

558 2759 734 2822 cardinales
755 2767 943 2838 protectores
964 2757 1125 2836 praefatos,
1141 2765 1173 2818 et
1186 2771 1304 2818 succes-

556 2852 623 2914 sive
644 2853 695 2915 vel
715 2854 898 2932 respective,
921 2852 1033 2914 omisso
1055 2851 1169 2926 medio,
1185 2851 1220 2911 ad
1239 2865 1304 2912 me·

556 2954 707 3008 moratam
730 2947 1012 3024 congregationem
1044 2945 1303 3018 devolvebantur,

556 3039 591 3102 iu
606 3039 711 3102 eadem
726 3039 975 3116 congregatione
996 3037 1234 3112 consolidamus,
1250 3050 1305 3096 an·

557 3132 713 3194 nectimus
734 3139 765 3195 et
787 3133 933 3208 unimus,
955 3139 988 3194 et
1009 3133 1045 3195 ad
1077 3146 1178 3192 uuum
1198 3129 1303 3206 cogni-

558 3225 652 3288 tionis
666 3241 721 3290 seu
736 3225 949 3304 appellationis
970 3224 1099 3302 gradum
1114 3223 1301 3287 reducimus.

378 3310 541 3356 Revocantur

326 3361 360 3408 a,
379 3373 472 3408 navam
491 3362 540 3407 m„
599 3319 618 3393 ἓ
638 3319 668 3380 8.
690 3319 735 3383 rld
757 3319 848 3394 haec,
871 3335 944 3382 cum
970 3318 1083 3396 pariter
1105 3333 1143 3379 ex
1163 3316 1303 3391 indultis,

326 3425 395 3462 mam
406 3419 542 3512 ¹catalecto·
559 3409 730 3488 privilegiis
751 3427 807 3473 seu
827 3409 1100 3473 constitutionibus
1121 3406 1304 3485 apostolicis,

326 3468 541 3586 {fiffueafflridiff
560 3503 610 3564 vel
631 3519 669 3564 ex
690 3503 819 3580 regulis,
835 3503 958 3565 statutis
975 3519 1030 3565 seu
1045 3500 1304 3576 ordinationibus,

326 3575 541 3686 {2¹„⁸,¹,¹(1‘¹,†¹⁰⁸⁶⁰'
558 3598 626 3658 sive
640 3611 679 3658 ex
699 3597 805 3659 usibus
820 3603 850 3659 et
865 3595 1153 3669 consuetudinibus,
1169 3593 1220 3657 vel
1234 3593 1306 3654 alids

558 3688 807 3766 quoquomodo,
830 3688 929 3766 aliqua
951 3687 1121 3750 nonnullos
1142 3686 1304 3764 praelatos

557 3781 743 3859 superiores,
765 3797 819 3843 seu
835 3781 909 3842 alios
924 3782 956 3842 in
976 3779 1128 3858 aliquibus
1143 3779 1305 3843 Ordinibus

558 3871 693 3950 eligendi
713 3891 768 3936 seu
793 3873 980 3952 deputandi,
1003 3873 1053 3934 vel
1079 3872 1136 3934 alia
1165 3887 1305 3950 quaeque

558 3965 683 4028 facultas
704 3983 758 4029 seu
781 3967 944 4029 auctoritas
965 3965 1119 4028 nonnulla
1140 3979 1305 4043 quaecum·

558 4077 619 4139 que
640 4061 779 4138 gerendi,
802 4059 1030 4136 committendi,
1052 4060 1229 4136 mandandi,
1254 4060 1304 4122 de-

557 4153 723 4216 mandandi
743 4167 799 4216 seu
820 4153 996 4228 ordinandi,
1022 4154 1164 4231 praefatis
1185 4161 1303 4232 protec-

558 4245 676 4307 toribus
706 4261 762 4308 seu
792 4245 947 4324 aliquibus
972 4261 1083 4310 eorum
1114 4245 1305 4324 quomodoli-

558 4337 609 4400 bet
630 4337 788 4413 attributa,
811 4339 985 4414 commissa,
1008 4337 1233 4413 commendata,
1250 4355 1305 4401 seu

557 4429 738 4492 demandata
759 4429 933 4508 specialiter
954 4430 1004 4492 vel
1026 4431 1214 4506 generaliter
1233 4446 1307 4492 con·

558 4531 604 4584 tra
625 4521 757 4584 formam
778 4524 984 4601 praefatarum
1011 4523 1152 4600 Gregorii
1173 4531 1204 4584 et
1226 4523 1304 4587 Sixti

557 4617 826 4694 praedecessorum
837 4615 1011 4680 litterarum
1023 4619 1147 4679 existat:
1165 4615 1239 4679 binc
1250 4633 1307 4677 nos

557 4707 735 4771 huiusmodi
747 4709 914 4772 electiones
923 4725 978 4772 scu
990 4712 1205 4790 deputationes
1219 4710 1254 4771 ad
1270 4709 1307 4770 li·

558 4803 650 4866 mites
664 4819 823 4866 sacrorum
836 4819 994 4867 canonum
1011 4821 1066 4867 seu
1080 4805 1260 4882 regularum
1275 4813 1306 4866 et

558 4897 705 4971 instituti,
719 4897 769 4959 vel
783 4899 818 4960 ad
834 4900 962 4962 modum
977 4907 1007 4960 et
1021 4898 1152 4960 formam
1168 4897 1199 4960 in
1212 4899 1307 4960 comi-

559 4989 609 5051 tiis
624 4989 819 5066 generalibus
833 5007 887 5053 seu
900 5005 954 5069 per
969 5006 1024 5052 nos
1039 4991 1220 5054 auctoritate
1234 5007 1305 5070 apo-

558 5082 662 5144 stolici
683 5085 884 5146 statuendum
905 5091 937 5146 et
956 5086 1162 5160 statuendam,
1185 5087 1305 5146 reduci-

559 5177 1301 5252 mus,ctreductasessevolumusetmaudamus.

326 5319 385 5356 rum
405 5257 541 5356 ,ξζξῖξξξξς
599 5272 618 5346 5
638 5269 668 5332 9.
690 5270 755 5346 Quo
776 5286 851 5332 vero
872 5271 907 5332 ad
930 5281 1041 5348 cetera,
1058 5272 1235 5335 facultatem
1249 5290 1305 5336 seu

326 5363 541 5465 ffiffifffflflflin:
559 5365 785 5440 atteteritatem,
808 5381 901 5443 quam
923 5365 1032 5428 iisdem
1048 5367 1180 5444 siugulis
1203 5367 1304 5430 cardi-

559 5457 680 5520 nalibus
701 5457 927 5536 protectoribus
943 5459 975 5519 in
990 5460 1166 5538 praemissis
1181 5469 1212 5522 et
1225 5461 1306 5523 circa

558 5567 593 5612 ea
614 5551 738 5630 penitus
759 5551 937 5628 adimimus,
956 5554 1138 5616 eorumdem
1160 5553 1304 5616 cardina-

558 5643 636 5705 lium
669 5645 986 5722 Congregationibus,
1023 5647 1108 5708 iuxta
1140 5647 1306 5710 cuiuslibet

559 5738 813 5814 congregationis
827 5739 996 5816 facultates,
1009 5755 1145 5817 congrua
1158 5741 1305 5818 congruis

507 5897 511 5905 ,
558 5829 739 5908 referende,
762 5831 905 5895 similiter
933 5833 1139 5910 restituimus,
1165 5835 1304 5898 concedi·

558 5940 640 6000 mus,
663 5924 830 5990 tribuimus
850 5931 882 5988 et
903 5927 1117 6006 impartimur;
1139 5915 1305 5992 111111111-

1077 592 1142 636 luit.
1166 591 1257 636 bour.
1281 590 1323 634 ult
1343 591 1372 635 P·
1397 589 1426 634 F·
1451 591 1534 636 PARS
1555 591 1577 635 1.

2149 565 2205 624 An.
2218 569 2248 624 O.
2268 571 2331 627 test

1359 721 1431 768 men
1444 707 1657 769 moderatione
1670 724 1724 770 seu
1739 707 1954 782 declaratione,
1971 713 2006 769 ut
2022 719 2119 784 prae-

1358 798 1436 861 latae
1450 801 1707 876 congregationes
1721 802 1754 862 in
1771 801 1830 862 illis
1844 803 2016 875 dumtaxat,
2031 813 2118 877 quae

1358 893 1392 954 ad
1415 901 1604 971 protectores
1626 895 1802 958 huiusmodi
1824 912 1862 958 ex
1876 891 2117 957 constitutioni-

1359 987 1415 1047 bus
1436 995 1467 1050 et
1493 987 1740 1050 ordinationibus
1771 987 1958 1066 apostolicis,
1991 1004 2051 1050 seu
2074 1000 2117 1048 ex

1358 1081 1493 1155 statutis,
1507 1081 1624 1156 regulis
1638 1082 1689 1144 vel
1710 1081 1986 1144 constitutionibus
2006 1080 2116 1142 cuius-

1358 1171 1434 1234 libet
1448 1175 1618 1251 respective
1632 1175 1766 1250 Ordinis,
1783 1191 1845 1236 nun
1861 1181 1966 1236 autem
1981 1189 2020 1236 ex
2035 1189 2114 1246 usu,

1359 1267 1594 1344 consuetudine,
1612 1269 1662 1330 vel
1682 1269 1755 1330 atlas
1769 1274 1955 1346 spectarent,
1975 1268 2043 1331 loco
2059 1281 2115 1326 eo

1359 1358 1501 1420 rumdem
1524 1368 1736 1439 protectorum
1757 1362 1969 1438 subrogentur
1990 1369 2021 1424 et
2036 1359 2116 1422 sub-

1358 1458 1483 1527 rogatae
1504 1453 1568 1515 sint
1589 1463 1620 1515 et
1642 1454 1870 1532 intelligantur.

1398 1545 1417 1618 §
1441 1543 1486 1606 lO.
1510 1547 1584 1620 Quia
1606 1562 1681 1608 vero
1694 1563 1786 1625 saepe
1799 1547 1919 1625 saepius
1938 1545 2112 1622 contingit,
2173 1557 2342 1616 congregauo-

1359 1644 1393 1699 ut
1414 1637 1447 1698 in
1469 1639 1567 1702 causis
1587 1656 1642 1701 seu
1664 1641 1809 1716 negotiis,
1833 1656 1911 1718 quae
1932 1640 1966 1701 iu
1987 1653 2113 1700 memo·
2133 1619 2343 1717 ξξῇξὴξξῧῑρῗξζ

1359 1731 1431 1792 ratis
1452 1729 1604 1793 dictorum
1624 1733 1835 1796 cardinalium
1851 1729 2114 1810 congregationi·
2131 1720 2341 1824 ffibrva⁰¹xffil

1358 1824 1415 1887 bus
1435 1835 1670 1903 proponuntur,
1693 1827 1876 1906 exquiratur
1899 1841 1993 1905 super
2013 1840 2111 1904 expo·
2131 1828 2277 1930 ffifflggaff
2320 1840 2342 1880 at

1358 1918 1425 1980 sitis
1446 1919 1641 1994 informatio,
1664 1938 1697 1982 ac
1725 1919 1983 2000 quandocumque
2010 1920 2112 1982 etiam
2239 1894 2253 1930 ⁰
2274 1895 2317 1934 ‘⁰¹'

1359 2019 1481 2088 votum,
1496 2028 1551 2074 seu
1571 2013 1731 2090 delegetur
1745 2013 1954 2076 resolutorum
1969 2029 2112 2092 exequu-

1360 2105 1413 2180 tio,
1436 2104 1577 2167 eamdem
1605 2107 1838 2184 proportionem
1859 2123 1914 2170 seu
1935 2107 2110 2170 distinctio·

1359 2213 1444 2272 nem,
1460 2213 1554 2275 quam
1569 2198 1796 2276 praemisimus,
1812 2200 1905 2261 etiam
1921 2201 1953 2261 in
1968 2199 2025 2263 bac
2039 2217 2113 2279 par-

1358 2297 1390 2351 te
1410 2290 1527 2352 servari
1549 2292 1749 2366 mandamus,
1772 2301 1808 2354 ut
1830 2293 1980 2356 nimirum
2001 2294 2034 2355 iu
2057 2309 2112 2355 re-

1357 2381 1559 2461 spicientibus
1587 2392 1688 2447 totum
1717 2384 1866 2448 Ordinem
1893 2394 2111 2464 protectorum

1358 2493 1450 2538 curae
1472 2485 1506 2539 ut
1527 2478 1701 2556 praefertur
1723 2480 1894 2542 commissis
1908 2496 1964 2541 seu
1978 2479 2109 2556 relictis,

1358 2567 1467 2630 lisdem
1489 2571 1731 2648 protectoribus3
1755 2573 1785 2632 in
1808 2571 1917 2633 ceteris
1939 2587 2014 2635 vero
2033 2571 2111 2634 casi-

1359 2660 1414 2723 bus
1436 2669 1467 2724 11
1489 2663 1634 2739 negotiis,
1647 2664 1799 2743 superiori
1814 2664 1951 2741 generali
1967 2680 2023 2726 seu
2038 2679 2110 2744 pro-

1357 2755 1492 2816 curatori
1524 2757 1680 2832 generali,
1703 2763 1735 2820 et
1763 2759 1795 2820 in
1823 2767 1957 2836 utroque
1987 2774 2042 2820 seu
2064 2757 2109 2818 al-

1358 2855 1479 2912 terutro
1510 2867 1596 2925 casu,
1629 2851 1721 2912 etiam
1753 2852 2011 2928 congregationi,
2039 2852 2110 2915 sive

1358 2941 1586 3018 assistentium,
1614 2943 1680 3004 sive
1701 2944 1919 3020 definitorum,
1947 2945 2014 3006 sive
2034 2961 2111 3007 con-

1357 3035 1524 3110 sultorum,
1536 3036 1603 3096 sive
1617 3036 1706 3098 aliter
1720 3035 2011 3116 quomodocumque
2025 3053 2111 3100 nuu-

1358 3135 1496 3206 cupatae,
1512 3127 1562 3191 bic
1577 3130 1610 3190 iu
1625 3129 1708 3192 Urbe
1729 3130 1780 3192 vel
1794 3131 1827 3190 iu
1842 3130 1901 3192 alio
1922 3131 2026 3192 ltaliae
2040 3131 2109 3194 loco

1358 3219 1517 3296 existenti,
1533 3223 1565 3284 in
1580 3237 1640 3299 qua
1655 3221 1781 3284 Ordinis
1796 3223 1920 3300 negotia
1935 3230 2110 3286 tractantur

1358 3329 1413 3374 seu
1429 3314 1551 3376 tractari
1566 3314 1668 3376 solent
1679 3315 1729 3376 vel
1745 3315 1869 3391 debent,
1882 3324 1913 3378 et
1924 3317 2023 3394 quoad
2038 3316 2110 3378 illos

1359 3405 2109 3485 Ordines‚inquibusbuiusmodiinsimuletcon-

1360 3497 1448 3560 tinue
1469 3499 1658 3562 conveniens
1681 3502 1879 3578 congregatio
1898 3517 1962 3564 uon
1984 3501 2107 3578 existit,

1357 3607 1412 3652 seu
1425 3592 1603 3667 existit,sed
1616 3599 1702 3654 extra
1714 3593 1843 3670 ltaliam,
1852 3595 1953 3656 eidem
1964 3611 2109 3674 procura·

1359 3683 1418 3744 tori
1441 3684 1594 3760 generali,
1617 3685 1668 3747 vel
1688 3685 1763 3762 soli,
1787 3687 1837 3748 vel
1862 3687 1991 3749 insimul
2014 3688 2108 3749 etiam

1359 3776 1520 3838 nonnullis
1541 3777 1607 3838 aliis
1635 3779 1775 3840 eiusdem
1796 3779 1919 3842 Ordinis
1939 3781 2107 3858 superiori-

1358 3868 1415 3929 bus
1435 3883 1490 3929 scu
1512 3869 1664 3947 praelatis,
1688 3872 1811 3932 tametsi
1832 3873 1865 3933 in
1886 3873 2017 3934 diversis
2033 3874 2107 3936 locis

1357 3961 1391 4022 in
1413 3961 1497 4023 ltalif
1517 3977 1573 4024 seu
1594 3969 1681 4024 extra
1696 3979 1765 4025 eam
1785 3966 1957 4042 respective
1971 3973 2006 4028 ut
2022 3982 2108 4044 prae

1357 4053 1459 4116 fertur
1480 4057 1754 4132 commorantibus,
1776 4057 1905 4119 arbitrio
1919 4074 2041 4138 semper
2056 4077 2110 4121 cu-

1358 4147 1482 4210 iuslibet
1504 4165 1542 4211 ex
1563 4149 1704 4228 praefatis
1734 4150 1943 4213 Cardiualium
1972 4153 2107 4229 congre-

1359 4241 1554 4317 gationibus,
1578 4241 1663 4304 iuxta
1686 4258 1810 4318 rerum,
1834 4242 1970 4306 locorum
1994 4253 2025 4306 et
2039 4261 2109 4324 per-

1358 4353 1505 4398 sonarum
1516 4337 1678 4415 qualitates
1689 4345 1719 4400 et
1731 4339 1977 4402 circumstantias
1988 4357 2108 4420 respec-

1361 4429 1436 4504 1111,
1459 4429 1638 4492 informatio
1660 4437 1691 4492 et
1713 4438 1840 4507 votum,
1864 4440 1899 4494 ut
1920 4433 2106 4510 praefertur,

1360 4538 1483 4584 necnon
1495 4526 1663 4602 exequutio
1677 4525 1867 4600 huiusmodi,
1883 4541 2020 4604 congrua
2035 4544 2109 4590 con·
2134 4537 2140 4552 '

1359 4616 1445 4692 gruis
1456 4615 1632 4692 referendo,
1644 4625 1675 4680 et
1686 4620 1806 4680 servatd
1818 4621 1997 4698 ceteroquin
2009 4621 2108 4698 quoad

1358 4708 1498 4786 singulos
1524 4710 1653 4773 Ordines
1674 4711 1774 4774 forma
1799 4713 1940 4790 propriae
1968 4714 2105 4790 regulae,

1358 4809 1558 4880 statutorum,
1570 4820 1625 4865 seu
1647 4805 1794 4881 instituti,
1817 4805 2009 4884 remittatur,
2024 4807 2107 4870 dele·

1359 4903 1451 4972 getur
1471 4911 1527 4958 seu
1547 4899 1771 4961 committatur.
2393 4955 2394 4962 ,

1398 4991 1418 5064 5
1440 4987 1488 5050 ll.
1506 4989 1736 5069 Perpendentes
1747 4994 1840 5055 etiam
1851 4995 2035 5058 christianae
2046 4994 2106 5058 rei·
2165 5027 2291 5074 moggo,
2305 5024 2328 5066 ,ι
2393 4991 2394 5064 l

1359 5082 1498 5161 publicae
1518 5101 1590 5163 prae
1602 5087 1713 5148 ceteris
1734 5089 1879 5166 expedire
1893 5097 1929 5151 ut
1942 5089 2106 5153 Ordinibus
2124 5081 2225 5128 l⁰⁰²¹⁰⁵
2239 5081 2265 5126 1¹¹
2275 5075 2326 5122 ⁶¹⁰⁰·

1359 5177 1553 5254 regularibus
1582 5181 1708 5260 praelati
1737 5181 1910 5260 inculpatae
1937 5182 2018 5243 vitae
2041 5195 2105 5244 mo·
2123 5134 2326 5244 {¹32¹hffi,{,¹g¹,¹{¹,⁸,'

1358 5287 1493 5349 rumque
1508 5273 1698 5350 integritate,
1715 5275 1894 5350 virtutibus,
1911 5277 2042 5352 meritis,
2058 5291 2107 5338 re
2124 5245 2268 5344 ‘t³v}1{‘r't¹a¹a*r¹1²c¹.¹⁵
2277 5247 2325 5285 Μ’

1358 5381 1494 5445 rumque
1509 5368 1698 5446 experientia
1714 5371 1951 5447 praestantiores
1966 5378 1997 5431 et
2011 5371 2108 5448 aptio-

1358 5474 1408 5521 res
1421 5461 1649 5538 praeficiantur,
1659 5469 1690 5523 et
1701 5463 1737 5524 ad
1749 5463 1833 5524 bunc
1847 5463 1992 5525 effectum
2007 5463 2107 5526 omni-

1358 5555 1481 5615 modam
1495 5563 1527 5616 et
1541 5555 1578 5616 ab
1588 5555 1733 5617 bumanis
1747 5556 1936 5633 respectibus
1950 5559 2108 5636 undequa-

1358 5663 1419 5725 que
1439 5647 1615 5709 immunem
1637 5653 1668 5709 et
1691 5656 1912 5711 sacrosanctam
1933 5647 2108 5712 libertatem

1358 5739 1390 5802 iu
1413 5740 1541 5802 illorum
1562 5741 1766 5802 electionibus
1787 5743 1904 5804 nedum
1925 5743 2108 5805 mirabiliter

1358 5833 1511 5910 conferre,
1523 5835 1576 5896 sed
1597 5833 1730 5912 requiri:
1754 5841 1941 5897 memoratos
1956 5844 2108 5914 protecto·

1358 5943 1408 5990 res
1431 5927 1463 5989 in
1490 5926 1621 5989 Domino
1646 5927 1827 6004 hortamur,
1848 5935 1881 5990 et
1902 5929 1995 5991 enixe
2020 5929 2107 5992 obse·
