4836 6998
124 576 179 630 An.
194 579 225 632 G.
246 577 315 633 tacu

974 590 1170 642 tanumeros
1192 592 1262 640 xrrr.
1819 569 1877 642 tel
1929 575 1983 634 An.
1997 581 2027 634 η.
2050 576 2119 634 1730

344 719 448 776 torum
470 711 592 777 Ordinis
613 720 644 776 ot
665 714 843 792 provinciae
860 714 1006 794 illiusque
1019 731 1092 778 cou-

343 815 509 883 ventuunr,
531 809 626 870 etiam
647 808 834 884 iuramento,
857 809 1093 872 confirmatione

344 900 518 979 apostolice,
544 899 594 961 vel
620 899 727 978 quavis
755 900 902 986 firmitate
925 902 982 964 alia
1004 903 1091 964 robo-

344 993 418 1056 ratis
445 993 567 1056 statutis
594 999 623 1054 et
652 995 939 1070 consuetudinibus,
967 995 1091 1074 privile·

345 1088 403 1164 giis
423 1103 564 1168 quoque,
597 1086 726 1150 indultis
753 1095 785 1150 et
813 1087 923 1150 litteris
950 1089 1093 1166 apostoli-

344 1182 386 1243 cis
413 1181 447 1244 in
474 1181 666 1244 contrarium
697 1181 937 1260 praemissorum
962 1197 1090 1260 quomo·

344 1274 459 1336 dulibet
479 1274 642 1348 concessis,
658 1276 848 1338 confirmatis
864 1283 896 1338 et
918 1277 1089 1353 innovatis;

344 1368 457 1444 quibus
471 1369 616 1430 omnibus
628 1374 659 1428 et
669 1368 811 1443 singulis,
825 1368 951 1431 illorum
966 1375 1091 1431 tenores

344 1461 555 1537 praesentibus
580 1475 636 1539 pro
658 1461 749 1541 plene
769 1469 801 1522 et
822 1463 1014 1524 sufficienter
1038 1479 1090 1524 ex·

343 1553 465 1630 pressis,
481 1555 560 1617 acad
572 1555 706 1618 verbum
721 1555 844 1617 insertis
858 1556 1017 1630 babentes,
1031 1556 1091 1618 illis

343 1645 415 1708 alias
436 1647 470 1708 in
492 1663 548 1708 suo
569 1649 681 1710 robore
701 1649 923 1726 permansuris,
946 1651 982 1711 ad
1006 1665 1091 1727 prae-

342 1741 508 1802 missorum
521 1741 678 1815 ellectum,
691 1741 746 1803 bac
756 1742 821 1804 vice
837 1743 1007 1816 dumtaxat,
1023 1759 1090 1821 spe

342 1833 461 1896 cialiter
484 1842 515 1896 et
535 1849 677 1912 expresse
698 1836 897 1911 derogamus3
918 1836 1091 1914 ceterisque

342 1928 505 1990 contrariis
526 1928 783 2006 quibuscumque.

382 2021 494 2083 ilatum
515 2021 641 2096 Romae,
658 2023 738 2101 apud
754 2021 784 2084 S.
801 2023 941 2098 Petrum,
964 2023 1022 2085 sub
1036 2040 1089 2086 an-

342 2114 418 2178 nulo
446 2115 623 2190 Piscatoris,
646 2115 695 2176 die
716 2131 790 2176 xxv.
822 2116 883 2177 ian.
907 2132 1088 2192 dcccxxx,

342 2207 539 2286 pontificatus
560 2208 661 2270 nostri
683 2223 765 2270 anno
786 2225 829 2269 vr.

653 2453 778 2518 XXXII.

342 2586 477 2650 Reducit
513 2591 745 2654 alternativam
777 2586 942 2648 electionis
969 2585 1088 2648 rainerii

301 2739 304 2746 .
380 2683 538 2762 generalis
567 2681 832 2762 congregationis
860 2679 1036 2756 Hispaniae
1057 2684 1087 2740 ct

136 3445 308 3496 Prooemium.

120 4192 186 4238 Olim
196 4191 270 4256 'dicta
284 4190 320 4238 al-

105 4250 237 4310 ternatrva
247 4255 321 4310 prse-

105 4303 202 4355 scrrpta
216 4300 267 4345 lurt
277 4309 321 4362 per

105 4353 321 4470 tauriacus:

105 4459 319 4559 lltddltmdl

382 2777 551 2840 lndiarttnr
572 2779 720 2857 protraat
736 2773 1013 2836 Disaaiceotoram
1031 2769 1088 2832 Or-

380 2871 467 2932 dinis
486 2870 705 2932 Hraanitarnm
722 2867 753 2930 S.
770 2865 950 2946 Atrqastini
965 2863 1007 2926 ad
1023 2871 1087 2925 tres

382 2971 511 3027 tantam
533 2963 708 3040 Hispaniae
728 2960 912 3038 prouincias
933 2957 988 3038 (l).

507 3128 752 3200 cantoratus
769 3129 828 3197 ΡΡ.
847 3127 917 3194 ΧΙΙΙ.

485 3252 940 3324 mmmmmmm

379 3435 438 3511 Ea,
461 3451 538 3513 quae
559 3450 615 3512 pro
635 3431 716 3494 lelici
743 3445 945 3510 personarum
968 3425 1086 3503 regala·

338 3529 422 3592 rium
443 3535 525 3590 statu
547 3529 581 3590 in
603 3525 744 3606 capitulis
770 3521 969 3600 generalibus
990 3520 1087 3581 inter-

338 3623 414 3685 dum
434 3622 546 3684 sancita
568 3629 600 3682 et
620 3619 802 3682 auctoritate
829 3613 991 3694 apostolica
1005 3629 1087 3675 com·

338 3718 462 3796 probata
485 3716 624 3788 luerunt,
641 3729 712 3776 curn
728 3710 962 3774 incommodum
977 3707 1086 3768 alierre

338 3827 372 3872 ac
386 3809 566 3871 earumdem
585 3821 788 3886 personarum
802 3801 1019 3881 tranquillitati
1033 3799 1085 3861 ob-

338 3919 404 3966 esse
418 3907 602 3974 noscuntur,
618 3900 716 3962 nostri
731 3897 873 3960 muneris
892 3903 937 3958 est
959 3893 1086 3973 provide

338 3997 490 4058 moderari
513 4001 544 4056 et
565 3996 743 4066 immutare,
765 3999 858 4070 prout
879 3987 1085 4066 conspicimus

338 4091 372 4151 in
392 4088 525 4151 Domino
545 4087 712 4149 salubriter
732 4085 888 4164 expedire.

378 4183 448 4258 §A
473 4182 596 4244 Dudum
626 4177 781 4258 siquidem
811 4196 866 4257 pro
894 4187 980 4258 parte
1011 4188 1087 4244 tunc

339 4276 501 4337 existentis
532 4273 739 4352 procuratoris
770 4273 923 4349 generalis
951 4275 1088 4353 Congre-

340 4367 473 4444 gatiouis
506 4367 667 4445 Hispaniae
699 4375 731 4428 et
762 4365 919 4430 indiarum
955 4369 1086 4432 fratrum

340 4461 597 4522 biscalceatorum
612 4465 864 4536 nuncupatorum
876 4461 998 4524 Ordinis
1013 4463 1086 4523 Ere-

1149 731 1211 778 nou
1228 715 1259 780 S.
1277 715 1412 778 Thomae
1426 717 1464 778 de
1478 713 1640 778 l'illanova
1654 716 1792 779 Baeticae
1807 734 1899 796 supe-

1148 809 1239 870 rioris
1253 817 1284 871 et
1299 809 1465 884 interioris,
1478 827 1512 872 ac
1523 809 1554 874 S.
1566 809 1682 872 Nicolai
1694 810 1898 872 Tolentinatis

1149 904 1320 981 respective
1341 910 1532 982 nuncupatas
1554 903 1728 966 insularum
1749 903 1896 982 Pbilippi-

1148 1012 1257 1058 narum
1281 997 1313 1060 in
1335 995 1429 1058 indiis
1450 995 1623 1074 provincias
1642 996 1898 1074 congregationis

1147 1091 1318 1168 praedictae
1332 1090 1618 1165 altercabantur
1633 1091 1666 1152 in
1679 1091 1898 1169 congregatio·

1147 1201 1187 1245 ne
1208 1185 1310 1248 ltaliae
1333 1184 1462 1247 fratrum
1485 1185 1742 1248 Discalceatarum
1758 1186 1898 1248 eiusdem

1147 1275 1270 1340 Ordinis
1291 1277 1523 1352 observabatur,
1546 1277 1722 1357 incipiendo
1744 1294 1758 1338 a
1780 1295 1898 1340 memo·

1147 1372 1211 1432 rata
1222 1371 1379 1449 provincia
1392 1371 1576 1448 Aragoniae,
1590 1371 1658 1433 lieri
1672 1371 1795 1446 debere,
1808 1372 1897 1445 itaut,

1147 1464 1313 1526 eveniente
1334 1481 1416 1539 casu,
1442 1480 1504 1543 quo
1529 1465 1649 1526 vocales
1674 1463 1829 1526 indiarum
1852 1481 1900 1526 ca·

1148 1556 1245 1634 pitulo
1267 1573 1322 1636 pro
1343 1565 1482 1636 tempore
1503 1557 1687 1620 celebrando
1708 1559 1812 1620 adesse
1834 1573 1897 1618 non

1147 1651 1305 1726 valerent,
1340 1660 1414 1716 tunc
1442 1669 1525 1716 unus
1556 1655 1688 1716 lratrum
1720 1654 1897 1731 provinciae

1147 1745 1363 1823 subsequentis
1385 1748 1470 1808 iuxta
1491 1747 1632 1810 ordinem
1661 1763 1752 1826 supra
1775 1763 1898 1825 expres-

1145 1853 1216 1900 sum
1244 1839 1276 1900 in
1306 1840 1456 1902 vicarium
1483 1841 1662 1917 generalem
1697 1840 1897 1919 primodictae

1147 1933 1404 2008 congregauonis
1419 1933 1492 2010 eligi
1507 1935 1649 1997 deberet:
1667 1934 1748 1996 idem
1763 1933 1898 1996 Alexan-

1146 2021 1201 2085 der
1223 2024 1450 2103 praedecessor,
1473 2027 1746 2106 supplicationibus
1767 2027 1824 2088 sibi
1843 2043 1898 2105 per

1146 2116 1264 2180 dictum
1297 2127 1527 2198 procuratorem
1560 2121 1738 2197 generalem
1768 2122 1897 2184 nomine

1146 2209 1277 2274 fratrum
1300 2215 1534 2292 provinciarum
1556 2216 1782 2293 praedictarum
1803 2231 1898 2294 super

1146 2307 1203 2366 boc
1218 2305 1382 2368 humiliter
1397 2308 1546 2385 porrectis
1559 2309 1735 2382 inclinatus,
1752 2325 1898 2388 praenar-

1145 2405 1243 2459 ratam
1270 2399 1488 2461 alternativam
1514 2401 1701 2464 electionem
1722 2402 1829 2464 vicarii
1844 2417 1896 2478 ge-

1145 2491 1258 2552 neralis
1285 2494 1542 2570 congregationis
1570 2493 1725 2558 biusmodi
1747 2502 1896 2573 tanquam

1145 2584 1361 2660 religiosorum
1377 2589 1596 2667 tranquillitati
1610 2597 1641 2652 et
1655 2591 1735 2652 bono
1748 2587 1894 2664 regimini

1143 2677 1369 2754 praedictarum
1399 2682 1630 2758 provinciarum
1662 2683 1830 2761 proficuam
1864 2687 1895 2744 et

1143 2781 1394 2849 consentaneam,
1411 2777 1548 2838 modoet
1565 2775 1663 2836 torma
1678 2776 1821 2853 superius
1842 2792 1896 2837 ex·

1143 2864 1265 2940 pressis,
1278 2875 1430 2944 quatenus
1441 2867 1489 2948 (ut
1500 2867 1705 2948 asserebatur)
1718 2870 1750 2930 in
1761 2869 1895 2946 capitulo

1143 2959 1282 3032 generali
1307 2961 1351 3023 sic
1377 2963 1547 3024 novissime
1573 2962 1726 3026 celebrato
1753 2963 1893 3038 legitime

1143 3049 1252 3114 suiset
1272 3054 1417 3131 obtenta,
1446 3058 1629 3120 auctoritate
1654 3056 1817 3135 apostolica
1842 3073 1894 3135 ap·

1143 3145 1284 3221 probavit
1305 3155 1336 3210 et
1356 3151 1567 3225 confirmavit,
1583 3168 1617 3212 aa
1638 3149 1724 3212 iuxta
1745 3143 1891 3228 praedicti

1142 3240 1265 3316 capituli
1291 3240 1450 3304 decretum
1476 3244 1544 3305 steri
1566 3251 1597 3304 et
1618 3242 1774 3305 observari
1803 3257 1892 3304 marr·

1142 3329 1244 3406 darit3
1267 3341 1297 3394 et
1318 3335 1408 3411 alias,
1438 3343 1530 3415 prout
1551 3337 1584 3398 iu
1605 3337 1700 3414 ipsius
1722 3335 1892 3398 Alexandri

1142 3425 1381 3502 praedecessoris
1419 3429 1530 3492 litteris
1565 3429 1697 3506 desuper
1731 3429 1764 3489 in
1796 3427 1892 3490 simili

1142 3517 1239 3582 iorma
1260 3520 1368 3582 Brevis
1389 3523 1438 3584 die
1461 3539 1554 3584 xxrrr.
1583 3521 1730 3584 februarii
1761 3537 1890 3584 unocurt

1140 3613 1308 3692 expeditis,
1337 3631 1470 3694 quarum
1505 3623 1648 3678 tenorem
1678 3617 1891 3695 praesentibus

1142 3720 1196 3782 pro
1216 3721 1360 3784 expresso
1382 3717 1413 3771 et
1434 3710 1469 3772 ad
1491 3711 1624 3772 verbum
1645 3710 1763 3772 inserto
1784 3709 1890 3771 baberi

1142 3798 1299 3875 volumus,
1322 3801 1449 3865 uberius
1470 3804 1659 3866 continetur.

1186 3897 1252 3972 §2-
1277 3896 1494 3970 cumatilem,
1517 3897 1596 3958 Sicut
1617 3897 1722 3959 dilecti
1749 3896 1806 3958 filii
1829 3904 1890 3958 lam
1943 3905 2125 3972 Causaaprea-

1142 3993 1309 4056 modernus
1324 3990 1457 4052 vicarius
1473 3989 1626 4065 generalis
1640 4005 1735 4067 quarn
1750 3989 1890 4050 universi
1910 3963 1990 4058 didit}
2000 3965 2124 4069 ,militiis

1142 4086 1251 4147 iratres
1277 4083 1445 4147 definitorii
1470 4083 1565 4143 trium
1586 4081 1817 4161 provinciarum
1841 4081 1891 4143 Hi·
1910 4076 2001 4164 }ffiffigi
2018 4067 2124 4166 0¹ss⁰⁰r¹r¹il

1141 4179 1265 4258 spaniae
1287 4179 1384 4240 dictae
1401 4177 1657 4253 congregationis
1679 4175 1769 4238 nobis
1790 4190 1892 4253 nuper
1909 4172 2124 4274 ffiisffitlgggfflg}

1142 4273 1256 4351 exponi
1266 4272 1419 4344 lecerunt,
1432 4277 1601 4331 memorata
1613 4268 1799 4331 alternative
1812 4268 1891 4330 elec·
1910 4278 1991 4342 rurus
2001 4281 2026 4326 rn
2036 4283 2123 4340 urspe-

1143 4369 1186 4430 tio
1206 4365 1310 4428 vicarii
1333 4363 1487 4442 generalis
1512 4363 1688 4426 executioni
1713 4361 1891 4425 demandari
1911 4343 1987 4380 Μ’

1143 4473 1298 4538 nusquam
1313 4457 1460 4536 potuerit,
1472 4463 1633 4535 propterea
1644 4455 1725 4535 quod
1736 4455 1891 4534 supradic-

106 4567 320 4623 approoarum
340 4563 488 4615 mrtarum
509 4553 605 4614 sancti
634 4553 802 4628 Augustini
830 4553 927 4617 felicis
948 4556 1088 4618 recorda·
1113 4558 1116 4613 l
1142 4559 1191 4614 tac
1205 4551 1382 4630 provinciae
1398 4550 1428 4613 S.
1447 4549 1562 4612 Nicolai
1579 4549 1783 4610 Tolentinatis
1799 4549 1831 4610 in
1847 4549 1893 4610 in-

107 4619 167 4674 luit,
186 4621 254 4682 inter
269 4625 325 4666 tres

105 4674 245 4730 Hispaniae
264 4684 321 4730 pro·

105 4727 214 4790 vincias,
231 4726 321 4773 aliam·

106 4791 157 4836 qua
175 4781 320 4827 rusularum

106 4834 318 4892 Philippinarum.

340 4648 432 4710 tionis
454 4646 621 4708 Alexandri
642 4647 738 4726 Papae
762 4646 839 4721 tlt,
862 4649 1086 4726 praedecessori

340 4748 445 4803 nostro
467 4740 616 4818 exposito,
640 4739 720 4818 quod
743 4739 775 4801 in
796 4741 935 4804 eiusdem
952 4743 1086 4818 Congre-

339 4833 472 4911 gationis
491 4833 624 4911 capitulo
639 4833 775 4909 generali
791 4835 823 4894 in
839 4835 949 4912 oppido
963 4835 1086 4896 civitate

339 4933 517 5004 nuncupato
538 4927 576 4988 de
597 4925 752 5004 CalataJ'ud
771 4927 803 4988 in
818 4927 970 5004 Aragonia
985 4928 1088 4989 novis-

339 5019 419 5080 sime
439 5027 515 5081 tunc
541 5018 694 5081 celebrato
720 5019 965 5082 determinatum
986 5021 1087 5083 iuerat

339 5128 395 5190 pro
405 5113 514 5174 maiori
525 5113 630 5191 quiete
641 5112 802 5175 electionis
813 5113 918 5174 vicarii
933 5113 1087 5190 generalis

340 5205 436 5268 dictae
463 5206 736 5282 congregationis
759 5213 790 5267 et
813 5215 847 5267 ut
872 5207 1087 5284 unusquisque

339 5297 376 5358 ad
396 5299 631 5362 inserviendum
653 5298 797 5374 religioni
817 5300 915 5375 magis
936 5299 1086 5360 animare·

339 5397 403 5466 tur,
418 5391 474 5470 ipsi
490 5391 665 5454 Alexandro
676 5393 899 5469 praedecessori
913 5391 1086 5471 supplican-

339 5486 414 5547 dum
429 5484 507 5560 iore,
529 5491 564 5547 ut
578 5486 760 5546 concederet
780 5485 965 5547 electionem
979 5485 1085 5548 vicarii

339 5577 493 5653 generalis
508 5577 749 5654 congregationi
766 5578 953 5653 huiusmodi,
965 5587 1085 5640 servata

338 5671 422 5734 inter
442 5672 475 5736 Β.
498 5672 537 5734 H.
559 5671 596 5732 V.
621 5671 653 5732 in
676 5671 828 5734 Columna
848 5673 1031 5749 Aragoniae,
1054 5681 1085 5733 et

338 5764 370 5828 S.
384 5765 552 5843 Augustini
567 5763 815 5827 castellaenovae
829 5773 860 5828 et
874 5765 1001 5840 veteris,
1014 5781 1086 5828 nec-

380 5979 410 6040 (l)
425 5981 462 6024 lix
476 5981 580 6036 aegest.
596 5979 623 6024 in
638 5979 713 6026 arch.
729 5982 801 6026 Brev.

1113 4616 1116 4739 A
1141 4645 1217 4706 solis
1229 4643 1411 4724 Philippicis
1425 4649 1557 4721 quatuor
1568 4657 1701 4704 numero
1713 4641 1822 4704 iratres
1836 4659 1892 4704 seu

1142 4738 1278 4813 vocales,
1302 4737 1562 4816 quemadmodum
1578 4752 1632 4814 per
1652 4735 1891 4797 constitutiones

1142 4831 1281 4895 eiusdem
1309 4830 1565 4907 congregationis
1593 4829 1775 4892 auctoritate
1805 4843 1891 4906 prae·

1142 4925 1219 4988 dicta
1241 4925 1437 4987 confirmatas
1464 4924 1652 5002 requiritur,
1682 4938 1721 4983 ex
1743 4922 1837 4984 lndiis
1858 4921 1890 4982 in

1142 5019 1330 5097 Hispaniam,
1353 5018 1406 5079 ubi
1428 5018 1599 5097 capitulum
1628 5017 1774 5094 generale
1795 5015 1891 5094 ipsius

1144 5111 1400 5188 congregauonis
1430 5111 1578 5174 celebrari
1605 5112 1778 5185 consuevit,
1807 5107 1891 5170 traii-

1141 5220 1210 5268 cere
1238 5213 1411 5284 nequeunt,
1439 5213 1508 5268 tum
1529 5206 1568 5267 ob
1594 5205 1724 5266 nimiam
1751 5203 1890 5265 locorum

1141 5299 1338 5374 distantiam,
1368 5304 1436 5361 tum
1450 5299 1521 5376 quia
1547 5299 1591 5359 eis
1612 5313 1675 5358 non
1696 5297 1891 5375 permittitur

1141 5391 1236 5453 libera
1258 5409 1297 5454 ex
1319 5391 1427 5453 iisdem
1448 5391 1542 5453 lndiis
1568 5390 1693 5452 arbitrio
1718 5406 1774 5452 suo
1795 5389 1891 5450 disce-

1141 5485 1234 5547 dendi
1256 5485 1395 5560 iacultas,
1424 5485 1626 5562 quamobrem
1652 5483 1781 5546 dilectus
1808 5482 1890 5544 Alius

1140 5579 1287 5657 loseplrus
1314 5595 1330 5638 a
1352 5577 1527 5641 solitudine
1553 5585 1684 5640 assertus
1711 5583 1891 5654 procurator

1141 5671 1228 5733 istius
1250 5671 1426 5750 provinciae
1454 5687 1536 5732 anno
1558 5686 1735 5732 uuocxxvr.
1759 5670 1890 5748 petierat

1140 5764 1416 5826 constitutionibus
1436 5764 1597 5842 praedictis
1612 5765 1645 5826 in
1664 5765 1721 5826 bac
1734 5769 1820 5843 parte
1834 5779 1890 5844 per
