4880 6982
1027 595 1169 650 CLEMENS
1189 598 1234 652 xl.

359 719 465 796 tlictas,
488 734 544 800 pro
570 717 666 784 irritis
691 729 721 786 et
742 719 834 786 nullis
862 719 1016 785 habendas
1037 736 1103 785 esse

358 815 480 893 publice
491 813 701 890 declaraverit,
712 815 773 876 imo
785 817 877 878 etiarn
887 817 1103 895 contraipsum

359 907 505 971 Carnium
533 907 683 970 Thomam
711 909 919 983 cardinalem,
954 918 1029 973 ωηο
1050 909 1104 971 Pa-

358 1001 524 1062 triarcham
544 1015 578 1062 ac
597 1001 844 1062 commissarium
866 1009 897 1064 et
911 1003 1102 1064 visitatorem

358 1093 547 1170 generalem,
572 1093 694 1154 inverso
715 1109 788 1155 sane
801 1109 969 1172 poenarum
985 1110 1041 1173 per
1055 1111 1104 1157 ca-

357 1188 481 1250 nonicas
492 1185 665 1247 sanctiones
681 1185 887 1263 irrogatarum
898 1203 967 1261 usu,
980 1187 1102 1249 maioris

357 1278 687 1342 excommunicationis
700 1280 887 1342 sententiam
902 1279 1103 1360 promulgare

357 1389 420 1434 non
442 1372 614 1446 erubuerit,
638 1372 678 1432 ita
700 1371 789 1449 plane
810 1371 991 1450 apostolicae
1012 1372 1101 1434 iuris-

357 1465 498 1528 dictionis
519 1464 616 1525 hostis
630 1471 661 1526 et
676 1479 802 1525 eversor
823 1463 930 1538 lactus,
946 1481 1009 1543 quo
1021 1464 1102 1528 illius

356 1565 457 1621 eustos
477 1563 509 1618 et
529 1557 645 1620 vindex
662 1557 841 1637 praecipuus
856 1573 922 1620 esse
936 1559 1100 1621 debuisset.

357 1651 515 1713 Praeterea
533 1651 608 1712 adeo
622 1665 655 1710 se
670 1650 887 1712 immemorem
902 1649 1035 1714 ostendit
1050 1667 1104 1712 vo-

357 1744 501 1808 nerabilis
531 1743 692 1819 dignitatis
716 1760 771 1805 seu
797 1745 981 1806 characteris
1002 1761 1035 1807 ac
1056 1743 1103 1806 in·

356 1837 509 1898 violabilis
524 1837 685 1914 religionis
706 1837 789 1899 illius
811 1837 1021 1913 iurisiurandi,
1041 1853 1102 1916 quo

356 1945 389 1990 se
410 1930 489 2006 Deo,
511 1929 600 1990 nobis
622 1937 653 1992 ct
674 1929 826 1992 Ecclesiae
847 1930 879 1990 in
907 1929 1103 2009 suscipiendo

357 2022 596 2086 consecrationis
618 2037 751 2085 munere
771 2039 804 2085 se
825 2023 1044 2097 obstrinxerat,
1067 2029 1101 2085 ut

357 2116 509 2178 ministris
537 2131 571 2177 ac
600 2115 778 2178 officialibus
806 2115 891 2177 laicis
921 2115 1101 2178 earumdem

357 2208 504 2288 partium,
526 2207 652 2270 duriora
673 2224 813 2287 quaeque
834 2209 980 2271 adversus
1001 2206 1102 2284 digni·

359 2309 465 2375 tatem,
478 2302 541 2362 imo
555 2301 650 2362 etiam
664 2315 829 2378 personam
843 2301 989 2380 praedicti
1002 2301 1100 2364 Caroli

358 2394 493 2456 Thomae
504 2393 674 2456 cardinalis
685 2401 761 2456 tunc
771 2393 962 2457 Patriarclaae
976 2411 1009 2456 ac
1020 2409 1101 2456 com-

357 2485 490 2549 missarii
501 2493 532 2547 et
545 2485 712 2548 visitatoris
725 2486 877 2564 generalis
889 2486 1100 2562 molientibus,

357 2596 390 2641 se
403 2580 577 2654 sociaverit,
595 2595 628 2640 ac
643 2595 722 2658 pene
736 2581 799 2642 dux
812 2595 933 2654 eorum,
951 2579 1006 2657 qui
1021 2581 1103 2642 chri-

357 2681 441 2735 stum
461 2671 585 2733 Domini
606 2670 754 2748 sacrilego
776 2690 809 2733 ac
833 2671 1003 2734 detestabili
1025 2689 1101 2734 ausu

356 2763 558 2828 multifariam
573 2773 739 2840 vexarunt,
756 2773 787 2826 et
801 2764 881 2828 iorte
896 2766 989 2828 etiam
1004 2765 1103 2828 adhuc

357 2866 483 2932 vexant,
499 2857 567 2918 lieri
583 2873 646 2919 non
662 2856 884 2932 lormidaverit,
902 2857 1021 2936 aliaque
1035 2857 1101 2936 plu-

357 2967 389 3012 ra
410 2951 555 3012 adversus
579 2948 718 3011 eiusdem
746 2949 846 3012 Garuli
875 2950 1011 3013 Thomae
1032 2951 1104 3012 Car-

356 3043 477 3117 dinalis,
494 3050 568 3104 tunc
582 3041 774 3103 Patriarclaae
794 3058 827 3105 ac
848 3043 1050 3104 commissarii
1072 3051 1102 3104 et

357 3135 523 3198 visitatoris
545 3133 714 3210 generalis,
744 3135 807 3196 imo
828 3135 929 3212 potius
956 3135 1102 3197 adversas

357 3237 495 3292 nostram
524 3235 556 3288 et
582 3227 667 3290 Sedis
687 3227 861 3305 praedictae
887 3229 1101 3290 auctoritatem

357 3337 390 3385 ac
411 3321 659 3384 iurisdictionem
674 3327 828 3382 attentare
848 3323 1098 3400 praesumpserit.

136 3422 338 3470 commissarius
358 3414 497 3478 innotuit
527 3413 642 3492 pariter
670 3413 775 3487 nobis,
798 3414 897 3492 quod,
927 3415 1101 3492 praemissis

110 3482 141 3524 et
151 3478 273 3524 visitator
280 3487 339 3532 apo·

108 3531 231 3578 sacratus
254 3531 338 3578 narn
357 3507 495 3581 attentis,
512 3507 612 3570 dictus
628 3506 755 3568 Carolus
771 3505 903 3568 Thomas
918 3506 1099 3581 cardinalis,

111 3585 272 3640 praedicta,
313 3588 339 3630 et

109 3649 247 3685 censuras
272 3639 337 3686 inlli-

108 3693 164 3747 git

358 3609 433 3664 tunc
454 3601 625 3680 patriarcba
647 3615 682 3660 ac
703 3597 931 3661 commissarius
953 3608 984 3662 et
998 3599 1102 3661 visita·

356 3702 406 3758 tor
416 3693 581 3771 generalis,
592 3691 712 3754 tametsi
724 3699 800 3754 ωηο
812 3693 958 3771 temporis
969 3693 1002 3754 in
1015 3708 1101 3770 prae-

355 3789 433 3852 dicta
463 3788 588 3849 civitate
618 3785 810 3848 blacaonensi
838 3801 902 3849 non
931 3785 1057 3864 quidem
1083 3803 1099 3847 a

355 3882 479 3961 paganis
493 3879 547 3942 sed
561 3879 598 3942 ab
613 3877 792 3942 officialibus
806 3895 839 3940 ac
853 3878 1005 3940 ministris
1019 3879 1099 3941 chri·

353 3974 472 4048 stianis,
494 3971 580 4036 nulla
600 3973 676 4034 sacri
697 3971 891 4045 characteris,
907 3971 992 4034 nulla
1013 3987 1100 4049 prae-

352 4067 558 4130 stantissimae
572 4081 645 4128 suae
665 4064 837 4141 dignitatis,
854 4063 939 4126 nulla
960 4065 1098 4127 ecclesia·

354 4161 503 4223 sticarum
523 4158 737 4232 sanctionum,
759 4158 845 4220 nulla
867 4157 1002 4236 denique
1023 4157 1098 4220 iuris

354 4254 509 4330 gentium,
533 4251 614 4330 quod
635 4253 715 4329 apud
739 4250 879 4312 barbaras
901 4265 1025 4328 quoque
1046 4265 1097 4313 na·

354 4347 454 4408 tiones
474 4351 704 4408 sacrosanctum
725 4359 759 4404 ac
780 4341 957 4404 inviolabile
972 4351 1029 4418 cst,
1045 4343 1097 4404 ha-

354 4438 415 4500 bita
446 4439 582 4513 ratione,
611 4435 785 4499 multorum
816 4435 955 4498 militum
986 4437 1097 4498 diurna

353 4532 567 4608 nocturnaque
592 4529 727 4594 custodia
754 4537 790 4592 ut
814 4529 953 4608 captivus
978 4530 1096 4592 detine-

353 4632 450 4700 retur,
473 4624 602 4703 aliisque
622 4622 826 4686 acerbissimis
839 4640 873 4684 ac
887 4623 978 4702 plane
998 4623 1096 4685 incre·

352 4717 495 4780 dibilibus
517 4715 641 4778 iniuriis
662 4723 694 4778 et
715 4715 928 4790 contumeliis,
952 4715 1023 4793 ipsis
1045 4731 1096 4776 ex·

351 4809 603 4874 horrescentibus
624 4807 768 4884 ethnicis,
791 4807 921 4871 afflictus
947 4809 1096 4886 reperire-

352 4911 415 4980 tur,
437 4903 653 4977 nihilomiuus,
669 4901 752 4964 inter
766 4901 891 4963 allectae
910 4901 1096 4964 valetudinis

350 5012 383 5057 ac
404 5003 449 5058 tot
470 4995 601 5058 aliarum
623 4995 878 5069 tribulationum,
901 5010 975 5072 quas
996 4993 1095 5072 perie-

313 5148 314 5157 ,
349 5089 446 5164 rebat,
469 5089 675 5164 incommoda,
690 5103 831 5150 crescens
845 5087 982 5165 quotidie
997 5087 1095 5164 magis

350 5181 382 5242 in
403 5181 529 5244 caritate
550 5181 676 5256 Christi,
692 5181 871 5260 invictoque
891 5180 996 5241 animo
1011 5179 1095 5243 illius

348 5289 469 5336 causam
491 5289 602 5350 agens,
625 5279 788 5354 postquam
814 5272 993 5351 praecipuos
1014 5271 1096 5334 eius·

347 5366 432 5428 modi
442 5366 665 5442 sacrilegorum
677 5379 858 5429 excessuum
870 5367 1016 5428 adversus
1028 5365 1094 5426 eius

294 5525 298 5532 ,
348 5475 512 5537 personam
525 5475 559 5522 ac
574 5461 758 5538 dignitatem
772 5459 1011 5521 commissorum
1025 5473 1094 5520 auc·

350 5565 442 5634 tores,
458 5575 491 5621 ac
512 5575 604 5621 verae
625 5557 796 5638 iniquitatis
818 5556 909 5631 tilios,
930 5555 1095 5618 canonicae

347 5652 520 5714 severitatis
546 5665 696 5714 mucrone
717 5657 926 5729 percusserat,
950 5647 1091 5727 illosque,

347 5745 445 5806 aiiixis
460 5745 581 5824 publice
594 5753 702 5807 contra
717 5759 769 5806 eos
789 5743 954 5822 schedulis,
970 5743 1093 5806 maioris

387 5956 417 6012 (l)
432 5961 469 6001 au
485 5959 555 6002 recta
570 5958 604 6002 sit
619 5957 697 6002 lectio
712 5958 808 6003 iudicet
823 5959 905 6004 lector
919 5958 995 6004 scius.

1157 722 1486 789 excommunicationis
1501 739 1631 806 poenam
1654 723 1820 790 incurrisse
1836 739 1904 804 pra-

1158 819 1371 896 nunciaverat,
1387 821 1471 882 inter
1491 820 1560 894 alia,
1577 826 1669 897 atque
1683 827 1718 882 ut
1732 837 1796 894 sua,
1813 819 1904 898 quin·

1159 909 1221 970 imo
1243 917 1357 986 nostra,
1381 920 1412 972 et
1433 913 1571 974 eiusdem
1587 910 1672 974 Sedis
1695 911 1759 972 iura
1781 910 1903 971 iortiter

1159 1009 1311 1076 tueretur,
1335 1003 1544 1082 imperterrito
1572 1005 1676 1078 animo
1698 1003 1823 1064 devenit
1844 999 1901 1084 (l),

1158 1096 1262 1158 omnia
1284 1105 1315 1158 et
1334 1097 1459 1174 singula
1480 1112 1534 1175 per
1561 1097 1677 1159 curiam
1699 1095 1903 1174 episcopalem

1159 1188 1391 1252 Macaonensem
1412 1197 1518 1251 contra
1542 1190 1644 1269 ipsum
1665 1190 1793 1268 eiusque
1814 1189 1904 1250 iuris-

1158 1281 1326 1344 dictionem
1347 1290 1444 1358 gesta,
1468 1289 1503 1344 ut
1524 1282 1707 1361 praefertur,
1724 1287 1832 1360 utpote
1847 1282 1903 1342 irn-

1158 1373 1313 1452 pedientia
1333 1373 1517 1434 exercitium
1539 1374 1680 1435 muneris
1696 1373 1755 1434 sibi
1776 1389 1792 1432 a
1814 1374 1903 1434 nobis

1159 1465 1330 1541 commissi,
1360 1482 1483 1528 necnon
1504 1465 1725 1528 ecclesiasticae
1751 1465 1903 1527 libertatis

1159 1567 1189 1621 et
1210 1557 1393 1639 apostolicae
1413 1559 1603 1623 auctoritatis
1624 1573 1823 1638 summopere
1843 1556 1904 1620 lae·

1157 1653 1233 1728 siva,
1256 1651 1508 1731 circumscripsit,
1531 1652 1716 1726 annullavit,
1733 1652 1901 1726 revocavit,

1158 1763 1191 1808 ac
1213 1745 1258 1808 uti
1279 1745 1420 1820 nulliter,
1443 1751 1603 1819 attentata,
1620 1752 1738 1806 temere
1760 1751 1790 1805 et
1812 1745 1904 1807 auda-

1158 1839 1235 1900 citer
1256 1838 1331 1900 iacta
1356 1839 1537 1914 declaravit3
1565 1839 1753 1900 sententiam
1775 1837 1903 1916 insuper

1158 1932 1263 1994 asserti
1276 1933 1433 1994 interdicti
1445 1933 1475 1993 in
1488 1932 1597 1994 iratres
1607 1939 1639 1992 et
1650 1931 1807 1994 ecclesiam
1816 1947 1902 2010 prae·
1953 1959 1956 1968 .

1157 2023 1230 2086 dicti
1252 2031 1424 2087 conventus
1438 2024 1560 2088 Ordinis
1581 2025 1784 2086 eremitarum
1800 2023 1902 2087 Sancti

1157 2117 1325 2195 Augustini
1339 2119 1419 2180 sicut
1434 2117 1645 2196 praemittitur
1659 2117 1763 2192 latam,
1777 2133 1901 2179 necnon

1157 2225 1368 2288 quascumque
1383 2210 1554 2284 citationes,
1567 2210 1721 2284 mandata,
1744 2208 1853 2284 edicta,
1868 2227 1903 2270 ac

1155 2302 1332 2380 scripturas,
1356 2301 1603 2365 iurisdictionem
1617 2303 1813 2380 apostolicam
1828 2319 1904 2382 quo-

1157 2396 1325 2460 modolibet
1347 2397 1514 2472 laedentes,
1536 2403 1590 2458 aut
1605 2396 1649 2458 illi
1665 2411 1790 2475 quoquo
1811 2397 1903 2458 modo

1156 2490 1335 2563 contrarias,
1357 2489 1506 2564 revocari,
1529 2488 1655 2563 aboleri,
1677 2486 1785 2564 deleri,
1798 2505 1831 2550 ac
1846 2503 1902 2567 pro

1158 2582 1289 2645 nulliter
1309 2582 1409 2658 iactis,
1433 2581 1613 2662 nulliusque
1639 2582 1757 2643 roboris
1778 2598 1812 2644 ac
1835 2598 1901 2644 mo-

1157 2677 1256 2737 menti
1276 2675 1382 2736 haberi
1404 2685 1435 2736 et
1456 2674 1612 2736 habendas
1633 2691 1699 2736 esse
1727 2674 1901 2750 mandavit;

1157 2766 1260 2846 ipsum
1288 2781 1363 2828 vero
1390 2765 1537 2828 loannem
1565 2766 1748 2844 Episcopum
1776 2771 1904 2844 propter

1157 2859 1321 2936 praemissa
1343 2873 1487 2920 censuras
1504 2874 1612 2919 omnes
1625 2858 1719 2919 sacris
1733 2857 1902 2920 canonibus

1158 2960 1188 3014 et
1203 2951 1375 3030 apostolicis
1388 2949 1661 3012 constitutionibus
1672 2967 1705 3012 ac
1719 2951 1902 3028 praesertim

1158 3043 1270 3105 litteris
1291 3043 1340 3106 dio
1361 3043 1484 3106 coenae
1511 3041 1635 3104 llomini
1655 3042 1788 3119 singulis
1813 3043 1902 3104 aunis

1157 3135 1219 3214 legi
1245 3145 1277 3198 et
1303 3135 1494 3216 promulgari
1525 3135 1623 3197 solitis
1654 3144 1762 3198 contra
1789 3133 1900 3196 similia

1156 3235 1371 3310 perpetrantes
1396 3229 1526 3291 indictas
1553 3228 1771 3290 damnabiliter
1798 3229 1902 3290 incur-

1158 3325 1250 3399 risse,
1284 3323 1436 3401 illumque
1460 3337 1515 3400 pro
1543 3321 1811 3385 excommunicato
1833 3330 1863 3384 et
1885 3340 1901 3382 a

1157 3417 1298 3480 fidelium
1313 3415 1467 3478 consortio
1487 3423 1648 3492 segregato
1662 3423 1694 3477 et
1708 3415 1834 3477 vitando
1849 3415 1902 3476 ha-

1157 3511 1223 3573 beri
1242 3517 1274 3572 et
1296 3511 1473 3572 habendum
1499 3525 1581 3586 esse,
1604 3508 1748 3570 similiter
1769 3509 1901 3572 declara-

1157 3605 1212 3667 vit.
1236 3605 1307 3666 Post
1327 3604 1417 3680 haec,
1447 3619 1519 3666 cum
1547 3604 1711 3680 accepisset
1732 3603 1764 3664 in
1793 3603 1900 3664 eadem

1156 3701 1280 3764 civitate
1310 3697 1503 3762 llacaonensi
1534 3713 1597 3759 nou
1625 3697 1723 3760 semel
1753 3697 1899 3759 adversus

1155 3792 1330 3874 pontificiae
1350 3791 1507 3870 potestatis
1529 3790 1596 3852 iura
1611 3799 1642 3852 et
1664 3790 1899 3852 ecclesiasticam

1155 3891 1330 3952 libertatem
1351 3885 1535 3948 convenisse
1556 3883 1588 3946 iu
1610 3900 1729 3959 uuum,
1752 3891 1845 3963 atque
1866 3887 1899 3948 in

1154 3981 1356 4046 tenebrarum
1378 3977 1517 4054 consilia,
1542 3993 1606 4040 non
1628 3976 1719 4038 modo
1740 3978 1899 4040 ministros

1153 4083 1185 4137 et
1206 4073 1349 4136 officiales
1382 4071 1473 4134 laicos
1499 4077 1658 4149 sperantes
1689 4069 1840 4132 auxilium
1866 4073 1898 4132 in

1153 4167 1337 4230 fortitudine
1357 4165 1534 4242 Pharaonis,
1548 4172 1579 4226 et
1593 4163 1740 4226 habentes
1756 4165 1899 4227 fiduciam

1154 4262 1186 4322 in
1208 4259 1317 4322 umbra
1339 4259 1474 4336 AEgypti,
1497 4257 1664 4319 sedetiam
1686 4272 1753 4331 coe,
1775 4257 1829 4336 qui
1850 4273 1900 4320 ce-

1154 4354 1228 4415 teris
1250 4351 1325 4414 lucis
1340 4349 1481 4428 exempla
1496 4349 1654 4428 praebere,
1670 4358 1773 4430 atque,
1790 4358 1898 4428 utpote

1153 4447 1191 4510 de
1211 4445 1299 4508 altari
1320 4445 1473 4520 viventes,
1496 4444 1546 4506 vel
1572 4445 1716 4520 religioso
1737 4444 1898 4506 strictioris

1152 4540 1235 4600 vitae
1256 4546 1286 4599 et
1308 4537 1499 4600 obedientiae
1521 4537 1663 4599 instituto
1684 4535 1808 4612 addicti,
1828 4553 1898 4614 apo·

1151 4631 1291 4694 stolicam
1318 4630 1535 4693 auctoritatem
1564 4629 1737 4708 praecipue.
1756 4628 1898 4694 excolere

1152 4723 1341 4798 debuissent,
1366 4723 1499 4800 turpiter
1521 4722 1721 4800 conspirasse,
1744 4722 1849 4784 omnia
1865 4727 1896 4782 et

1151 4814 1273 4892 singula
1288 4815 1321 4876 in
1336 4813 1486 4877 eiusmodi
1506 4813 1711 4876 conventibus
1726 4829 1781 4876 seu
1795 4812 1897 4891 potius

1151 4907 1365 4974 conciliabulis
1385 4909 1506 4970 decreta
1524 4915 1556 4968 et
1570 4913 1694 4982 statuta,
1717 4921 1797 4984 quae
1811 4905 1897 4968 Sedis

1152 5001 1341 5081 apostolicae
1362 4999 1533 5080 praedictae
1553 5009 1584 5062 et
1606 4999 1824 5062 ecclesiasticae
1840 4999 1897 5060 im·

1150 5095 1313 5157 munitatis
1334 5095 1401 5155 iura
1422 5093 1531 5173 quovis
1553 5094 1645 5154 modo
1670 5092 1791 5154 laedere
1812 5099 1898 5169 pote-

1151 5196 1231 5264 rant,
1254 5187 1301 5249 uti
1323 5187 1419 5262 nulla,
1442 5187 1530 5248 irrita
1551 5193 1582 5248 et
1604 5184 1748 5261 invalida,
1765 5183 1896 5248 nullius-

1150 5297 1212 5360 que
1233 5281 1350 5342 roboris
1376 5287 1407 5342 et
1433 5279 1586 5342 momenti
1614 5279 1729 5357 pariter
1756 5277 1894 5340 habenda

1150 5389 1215 5434 csse
1236 5373 1382 5447 decrevit,
1405 5388 1575 5451 omnesque
1590 5379 1621 5433 et
1635 5371 1774 5448 singulos
1795 5371 1897 5432 cuius-

1150 5466 1195 5526 vis
1223 5473 1320 5526 status
1341 5473 1372 5527 et
1394 5465 1595 5540 conditionis,
1617 5464 1684 5526 sive
1711 5465 1802 5527 laicos
1829 5465 1896 5524 sive

1149 5558 1385 5633 ecclesiasticos,
1409 5565 1472 5619 tarn
1492 5557 1661 5620 saeculares
1688 5573 1781 5636 quam
1803 5573 1895 5635 regu-

1149 5651 1238 5726 lares,
1251 5651 1474 5729 cuiuscumque
1486 5649 1602 5712 ordinis
1616 5650 1666 5711 vel
1682 5651 1828 5727 instituti,
1841 5652 1895 5730 qui

1148 5744 1353 5806 conventibus
1387 5759 1441 5805 seu
1476 5743 1686 5806 conciliabulis
1717 5745 1894 5846 huiusmodi

1288 5883 1293 5888 .
1312 5881 1387 5888 ..μ-...-

1826 579 1884 650 287
1934 585 1988 644 Au.
2002 587 2033 644 0.
2055 585 2121 642 1711
