4836 6998
324 561 377 616 Au.
392 564 422 618 O.
444 563 513 619 ttae
563 561 623 630 416

717 747 958 820 attentatus
975 749 1034 818 ΡΡ.
1049 748 1116 818 lllll.

683 886 720 955 ad
741 887 871 957 loturam
900 889 944 956 rei
966 887 1147 956 memoriam.
1216 863 1217 866 ¹

325 1089 459 1134 musam
478 1086 525 1133 oet·
583 1078 653 1154 §c
678 1077 785 1157 Nuper
815 1094 871 1157 pro
893 1085 977 1157 parte
1007 1078 1191 1142 dilectorum
1214 1076 1290 1138 illio-

310 1140 526 1249 ἷῗῖοῗοῖἷῖθοιὶᾞῗ
544 1187 614 1234 rum
636 1173 860 1234 modernorum
876 1171 1021 1250 praelecti
1036 1179 1067 1234 et
1081 1171 1290 1232 assistentium

312 1245 526 1347 ξ’ξξξῖξξξξξᾋὶξῖῑ
544 1264 737 1342 generalium
759 1263 880 1328 Ordinis
901 1265 1034 1328 fratrum
1052 1263 1292 1326 bethlehemita·

311 1352 526 1462 ssffiiffllffggj
544 1373 615 1418 rum
637 1364 890 1437 nuncupatorum
906 1356 1148 1434 congregationi
1163 1371 1293 1418 venera-

311 1417 525 1558 porumetKegn·
544 1449 654 1512 billum
674 1450 807 1514 fratrum
829 1458 1008 1514 nostrorum
1030 1449 1060 1514 S.
1081 1450 1116 1512 R.
1135 1451 1169 1512 Ε.
1188 1448 1290 1512 Caldi-

312 1514 526 1624 ιῗὲἑῗιῇῗῆἃξῖ
544 1543 664 1606 nalium
684 1544 818 1620 negotiis
833 1553 864 1606 et
877 1543 1153 1608 consultationibus
1169 1542 1291 1621 Episoo

311 1621 339 1666 ω
353 1618 483 1668 ‘²⁰⁸¹m0·
543 1651 654 1714 porum
675 1646 707 1699 et
721 1637 922 1714 Regularium
938 1637 1125 1716 praepositae
1140 1635 1291 1714 exposito,

544 1730 637 1806 quod,
661 1729 732 1792 licet
752 1730 786 1792 in
807 1730 1081 1793 constitutionibus
1109 1731 1184 1792 dicti
1206 1727 1291 1792 Ordi-

544 1823 593 1883 nis
614 1837 630 1880 a
653 1821 730 1885 Sede
752 1823 1289 1902 apostoncaoonnrmatrs,cap.11,

543 1916 563 1990 5
583 1917 614 1991 8,
636 1931 778 1993 expresse
802 1917 984 1996 dispositum
1014 1917 1132 1991 luisset,
1165 1923 1200 1978 ut
1227 1932 1290 1978 non

543 2008 638 2086 possit
658 2009 778 2072 admitti
801 2009 832 2071 in
855 2011 1005 2074 eiusmodi
1036 2010 1223 2086 religionem
1245 2008 1292 2071 nl-

543 2101 591 2162 lus
612 2103 665 2180 qui
685 2103 726 2162 sit
746 2102 779 2163 in
793 2102 903 2164 ordine
916 2119 1001 2165 sacro
1015 2104 1215 2176 constitutus,
1234 2116 1292 2162 nec

543 2194 703 2276 capellani,
727 2211 784 2257 nec
805 2196 871 2258 ullo
890 2195 948 2258 alio
971 2197 1073 2269 titulo,
1091 2213 1193 2276 neque
1211 2195 1292 2258 ullus

543 2292 639 2355 irater
659 2305 697 2350 ex
717 2295 793 2350 tunc
814 2288 953 2351 admissis
974 2291 1052 2352 etin
1068 2290 1292 2368 posterumad·

543 2383 704 2446 mittendis
725 2380 873 2458 ordinari,
896 2383 967 2460 quia
998 2385 1092 2446 statui
1112 2383 1291 2446 sacerdotali

542 2491 606 2538 non
637 2473 829 2536 conueniunt
860 2475 1015 2536 manualia
1047 2477 1231 2550 ministeria,
1259 2477 1292 2537 in

542 2566 656 2646 quibus
686 2581 832 2628 exercere
861 2582 895 2627 se
923 2567 1036 2630 debent
1067 2569 1176 2630 iratres
1208 2583 1294 2647 prae-

543 2660 628 2734 dicti,
644 2657 849 2721 nihilominus
864 2659 896 2720 in
911 2660 1046 2738 capitulo
1061 2661 1198 2738 generali
1212 2661 1294 2722 eius-

543 2754 615 2815 dem
635 2749 759 2816 Ordinis
788 2752 941 2814 celebrato
972 2769 1057 2816 anno
1079 2771 1235 2817 unccxxr.
1259 2757 1292 2816 in

543 2845 668 2908 civitate
689 2831 819 2907 Limane
838 2844 1012 2908 resolutum
1027 2845 1127 2909 luerat
1141 2863 1197 2926 per
1211 2863 1292 2910 com-

544 2938 654 3000 munia
673 2937 830 3016 sutlragia,
853 2940 934 3016 quod
956 2939 1113 3018 expediret
1133 2939 1245 3003 babere
1259 2941 1292 3003 in

544 3031 679 3110 praelato
700 3029 814 3094 Ordine
835 3031 1007 3107 religiosos,
1030 3032 1083 3111 qui
1098 3033 1241 3113 deinceps
1256 3035 1292 3096 ad

543 3125 750 3188 sacerdotium
761 3132 1033 3202 promoverentur,
1042 3125 1099 3187 sub
1110 3125 1293 3205 quibusdam

545 3225 651 3280 tamen
673 3217 914 3294 conditionibus,
938 3235 1071 3298 quarum
1092 3220 1200 3298 quinta
1215 3227 1292 3297 erat,

546 3310 628 3390 quod
649 3311 681 3372 in
703 3311 842 3390 quolibet
873 3319 1031 3374 conventu
1059 3329 1123 3374 non
1153 3314 1294 3376 adessent

545 3405 605 3466 nisi
637 3403 699 3465 dno
729 3405 915 3480 sacerdotes,
945 3411 976 3466 et
998 3405 1030 3466 in
1053 3405 1196 3468 domibus
1216 3423 1294 3484 quae

544 3498 687 3560 matrices
712 3499 862 3572 existunt,
889 3506 967 3574 tres,
996 3500 1031 3561 ad
1054 3500 1200 3562 ellectum
1221 3517 1293 3581 sup·

544 3591 649 3670 plendi
664 3591 697 3653 in
711 3607 815 3654 casum
830 3591 932 3654 obitus
946 3591 979 3654 in
994 3591 1060 3654 aliis
1074 3593 1291 3670 conventibus,

543 3691 664 3766 haeque
679 3695 709 3750 et
723 3687 798 3751 aliae
813 3687 1029 3761 resolutiones
1046 3689 1197 3765 captaein
1213 3689 1292 3750 eius·

544 3780 628 3843 modi
648 3781 780 3860 capitulo
803 3781 952 3857 generali,
974 3797 991 3842 a
1016 3780 1104 3842 nobis
1129 3783 1292 3844 condoma-

543 3882 593 3936 tae
612 3881 645 3935 et
665 3873 845 3952 approbatae
876 3874 999 3936 lucrant
1025 3891 1081 3954 per
1111 3874 1199 3936 binas
1220 3873 1293 3936 alias

543 3974 664 4030 nostras
686 3967 718 4028 in
739 3966 834 4029 simili
855 3967 954 4030 forma
976 3968 1082 4029 Breuis
1097 3967 1147 4031 die
1161 3983 1202 4028 xv.
1221 3967 1292 4028 maii

543 4075 707 4122 xnccxxv.
732 4067 762 4122 et
777 4059 825 4121 die
841 4076 909 4122 vni.
925 4068 1003 4139 sept.
1021 4076 1224 4124 nnccxxvrn.
1241 4059 1292 4121 de-

542 4169 637 4232 super
657 4153 815 4231 expeditas
846 4154 980 4231 litteras3
1003 4162 1034 4216 et
1055 4154 1089 4216 in
1111 4155 1218 4217 eadem
1240 4170 1292 4216 ex·

542 4247 695 4326 positione
712 4245 889 4322 subiuncta,
905 4246 999 4325 quod,
1016 4247 1055 4308 ob
1069 4247 1219 4324 exiguum
1235 4263 1292 4309 nu·

543 4355 666 4401 merum
679 4339 908 4416 religiosorum,
921 4341 974 4419 qui
985 4341 1047 4402 sint
1059 4340 1176 4402 babilas
1188 4355 1291 4402 ascem-

542 4431 635 4495 dendi
656 4431 691 4493 ad
706 4432 923 4508 sacerdotium,
940 4449 973 4494 ac
987 4440 1114 4510 propter
1129 4433 1291 4510 ingentem

543 4541 713 4588 numerum
736 4525 934 4588 intirmorum
958 4525 1162 4588 existentium
1183 4526 1216 4587 in
1238 4526 1292 4587 bo·

542 4617 703 4697 spiralibus
723 4626 755 4679 et
776 4618 982 4680 conventibus
1009 4619 1134 4696 praelati
1155 4618 1289 4696 Ordinis,

542 4711 725 4787 contingere
752 4717 865 4788 posset,
895 4712 978 4789 quod
1005 4713 1150 4790 praedicti
1171 4712 1290 4774 inllrmi

542 4803 657 4882 absque
676 4803 875 4865 sacramentis
896 4803 1099 4880 decederent3
1115 4821 1149 4867 ac
1163 4805 1291 4884 proinde

541 4897 680 4975 ipsorum
702 4896 928 4974 exponentium
950 4897 1078 4959 nomine
1096 4897 1195 4960 eidem
1213 4901 1303 4970 con:

542 4989 716 5066 gregationi
739 4988 948 5053 cardinalium
973 4989 1155 5070 supplicato,
1178 4999 1214 5054 ut
1235 5007 1291 5071 pro

542 5088 716 5161 opportuno
739 5083 875 5145 remedio
898 5083 1072 5160 indulgere,
1089 5101 1123 5146 ac
1137 5085 1291 5162 impertiri

541 5175 637 5238 vellet
667 5181 848 5253 perpetuam
877 5175 1056 5239 lacultatem
1087 5177 1239 5256 praelecto
1260 5186 1291 5240 et

541 5267 720 5330 delinitorio
752 5267 948 5344 generalibus
980 5285 1036 5348 pro
1067 5277 1207 5348 tempore
1227 5273 1291 5334 exi·

541 5367 644 5422 stante
665 5361 738 5422 dicti
752 5360 874 5424 Ordinis
888 5361 1071 5425 admittendi
1087 5364 1289 5442 imposterum

541 5455 578 5515 ad
598 5452 739 5514 habitum
767 5461 798 5516 et
825 5453 1048 5533 professionem
1079 5473 1291 5535 quoscumque

542 5545 737 5625 presbyteros
758 5547 938 5618 saeculares,
955 5554 986 5608 et
1001 5550 1036 5611 ad
1051 5564 1151 5610 sacros
1167 5551 1291 5612 ordines

542 5639 575 5700 in
589 5639 711 5701 saeculo
726 5646 892 5719 promotos,
910 5642 963 5722 qui
978 5643 1014 5705 acl
1028 5642 1086 5704 boo
1101 5641 1203 5705 idonei
1218 5657 1290 5705 cen·

541 5737 697 5808 serentur,
714 5735 883 5798 dummodo
905 5743 1087 5799 tamennon
1104 5737 1291 5800 excederent

542 5837 715 5888 numerum
743 5828 915 5904 praefixum
936 5829 969 5890 in
991 5828 1155 5907 praecitato
1183 5828 1291 5906 quinta

541 5917 731 5994 conditione,
754 5935 824 5982 cum
856 5927 1006 5998 potestate
1036 5921 1129 5984 etiam
1149 5921 1291 5984 subdele-

1064 582 1129 628 litte.
1153 581 1244 626 PON'l'·
1268 581 1309 626 ult
1330 581 1360 628 Ρ.
1384 581 1413 627 F·
1438 583 1521 628 PARS
1543 583 1564 628 1.

2124 563 2180 620 An.
2197 565 2230 619 c.
2252 566 2316 619 ttae

1346 699 1439 778 gandi
1460 699 1494 762 in
1516 700 1633 764 casibus
1654 701 1834 765 necessariis
1859 702 1950 764 istam
1970 701 2097 766 laculta-

1347 800 1412 856 tarn
1433 793 1579 856 omnibus
1611 795 1823 873 superioribus
1854 795 2002 858 localibus
2023 797 2096 860 dicti

1346 887 1468 950 Ordinis
1499 888 1684 964 degentibus
1712 888 1745 950 in
1768 889 1873 966 regnis
1904 890 2045 952 Peruano
2066 897 2097 954 et

1347 981 1516 1055 llexicano,
1533 989 1563 1044 et
1584 997 1657 1044 cum
1675 983 1816 1060 expressa
1830 981 2032 1059 derogatione
2045 999 2098 1045 sn-

1348 1074 1476 1152 pradicti
1496 1089 1560 1152 cap.
1578 1091 1627 1149 rx,
1644 1091 1732 1136 num.
1746 1091 1802 1136 vn.
1819 1075 2096 1153 constitutionum,

1347 1167 1399 1230 ubi
1421 1183 1565 1246 expresse
1585 1173 1723 1240 caretur,
1747 1183 1788 1228 ne
1808 1168 1980 1246 presbyteri
1994 1185 2100 1232 saecu-

1347 1261 1425 1322 lares
1446 1269 1478 1322 et
1505 1261 1538 1322 in
1567 1260 1727 1322 ordinibus
1759 1261 1851 1344 sacris
1882 1261 2043 1325 constituti
2064 1263 2097 1324 in

1348 1353 1533 1430 religionem
1563 1352 1729 1431 praelatam
1760 1351 1983 1416 admittantur:
2015 1370 2099 1416 ema·

1347 1447 1433 1508 navit
1464 1447 1501 1508 ab
1532 1446 1639 1508 eadem
1672 1446 1922 1524 congregatione
1953 1446 2099 1511 cardina-

1346 1539 1425 1602 lium
1446 1540 1605 1602 decretum
1627 1540 1744 1603 tenoris
1765 1541 1819 1618 qui
1841 1541 1994 1620 sequitur,
2010 1541 2097 1605 vide-

1347 1633 1418 1696 licet
1431 1658 1439 1694 :

1388 1821 1477 1885 Sacra
1499 1821 1706 1899 congregatio
1728 1823 2052 1887 eminentissimorum
2067 1831 2098 1886 et
2118 1829 2330 1938 numenque

1347 1915 1681 1978 reverendissimorum
1704 1915 1735 1980 S.
1762 1916 1798 1978 b.
1827 1917 1861 1979 E.
1886 1918 2097 1981 cardinalium
2117 1935 2273 1994 mammona
2288 1908 2330 1981 uae

1346 2009 1479 2084 negotiis
1505 2016 1535 2070 et
1562 2009 1842 2072 consultationibus
1873 2011 2098 2090 cpiscoporum
2117 1997 2247 2088 ἱᾞῖξὶιῖθ
2267 1999 2330 2036 ⁸¹³²·

1346 2109 1378 2162 et
1395 2100 1598 2178 Regularium
1613 2102 1796 2180 praeposita,
1812 2105 1939 2166 attentis
1954 2105 2098 2180 narratis,

1347 2193 1503 2256 referente
1524 2194 1773 2256 eminentissimo
1789 2195 1943 2259 cardinali
1958 2196 2098 2276 Balluga,

1346 2289 1468 2350 censuit
1488 2287 1732 2363 rescribendum,
1750 2296 1842 2366 prout
1861 2292 2031 2368 praesentis
2046 2293 2099 2353 de·

1347 2381 1423 2442 oreti
1444 2381 1553 2457 vigore
1574 2380 1710 2457 benigne
1728 2382 1880 2458 rescribit,
1897 2382 1959 2444 Pro
1974 2383 2097 2463 protili,

1348 2481 1386 2534 tot
1408 2473 1540 2550 petitur.
1575 2473 1706 2550 Romae,
1735 2475 1785 2536 die
1806 2491 1883 2537 xxx.
1914 2476 2099 2554 septembris

1349 2581 1528 2627 xnccxxrx.
1552 2565 1574 2627 l.
1599 2567 1804 2630 anncrscus
1826 2569 1915 2632 card.
1938 2569 2096 2633 Lnncanr.
2403 2625 2404 2632 ,

1349 2661 1437 2722 -Α.
1454 2658 1709 2739 archiepiscopus
1730 2661 1883 2724 Panansrs
1901 2663 2096 2726 secretarius.

1349 2751 1588 2830 Loco†sipiili.

1388 2941 1456 3016 52.
1482 2941 1560 3004 cum
1586 2948 1702 3017 autem,
1724 2942 1804 3006 siout
1834 2945 1981 3023 praedicti
2012 2961 2099 3025 prae·
2166 2955 2328 3018 conamine

1349 3033 1446 3098 iectus
1467 3041 1498 3097 et
1519 3036 1696 3098 assistentes
1728 3038 1889 3116 generales
1919 3039 2008 3102 nobis
2028 3039 2099 3102 sub
2118 3009 2195 3059 ”¹³⁸¹
2213 3009 2312 3058 ‘m'

1349 3127 1421 3190 inde
1451 3129 1565 3207 exponi
1596 3129 1749 3206 lecerunt,
1781 3131 1838 3209 ipsi
1859 3131 2020 3194 decretum
2041 3133 2098 3195 bu·

1349 3220 1493 3297 iusmodi,
1516 3237 1577 3300 quo
1599 3223 1719 3286 firmius
1743 3224 1888 3288 subsistat
1909 3231 1942 3286 et
1962 3225 2099 3289 exactius

1348 3322 1512 3390 servetur,
1548 3317 1730 3394 apostolicae
1764 3318 2009 3381 confirmationis
2043 3335 2099 3381 no·

1347 3414 1429 3469 strae
1443 3409 1614 3488 patrocinio
1629 3410 1818 3476 communiri
1833 3425 2033 3490 summopere
2048 3413 2100 3475 de·

1347 3501 1503 3564 siderent:
1537 3517 1609 3576 nos,
1642 3504 1721 3582 ipsos
1748 3510 1941 3584 exponentes
1962 3505 2100 3584 speciali·

1349 3595 1405 3657 bns
1433 3593 1589 3656 lareribus
1617 3603 1648 3658 et
1679 3597 1784 3674 gratiis
1815 3598 1958 3676 prosequi
1991 3599 2098 3662 uolen-

1348 3694 1405 3762 tes,
1428 3686 1617 3766 illorumque
1637 3689 1809 3766 singulares
1829 3705 1974 3769 personas
1995 3706 2012 3750 a
2032 3692 2105 3771 qui-

1348 3779 1453 3841 busvis
1474 3782 1816 3857 excommunicationis,
1838 3784 2049 3862 suspensionis
2069 3791 2099 3847 ct

1348 3872 1515 3949 interdicti,
1538 3873 1667 3954 aliisque
1688 3875 1896 3938 ecclesiasticis
1921 3877 2096 3952 sententiis,

1348 3967 1487 4029 censuris
1509 3973 1539 4029 et
1561 3967 1679 4046 poenis,
1702 3985 1717 4028 a
1740 3968 1808 4030 inre
1830 3968 1880 4032 rel
1899 3971 1936 4032 ab
1957 3969 2096 4046 bomine,
2126 4045 2138 4060 ·

1348 4059 1457 4138 quavis
1478 4062 1635 4122 occasione
1656 4061 1706 4123 rel
1728 4063 1816 4124 causa
1838 4061 1915 4138 latis,
1939 4063 1964 4124 si
1986 4063 2098 4143 quibus

1348 4153 1579 4232 quomodolibet
1600 4153 1764 4216 innodatae
1785 4155 1937 4230 existunt,
1954 4157 1989 4219 ad
2009 4155 2098 4220 ellec-

1346 4253 1416 4308 tum
1430 4247 1642 4326 praasentium
1658 4249 1818 4310 dumtaxat
1830 4248 2096 4328 consequendum,

1348 4341 1459 4403 barum
1479 4340 1559 4400 serie
1580 4339 1785 4416 absolventes,
1808 4349 1839 4404 et
1859 4341 2011 4404 absolutas
2033 4342 2098 4406 lore

1347 4440 1519 4508 censentes,
1542 4431 1816 4511 supplicationibus
1837 4449 1947 4496 eorum
1969 4435 2097 4497 nomine

1347 4525 1434 4587 nobis
1455 4541 1549 4603 super
1570 4527 1627 4588 boc
1648 4527 1811 4589 humiliter
1839 4527 1987 4606 porrectis
2010 4527 2097 4590 incli-

1346 4619 1425 4693 nati,
1456 4618 1617 4681 decretum
1648 4620 1886 4697 praeinsertum,
1915 4622 2098 4684 auctoritate

1345 4711 1524 4788 apostolica,
1559 4720 1668 4774 tenore
1698 4713 1926 4790 praesentium,
1953 4713 2097 4794 approba-

1346 4819 1417 4866 mus
1444 4811 1474 4866 et
1499 4807 1734 4880 confirmamus,
1767 4805 1877 4884 illique
1906 4806 2096 4868 inviolabilis

1346 4897 1528 4978 apostolicae
1559 4899 1715 4962 firmitatis
1745 4899 1841 4961 robur
1868 4899 2040 4976 adiicimus,
2063 4916 2098 4961 ac

1346 5007 1455 5053 omnes
1476 4998 1507 5052 et
1527 4992 1666 5068 singulos
1699 4991 1774 5054 iuris
1796 5000 1827 5054 et
1848 4991 1918 5055 lacti
1946 4992 2095 5069 deiectus,

1346 5087 1370 5145 sl
1393 5085 1447 5162 qui
1462 5085 1593 5162 desuper
1607 5085 1838 5163 quomodolibet
1853 5085 2094 5161 intervenerint,

1346 5178 1540 5257 supplemus;
1572 5178 1655 5240 selva
1687 5187 1791 5240 tamen
1813 5193 1935 5257 semper
1956 5179 1989 5240 in
2011 5193 2097 5256 prae-

1347 5271 1446 5332 missis
1467 5271 1648 5333 auctoritate
1670 5279 1859 5334 memoratae
1877 5273 2097 5350 congregatio·

1347 5364 1395 5424 nis
1418 5364 1640 5427 cardinalium.

1386 5457 1405 5531 5
1426 5455 1455 5518 3.
1483 5457 1707 5533 Decernentes,
1739 5459 1818 5535 ipsas
1844 5465 2021 5536 praesentes
2047 5459 2097 5522 lit-

1346 5555 1426 5611 teras
1453 5550 1573 5623 firmas,
1604 5549 1719 5613 validas
1743 5557 1773 5612 et
1799 5551 1934 5614 efficaces
1961 5551 2097 5614 existere

1346 5649 1378 5703 et
1401 5641 1480 5717 iore,
1506 5657 1638 5722 suosque
1664 5643 1818 5721 plenarios
1844 5653 1875 5706 et
1896 5644 2035 5721 integros
2052 5645 2096 5706 el·

1346 5735 1443 5798 lectus
1463 5736 1568 5798 sortiri
1589 5743 1621 5799 et
1641 5737 1796 5812 obtinere,
1816 5753 1850 5800 ac
1871 5737 1942 5814 illis,
1962 5737 1998 5798 ad
2019 5753 2095 5816 quos

1346 5834 1460 5906 spectat
1480 5835 1511 5890 et
1532 5829 1680 5907 spectabit
1696 5829 1728 5892 in
1744 5829 1898 5906 luterum,
1915 5831 2096 5909 plenissime

1346 5921 1519 5998 suffragari,
1541 5931 1572 5984 et
1592 5923 1629 5985 ab
1650 5923 1694 5985 eis
1715 5923 1888 6002 respective
1910 5923 2096 5987 inviolabili-

2143 5481 2288 5532 Clansnlet
