4836 6998
1815 585 1874 652 1011
1923 583 2021 644 01000.
2043 591 2111 646 1118

352 729 491 808 partibus
511 726 672 807 Hispaniae
694 741 747 806 pro
768 724 842 789 locis
862 727 1096 790 Terraesanctae
1152 726 1271 790 vinciae
1290 726 1537 806 Philippinarum
1558 725 1680 791 Ordinis
1703 727 1834 790 fratrum
1856 728 1893 789 it·

353 831 384 884 et
404 822 597 903 captivorum
618 819 833 900 redemptione
854 820 922 881 steri
944 833 1095 884 momora·
1151 821 1336 883 remitarum
1357 821 1458 884 Sancti
1480 821 1659 897 Augustini,
1678 819 1760 900 quod
1780 821 1817 884 ab
1836 823 1894 884 im·

353 925 421 978 tur:
444 916 533 978 nobis
554 923 714 994 propterea
736 913 836 976 dictus
862 913 1019 993 Philippus
1040 929 1095 976 rex
1152 914 1345 977 memorabili
1365 922 1516 994 tompore,
1538 922 1570 977 el
1590 915 1692 978 forsan
1706 931 1723 976 a
1737 915 1894 994 primaeva

352 1009 516 1072 humiliter
536 1008 699 1088 supplicari
721 1007 794 1070 iecit
815 1015 850 1070 nt
872 1007 904 1072 in
920 1007 1095 1087 praemissis
1119 1017 1120 1024 ’
1151 1005 1249 1070 dictae
1270 1008 1447 1086 provinciae
1467 1007 1662 1085 fundatione,
1686 1011 1803 1072 attenti
1823 1008 1895 1072 reli·

352 1113 527 1183 opportune
547 1102 709 1182 providere
723 1109 755 1163 et
777 1109 811 1165 ut
833 1100 1096 1188 infra-indulgere
1119 1129 1120 1132 ¹
1152 1101 1308 1178 giosorum
1339 1099 1493 1164 vocalium
1519 1103 1688 1182 paucitate,
1715 1113 1748 1167 et
1776 1105 1894 1166 ratione

351 1199 391 1260 de
411 1196 604 1274 benignitate
624 1196 787 1276 apostolica
807 1195 1020 1274 dignaremur.
1151 1195 1279 1259 alicuius
1301 1194 1426 1271 indulti,
1449 1213 1504 1259 seu
1526 1199 1621 1276 ipsius
1645 1199 1822 1278 provinciae
1842 1199 1893 1262 de·

113 1293 333 1398 pfagffifss‘m
392 1290 461 1365 53.
485 1288 547 1352 Nos
574 1290 685 1363 igitur,
708 1289 766 1367 piis
793 1288 933 1352 eiusdem
963 1287 1094 1378 Philippi
1150 1291 1383 1365 terminatione,
1406 1298 1531 1354 cautum
1547 1293 1713 1369 reperitur,
1729 1294 1811 1372 quod
1825 1308 1894 1372 pro-

283 1379 290 1393 ‘
352 1380 434 1460 rogis
455 1381 535 1444 votis
556 1381 664 1444 bacin
692 1397 742 1457 re,
770 1388 924 1460 quantum
944 1397 1016 1444 cum
1037 1383 1096 1444 110-
1150 1393 1274 1447 curator
1305 1384 1457 1461 generalis
1487 1392 1518 1446 et
1532 1446 1534 1452 ,
1548 1385 1690 1464 superior
1719 1393 1895 1449 conventus

351 1477 438 1539 mino
458 1489 633 1556 possumus,
655 1474 863 1537 favorabiliter
883 1489 1022 1537 annuere
1042 1490 1095 1536 vo·
1151 1477 1339 1553 blanilcnsis,
1362 1478 1518 1556 praecipui
1531 1485 1562 1540 et
1577 1478 1753 1558 principalis
1768 1479 1799 1541 in
1815 1479 1894 1542 dicti

352 1569 463 1653 lentes,
485 1567 759 1648 supplicationibus
776 1567 841 1630 eius
863 1567 991 1629 nomine
1006 1567 1095 1630 uobis
1150 1570 1322 1648 provincia,
1335 1585 1444 1634 vocem
1464 1580 1496 1633 et
1517 1578 1627 1634 votum
1648 1573 1779 1635 babeant
1800 1572 1832 1634 in
1848 1587 1894 1635 ca·

351 1677 444 1742 super
465 1663 522 1726 boc
541 1661 704 1725 humiliter
719 1661 868 1740 porrectis
890 1659 1095 1734 inclinatque
1151 1661 1258 1740 pilulis
1279 1661 1529 1741 provincialibus,
1545 1663 1632 1726 cuius
1654 1670 1758 1726 tamen
1780 1663 1895 1726 indulti

351 1755 576 1818 venerabilium
601 1753 733 1817 fratrum
761 1761 939 1818 nostrorum
961 1754 992 1818 S.
1009 1754 1091 1816 itit.
1150 1771 1205 1818 300
1227 1756 1493 1819 determinationis
1518 1757 1667 1818 memoria
1695 1755 1828 1820 minime
1848 1774 1896 1820 re·

981 602 1178 652 RENEDICTUS
1199 603 1269 653 xm.

352 1849 561 1914 Gurdinalium
589 1848 718 1914 Gonoilii
744 1847 918 1911 Tridentini
945 1849 1094 1928 interpre·
1151 1849 1281 1927 peritur.
1306 1849 1384 1912 Cum
1400 1851 1609 1924 aulem,sicut
1624 1851 1730 1914 eadem
1745 1851 1895 1930 expositio

351 1951 431 2019 tunt,
447 1943 499 2022 001
521 1949 629 2005 totum
646 1942 750 2006 dilecti
765 1942 820 2004 11111
834 1941 932 2004 nostri
946 1942 1095 2005 Ludovici
1149 1942 1370 2019 subiungebat,
1393 1943 1425 2005 in
1447 1943 1604 2022 provincia
1625 1943 1803 2008 huiusmodi
1823 1942 1895 2004 reli·

304 2065 306 2070 v
349 2037 383 2101 S.
394 2035 430 2099 11.
441 2037 476 2098 E.
491 2036 660 2101 cardinalis
675 2035 801 2113 Belluga
813 2044 844 2098 et
855 2035 999 2099 Moncada
1014 2051 1096 2097 nun·
1151 2035 1227 2112 giosi
1248 2037 1285 2098 ad
1317 2037 1476 2099 missiones
1497 2044 1528 2100 et
1553 2053 1684 2100 munera
1711 2037 1895 2116 parochialia

350 2131 452 2210 cupati
463 2131 499 2194 ad
509 2129 661 2193 eiusmodi
675 2129 837 2207 negotium
853 2129 1095 2192 examinandum
1150 2127 1317 2208 deputandi
1338 2130 1411 2205 sint,
1428 2127 1589 2210 multaque
1610 2131 1667 2192 alia
1681 2130 1780 2192 officia
1794 2129 1894 2193 distri·

350 2225 388 2287 ab
409 2223 515 2287 eadem
530 2225 780 2302 congregatione
801 2225 936 2304 deputati
958 2223 1095 2286 attende·
1151 2222 1204 2285 bui
1224 2221 1371 2298 debeant,
1399 2223 1548 2302 paucique
1569 2223 1703 2286 existant
1726 2224 1843 2302 priores
1863 2231 1894 2285 et

350 2327 439 2394 runt,
460 2319 602 2394 consilio,
622 2327 658 2382 ut
678 2317 803 2380 nullum
827 2324 1046 2380 testamentum
1061 2318 1098 2384 in
1152 2315 1258 2378 nullus
1278 2317 1356 2379 adsit
1378 2317 1526 2398 magister
1539 2319 1593 2396 qui
1607 2331 1716 2379 vocem
1737 2317 1846 2380 babeat
1862 2317 1894 2380 in

350 2413 489 2491 partibus
510 2411 668 2474 indiarum
696 2410 807 2473 confici
827 2411 941 2483 valeat,
964 2411 1030 2472 sive
1051 2417 1095 2471 te·
1150 2409 1303 2488 capitulis,
1323 2411 1380 2490 ipsi
1403 2419 1605 2490 exponentes,
1621 2413 1656 2474 ad
1677 2411 1827 2474 maionem
1848 2413 1894 2474 in-

350 2514 447 2569 stator
471 2507 511 2568 sit
538 2505 631 2569 laicus
652 2506 718 2567 sive
749 2503 985 2580 ecclesiasticus,
1017 2503 1095 2583 quin
1151 2503 1231 2566 dulti
1244 2519 1298 2566 seu
1314 2502 1580 2566 determinationis
1595 2503 1773 2567 uniusmodi
1787 2504 1895 2568 validi-

349 2615 405 2678 pcr
427 2599 507 2679 ipsos
528 2598 628 2677 aliqua
649 2598 844 2676 eleemosyna
859 2612 1035 2677 proeorum
1049 2612 1095 2657 ar·
1152 2603 1246 2658 tatem
1267 2604 1298 2659 et
1318 2597 1523 2660 conscientiae
1537 2598 1686 2676 quietem,
1703 2595 1753 2660 illa
1769 2613 1824 2677 per
1838 2613 1894 2660 nos

350 2693 443 2755 bitrio
464 2699 496 2754 et
517 2692 683 2755 devotione
705 2692 858 2770 praedicto
883 2691 980 2754 lfonti
1001 2687 1095 2768 appli-
1150 2690 1310 2768 approbari
1324 2697 1356 2754 ot
1369 2691 1547 2754 confirmari
1566 2705 1765 2770 summopere
1778 2691 1896 2754 deside-

350 2787 444 2849 canda
465 2785 672 2864 relinquatur,
690 2785 767 2847 dicta
789 2785 972 2846 auctoritate
987 2791 1096 2844 tenore
1151 2789 1237 2845 rent:
1262 2784 1349 2846 nobis
1369 2791 1529 2864 propterea
1550 2784 1714 2846 humiliter
1729 2785 1894 2866 supplicari

351 2879 579 2959 praesentium,
611 2877 817 2958 praecipimus
844 2884 875 2940 et
903 2877 1091 2940 ordinamus.
1150 2875 1293 2940 feceruut
1319 2885 1355 2940 ut
1375 2878 1431 2940 sibi
1456 2879 1489 2940 in
1521 2879 1693 2957 praemissis
1721 2887 1895 2958 opportune

350 2971 418 3036 Non
440 2974 630 3036 obstantibus
650 2971 795 3034 omnibus
815 2979 846 3033 et
866 2971 999 3048 singulis
1020 2971 1092 3046 illis,
1150 2973 1314 3051 providere
1329 2981 1359 3035 et
1374 2980 1409 3036 ut
1423 2973 1503 3035 iufra
1522 2972 1686 3050 indulgere
1699 2974 1737 3036 de
1752 2973 1894 3053 benigni-

347 3082 429 3146 quae
455 3067 488 3128 in
513 3065 675 3146 praedictis
700 3065 813 3126 nostris
840 3065 952 3127 litteris
973 3081 1095 3128 conces-
1149 3072 1212 3128 tete
1232 3066 1394 3146 apostolica
1414 3067 1624 3144 dignaremur.

349 3158 501 3238 31001311)
516 3175 580 3221 000
595 3157 728 3232 obstare,
745 3159 918 3236 colerisque
932 3159 1094 3221 contrariis
1189 3161 1208 3234 ἓ
1228 3160 1257 3221 1.
1281 3159 1343 3221 Νο3
1372 3159 1485 3237 igitur,
1507 3159 1587 3238 ipsos
1615 3169 1806 3240 exponentes
1826 3178 1893 3242 spe·
1913 3233 1917 3244 ,
1960 3179 2124 3244 caparnaum

349 3254 607 3332 quibuscumque.
1149 3252 1275 3315 cialibus
1290 3252 1447 3316 favoribus
1461 3261 1492 3314 01
1510 3253 1616 3329 gratiis
1627 3255 1770 3333 prosequi
1785 3254 1892 3317 rolen—
1910 3233 2124 3335 ἱξῗξξξᾎξῖῗοξῗ,

41 3389 49 3400 .
125 3355 331 3422 0300000000
388 3347 457 3423 54.
478 3346 749 3410 Volumusautem
764 3353 799 3408 ut
820 3345 1031 3424 praesentium
1046 3345 1094 3408 lit·
1150 3355 1206 3422 tes,
1219 3353 1249 3408 et
1267 3362 1375 3408 eorum
1390 3347 1563 3424 singulares
1577 3347 1892 3427 personasaquibns·
1911 3341 2045 3400 patratae.

116 3411 293 3468 transumptis.
348 3451 488 3506 terarum
509 3440 721 3520 transumptis,
743 3455 798 3501 300
817 3439 978 3518 exemplis,
1000 3439 1093 3501 etiam
1150 3441 1196 3502 vis
1217 3439 1558 3516 excommunicationis,
1570 3441 1780 3520 suspensionis
1798 3450 1832 3505 et
1845 3445 1892 3505 in-

349 3537 523 3616 impressis,
556 3549 651 3598 manu
682 3531 809 3596 alicuius
841 3533 954 3596 notarii
980 3532 1094 3612 publici
1149 3534 1287 3610 terdioti,
1317 3533 1447 3613 aliisque
1474 3533 1685 3598 ecclesiasticis
1712 3537 1890 3614 sententiis,

348 3629 542 3709 subscriptis,
565 3635 596 3690 et
616 3626 718 3704 sigillo
734 3637 884 3705 personae
898 3627 931 3690 in
954 3626 1094 3690 ecclesia·
1148 3629 1287 3692 censuris
1305 3636 1335 3691 et
1355 3629 1475 3708 poenis,
1498 3645 1514 3690 a
1535 3630 1604 3693 iuro
1624 3631 1675 3694 vel
1695 3631 1733 3694 ab
1754 3633 1890 3709 homine,

346 3723 422 3786 31101
442 3721 595 3799 dignitate
618 3722 803 3783 constitutae
828 3719 971 3798 munitis,
986 3720 1093 3783 eadem
1149 3723 1256 3800 quavis
1277 3723 1435 3785 occasione
1455 3723 1506 3785 vel
1527 3725 1614 3786 causa
1635 3725 1715 3801 latis,
1733 3726 1759 3788 si
1780 3727 1892 3804 quibus

347 3831 475 3898 prorsus
486 3814 562 3878 111103
573 3813 688 3894 ubique
699 3813 925 3889 locorum,tam
936 3814 969 3874 in
981 3813 1093 3876 iudicio
1149 3815 1379 3892 quomodolibet
1399 3815 1563 3878 innodatae
1584 3816 1734 3893 existunt,
1746 3819 1783 3881 ad
1804 3819 1893 3881 effec-

347 3925 442 3989 quam
462 3915 548 3971 extra
563 3907 639 3970 illud
654 3906 812 3982 habeatur,
836 3923 914 3986 quae
927 3907 1093 3970 baberetur
1150 3917 1217 3972 turn
1233 3909 1442 3987 praesentium
1455 3910 1614 3972 dumtaxat
1625 3912 1889 3989 consequendum,

348 4003 421 4082 ipsis
441 4001 670 4082 praesentibus,
692 3999 717 4062 si
739 3999 842 4062 forent
867 3999 1022 4063 exhibitae
1043 4000 1093 4062 vel
1149 4002 1259 4065 harum
1280 4003 1361 4064 serie
1384 4002 1577 4065 absolventes
1597 4009 1629 4066 et
1650 4004 1802 4068 absolutas
1827 4003 1892 4066 fore

349 4102 499 4158 ostensae.
1148 4105 1320 4172 censentes,
1332 4095 1510 4159 huiusmodi
1520 4097 1794 4175 supplicationibus
1806 4097 1891 4161 incli-

387 4189 500 4252 flatum
526 4189 652 4264 Romae,
682 4188 762 4268 apud
783 4187 815 4251 S.
846 4187 972 4251 Mariam
1002 4188 1092 4252 11010-
1148 4189 1230 4266 0011,
1257 4189 1416 4253 indultum
1435 4205 1490 4252 seu
1511 4191 1816 4270 determinationem,
1838 4205 1893 4270 per

347 4299 426 4360 rem,
445 4283 504 4346 sub
527 4283 644 4346 annulo
658 4281 832 4356 Piscatoris,
855 4281 905 4345 die
926 4297 1093 4359 0100000-
1148 4299 1227 4360 quae
1245 4282 1426 4363 procurator
1447 4283 1599 4360 generalis
1620 4293 1650 4347 ot
1663 4285 1804 4364 superior
1821 4301 1891 4349 con-

346 4377 387 4438 sti
409 4391 613 4451 nncoxxvn„
636 4373 746 4454 pontif.
768 4375 866 4436 nostri
888 4391 970 4438 anno
986 4391 1028 4436 tv.
1148 4375 1447 4440 vontusllanilousis
1461 4377 1607 4455 praedicti
1621 4385 1892 4442 vocemetvotum

1148 4471 1262 4534 babent
1283 4469 1316 4531 in
1337 4469 1478 4550 capitulis
1492 4471 1742 4550 provincialibus,
1758 4480 1893 4552 010100-

1149 4562 1261 4640 fertur,
1284 4563 1466 4626 auctoritato
1486 4564 1660 4644 apostolica,
1676 4573 1785 4628 tenore
1805 4583 1892 4646 prae-

1148 4659 1296 4735 sentium,
1312 4658 1533 4720 confirmamus
1547 4665 1578 4720 et
1592 4657 1806 4741 approbamus,
1817 4660 1891 4723 illis-

1149 4767 1210 4830 que
1231 4749 1417 4814 inviolabilis
1437 4751 1618 4831 apostolicae
1630 4753 1785 4816 firmitatis
1797 4753 1892 4816 robur

600 4520 838 4532 -ῄ-

677 4617 759 4683 lilii.

349 4753 525 4834 Confirmat
547 4753 714 4817 indultam
732 4755 915 4832 prouinciae
935 4751 1092 4832 11111001-

387 4841 660 4912 001000011013
683 4847 904 4912 Eremitorom
928 4847 959 4912 S.
982 4848 1092 4928 Anqu-

388 4943 480 5016 stilti,
496 4959 556 5022 quo
572 4948 766 5019 procurator
784 4943 943 5022 generalis
958 4949 987 5004 et
1002 4957 1093 5019 sope-

388 5037 459 5099 1103
479 5042 652 5098 moveator
684 5035 875 5100 Macilentis
896 5035 1091 5115 sttffropiooa

1148 4845 1326 4921 adficimus,
1348 4862 1381 4907 ac
1406 4861 1515 4906 omnes
1546 4853 1577 4908 01
1597 4845 1737 4924 singulos
1764 4847 1840 4909 iuris
1859 4855 1891 4908 01

1147 4937 1218 5002 10011
1239 4939 1385 5016 deiectae,
1401 4938 1426 5000 si
1440 4939 1493 5018 qui
1507 4939 1639 5019 desuper
1659 4939 1892 5018 quomodolibet

1148 5033 1377 5096 intervenerint
1397 5033 1591 5112 supplemus;
1614 5033 1692 5096 itaut
1707 5033 1800 5096 iidem
1820 5047 1891 5112 pro·

388 5131 480 5303 icem(
493 5135 627 5304 possunt
649 5129 685 5189 in
708 5128 860 5206 capitulis
880 5129 1090 5206 provinciali·

407 5239 445 5284 oa
516 5265 523 5282 .

517 5389 760 5462 cantoratus
776 5395 836 5462 ΡΡ.
851 5390 919 5461 xttt.

467 5515 972 5602 mmmmmmmm

1147 5133 1270 5189 curator
1291 5127 1443 5203 generalis
1457 5134 1488 5190 et
1501 5128 1654 5207 superior,
1670 5142 1843 5206 eorumque
1857 5127 1890 5189 in

1147 5219 1309 5299 praedictis
1329 5221 1513 5284 munoribus
1532 5237 1721 5284 successores
1735 5221 1768 5283 in
1783 5235 1892 5300 perpo-

1147 5321 1250 5391 tuum,
1273 5313 1506 5378 immemoratio
1533 5315 1673 5394 capitulis
1694 5315 1891 5394 provinciali·

1146 5407 1203 5470 bus
1234 5407 1406 5486 praedictae
1438 5408 1614 5488 provinciae
1644 5408 1890 5488 Philippinarum

1146 5501 1329 5578 suffragium
1349 5501 1430 5565 ferre
1450 5503 1566 5582 possint
1587 5511 1618 5564 01
1638 5503 1771 5566 valeant.

1186 5593 1255 5674 53.
1282 5595 1500 5670 Decernentes,
1531 5595 1609 5674 ipsas
1633 5601 1809 5674 praesentes
1839 5593 1890 5657 iit·

139 5705 272 5762 exponatu
289 5717 329 5764 ne·
386 5697 455 5773 51.
479 5697 599 5776 Exponi
613 5695 702 5760 nobis
717 5710 816 5774 nuper
837 5693 976 5757 iecerunt
988 5689 1091 5754 dilecti
1147 5695 1227 5750 teras
1251 5689 1371 5766 firmas,
1399 5689 1512 5752 validas
1537 5697 1568 5751 et
1596 5687 1731 5752 efficaces
1756 5689 1890 5751 existere

82 5805 87 5813 ·
113 5759 224 5806 'mmm'
348 5789 403 5852 illii
424 5790 508 5870 prior
529 5789 726 5868 provincialis
739 5797 770 5851 et
787 5787 1001 5852 definitorium
1023 5799 1092 5863 pro·
1148 5790 1179 5844 θῑ
1200 5782 1891 5864 1019181081161Ῑ611110961111θέ105611

388 6005 418 6062 (l)
434 6005 491 6062 teg.
507 6007 684 6048 concessimus
698 6003 739 6048 vel
753 6011 874 6047 concessa
888 6007 960 6047 0001.
1115 6003 1121 6056 1
1186 6001 1215 6058 (t)
1231 6001 1268 6044 Ex
1282 5999 1385 6056 Regest.
1401 5997 1428 6042 la
1443 5996 1518 6042 arcii.
1533 5997 1604 6048 Brov.
