<?xml version="1.0" encoding="UTF-8"?>
<!DOCTYPE html PUBLIC "-//W3C//DTD XHTML 1.0 Transitional//EN"
    "http://www.w3.org/TR/xhtml1/DTD/xhtml1-transitional.dtd">
<html xmlns="http://www.w3.org/1999/xhtml" xml:lang="en" lang="en">
 <head>
  <title>
</title>
<meta http-equiv="Content-Type" content="text/html;charset=utf-8" />
  <meta name='ocr-system' content='tesseract 3.04.00' />
  <meta name='ocr-capabilities' content='ocr_page ocr_carea ocr_par ocr_line ocrx_word'/>
</head>
<body>
  <div class='ocr_page' id='page_1' title='image "./iurispontificii04martgoog_0446.png"; bbox 0 0 4836 6998; ppageno 0'>
   <div class='ocr_carea' id='block_1_1' title="bbox 326 536 625 605">
    <p class='ocr_par' dir='ltr' id='par_1_1' title="bbox 326 536 625 605">
     <span class='ocr_line' id='line_1_1' title="bbox 326 536 625 605; baseline -0.01 -9"><span class='ocrx_word' id='word_1_1' title='bbox 326 539 380 596; x_wconf 74' lang='lat' dir='ltr'>An.</span> <span class='ocrx_word' id='word_1_2' title='bbox 394 542 424 598; x_wconf 78' lang='lat'>0.</span> <span class='ocrx_word' id='word_1_3' title='bbox 446 541 513 596; x_wconf 73' lang='lat'>1732</span> <span class='ocrx_word' id='word_1_4' title='bbox 565 536 625 605; x_wconf 67' lang='lat'>438</span> 
     </span>
    </p>
   </div>
   <div class='ocr_carea' id='block_1_2' title="bbox 544 675 1320 1222">
    <p class='ocr_par' dir='ltr' id='par_1_2' title="bbox 544 675 1320 1222">
     <span class='ocr_line' id='line_1_2' title="bbox 544 675 1291 758; baseline -0.008 -16"><span class='ocrx_word' id='word_1_5' title='bbox 544 678 711 758; x_wconf 79' lang='lat' dir='ltr'>deputandi</span> <span class='ocrx_word' id='word_1_6' title='bbox 733 677 960 757; x_wconf 87' lang='lat' dir='ltr'>presbyterum,</span> <span class='ocrx_word' id='word_1_7' title='bbox 983 675 1037 755; x_wconf 92' lang='lat' dir='ltr'>qui</span> <span class='ocrx_word' id='word_1_8' title='bbox 1058 693 1141 740; x_wconf 88' lang='lat' dir='ltr'>unus</span> <span class='ocrx_word' id='word_1_9' title='bbox 1159 693 1196 740; x_wconf 91' lang='lat' dir='ltr'>ex</span> <span class='ocrx_word' id='word_1_10' title='bbox 1211 677 1291 740; x_wconf 88' lang='lat' dir='ltr'>eius-</span> 
     </span>
     <span class='ocr_line' id='line_1_3' title="bbox 544 771 1291 849; baseline -0.004 -14"><span class='ocrx_word' id='word_1_11' title='bbox 544 774 615 836; x_wconf 90' lang='lat' dir='ltr'>dem</span> <span class='ocrx_word' id='word_1_12' title='bbox 628 773 750 849; x_wconf 80' lang='lat' dir='ltr'>collegii</span> <span class='ocrx_word' id='word_1_13' title='bbox 765 773 918 844; x_wconf 76' lang='lat' dir='ltr'><strong>minister,</strong></span> <span class='ocrx_word' id='word_1_14' title='bbox 933 787 995 832; x_wconf 94' lang='lat' dir='ltr'>non</span> <span class='ocrx_word' id='word_1_15' title='bbox 1010 777 1112 832; x_wconf 92' lang='lat' dir='ltr'>tamen</span> <span class='ocrx_word' id='word_1_16' title='bbox 1129 771 1211 832; x_wconf 92' lang='lat' dir='ltr'>illius</span> <span class='ocrx_word' id='word_1_17' title='bbox 1226 788 1291 832; x_wconf 91' lang='lat' dir='ltr'>rec·</span> 
     </span>
     <span class='ocr_line' id='line_1_4' title="bbox 545 864 1291 944; baseline -0.005 -16"><span class='ocrx_word' id='word_1_18' title='bbox 545 875 593 928; x_wconf 95' lang='lat' dir='ltr'>tor</span> <span class='ocrx_word' id='word_1_19' title='bbox 612 867 735 939; x_wconf 88' lang='lat' dir='ltr'>existat,</span> <span class='ocrx_word' id='word_1_20' title='bbox 758 882 813 944; x_wconf 92' lang='lat' dir='ltr'>pro</span> <span class='ocrx_word' id='word_1_21' title='bbox 834 865 931 926; x_wconf 88' lang='lat' dir='ltr'>dictae</span> <span class='ocrx_word' id='word_1_22' title='bbox 952 865 1062 924; x_wconf 83' lang='lat' dir='ltr'>missae</span> <span class='ocrx_word' id='word_1_23' title='bbox 1084 864 1291 926; x_wconf 70' lang='lat' dir='ltr'>celebratione</span> 
     </span>
     <span class='ocr_line' id='line_1_5' title="bbox 544 957 1292 1038; baseline -0.008 -17"><span class='ocrx_word' id='word_1_24' title='bbox 544 961 692 1038; x_wconf 88' lang='lat' dir='ltr'>deputare</span> <span class='ocrx_word' id='word_1_25' title='bbox 712 965 827 1037; x_wconf 80' lang='lat' dir='ltr'>spectet</span> <span class='ocrx_word' id='word_1_26' title='bbox 849 965 879 1018; x_wconf 92' lang='lat' dir='ltr'>et</span> <span class='ocrx_word' id='word_1_27' title='bbox 901 959 1064 1034; x_wconf 79' lang='lat' dir='ltr'>pertineat,</span> <span class='ocrx_word' id='word_1_28' title='bbox 1088 974 1160 1018; x_wconf 91' lang='lat' dir='ltr'>cum</span> <span class='ocrx_word' id='word_1_29' title='bbox 1175 957 1233 1017; x_wconf 89' lang='lat' dir='ltr'>boc</span> <span class='ocrx_word' id='word_1_30' title='bbox 1249 964 1292 1018; x_wconf 91' lang='lat' dir='ltr'>ta·</span> 
     </span>
     <span class='ocr_line' id='line_1_6' title="bbox 544 1050 1320 1130; baseline -0.008 -16"><span class='ocrx_word' id='word_1_31' title='bbox 544 1069 617 1114; x_wconf 79' lang='lat' dir='ltr'>naen</span> <span class='ocrx_word' id='word_1_32' title='bbox 639 1053 719 1130; x_wconf 93' lang='lat' dir='ltr'>quod</span> <span class='ocrx_word' id='word_1_33' title='bbox 752 1067 836 1112; x_wconf 91' lang='lat' dir='ltr'>nuuc</span> <span class='ocrx_word' id='word_1_34' title='bbox 857 1058 888 1110; x_wconf 93' lang='lat' dir='ltr'>et</span> <span class='ocrx_word' id='word_1_35' title='bbox 909 1065 964 1128; x_wconf 91' lang='lat' dir='ltr'>pro</span> <span class='ocrx_word' id='word_1_36' title='bbox 987 1057 1126 1128; x_wconf 91' lang='lat' dir='ltr'>tempore</span> <span class='ocrx_word' id='word_1_37' title='bbox 1157 1050 1291 1110; x_wconf 75' lang='lat' dir='ltr'>existens</span> <span class='ocrx_word' id='word_1_38' title='bbox 1317 1067 1320 1121; x_wconf 82' lang='lat'>;</span> 
     </span>
     <span class='ocr_line' id='line_1_7' title="bbox 544 1124 1320 1222; baseline -0.009 -14"><span class='ocrx_word' id='word_1_39' title='bbox 544 1145 616 1208; x_wconf 89' lang='lat' dir='ltr'>dicti</span> <span class='ocrx_word' id='word_1_40' title='bbox 647 1144 826 1206; x_wconf 90' lang='lat' dir='ltr'>monasterii</span> <span class='ocrx_word' id='word_1_41' title='bbox 857 1143 946 1204; x_wconf 83' lang='lat' dir='ltr'>abbas</span> <span class='ocrx_word' id='word_1_42' title='bbox 967 1151 997 1204; x_wconf 90' lang='lat' dir='ltr'>et</span> <span class='ocrx_word' id='word_1_43' title='bbox 1019 1152 1187 1222; x_wconf 85' lang='lat' dir='ltr'>perpetuus</span> <span class='ocrx_word' id='word_1_44' title='bbox 1209 1158 1292 1204; x_wconf 90' lang='lat' dir='ltr'>com·</span> <span class='ocrx_word' id='word_1_45' title='bbox 1318 1124 1320 1178; x_wconf 74' lang='grc' dir='ltr'>Ι</span> 
     </span>
    </p>
   </div>
   <div class='ocr_carea' id='block_1_3' title="bbox 309 1235 1294 5972">
    <p class='ocr_par' dir='ltr' id='par_1_3' title="bbox 543 1235 1292 1856">
     <span class='ocr_line' id='line_1_8' title="bbox 544 1235 1292 1315; baseline -0.004 -17"><span class='ocrx_word' id='word_1_46' title='bbox 544 1238 754 1299; x_wconf 86' lang='lat' dir='ltr'>mandatarius</span> <span class='ocrx_word' id='word_1_47' title='bbox 785 1237 888 1298; x_wconf 89' lang='lat' dir='ltr'>eidem</span> <span class='ocrx_word' id='word_1_48' title='bbox 919 1235 1048 1312; x_wconf 84' lang='lat' dir='ltr'>collegio</span> <span class='ocrx_word' id='word_1_49' title='bbox 1075 1253 1130 1315; x_wconf 94' lang='lat' dir='ltr'>pro</span> <span class='ocrx_word' id='word_1_50' title='bbox 1159 1235 1292 1296; x_wconf 89' lang='lat' dir='ltr'>celebra-</span> 
     </span>
     <span class='ocr_line' id='line_1_9' title="bbox 543 1329 1291 1394; baseline -0.004 -3"><span class='ocrx_word' id='word_1_51' title='bbox 543 1331 629 1392; x_wconf 87' lang='lat' dir='ltr'>tione</span> <span class='ocrx_word' id='word_1_52' title='bbox 650 1329 759 1391; x_wconf 90' lang='lat' dir='ltr'>missae</span> <span class='ocrx_word' id='word_1_53' title='bbox 781 1337 958 1391; x_wconf 84' lang='lat' dir='ltr'>consuetam</span> <span class='ocrx_word' id='word_1_54' title='bbox 980 1332 1115 1394; x_wconf 91' lang='lat' dir='ltr'>duorum</span> <span class='ocrx_word' id='word_1_55' title='bbox 1137 1329 1291 1392; x_wconf 90' lang='lat' dir='ltr'>carolenu-</span> 
     </span>
     <span class='ocr_line' id='line_1_10' title="bbox 545 1423 1292 1502; baseline -0.004 -18"><span class='ocrx_word' id='word_1_56' title='bbox 545 1441 615 1484; x_wconf 92' lang='lat' dir='ltr'>rum</span> <span class='ocrx_word' id='word_1_57' title='bbox 637 1423 865 1501; x_wconf 63' lang='lat' dir='ltr'>praedicerent</span> <span class='ocrx_word' id='word_1_58' title='bbox 887 1440 942 1502; x_wconf 91' lang='lat' dir='ltr'>pro</span> <span class='ocrx_word' id='word_1_59' title='bbox 963 1423 1099 1502; x_wconf 90' lang='lat' dir='ltr'>qualibet</span> <span class='ocrx_word' id='word_1_60' title='bbox 1121 1423 1230 1484; x_wconf 89' lang='lat' dir='ltr'>missae</span> <span class='ocrx_word' id='word_1_61' title='bbox 1245 1438 1292 1482; x_wconf 90' lang='lat' dir='ltr'>ce·</span> 
     </span>
     <span class='ocr_line' id='line_1_11' title="bbox 544 1515 1291 1595; baseline -0.003 -19"><span class='ocrx_word' id='word_1_62' title='bbox 544 1517 712 1578; x_wconf 91' lang='lat' dir='ltr'>lebratione</span> <span class='ocrx_word' id='word_1_63' title='bbox 735 1517 965 1594; x_wconf 76' lang='lat' dir='ltr'>eleemosynam</span> <span class='ocrx_word' id='word_1_64' title='bbox 986 1517 1163 1595; x_wconf 87' lang='lat' dir='ltr'>persolvere</span> <span class='ocrx_word' id='word_1_65' title='bbox 1185 1515 1291 1578; x_wconf 85' lang='lat' dir='ltr'>debeat</span> 
     </span>
     <span class='ocr_line' id='line_1_12' title="bbox 544 1607 1291 1686; baseline -0.001 -17"><span class='ocrx_word' id='word_1_66' title='bbox 544 1616 575 1671; x_wconf 91' lang='lat' dir='ltr'>et</span> <span class='ocrx_word' id='word_1_67' title='bbox 590 1607 747 1686; x_wconf 86' lang='lat' dir='ltr'>teneatur)</span> <span class='ocrx_word' id='word_1_68' title='bbox 762 1611 867 1672; x_wconf 81' lang='lat' dir='ltr'>eidem</span> <span class='ocrx_word' id='word_1_69' title='bbox 883 1610 1043 1686; x_wconf 78' lang='lat' dir='ltr'>apostoliea</span> <span class='ocrx_word' id='word_1_70' title='bbox 1058 1609 1239 1670; x_wconf 86' lang='lat' dir='ltr'>auctoritate</span> <span class='ocrx_word' id='word_1_71' title='bbox 1255 1609 1291 1670; x_wconf 89' lang='lat' dir='ltr'>de</span> 
     </span>
     <span class='ocr_line' id='line_1_13' title="bbox 543 1701 1290 1780; baseline 0 -20"><span class='ocrx_word' id='word_1_72' title='bbox 543 1702 608 1780; x_wconf 92' lang='lat' dir='ltr'>pari</span> <span class='ocrx_word' id='word_1_73' title='bbox 630 1702 703 1764; x_wconf 89' lang='lat' dir='ltr'>dicti</span> <span class='ocrx_word' id='word_1_74' title='bbox 724 1703 807 1763; x_wconf 89' lang='lat' dir='ltr'>Petri</span> <span class='ocrx_word' id='word_1_75' title='bbox 823 1702 937 1780; x_wconf 74' lang='lat' dir='ltr'>nloysii</span> <span class='ocrx_word' id='word_1_76' title='bbox 953 1701 1123 1764; x_wconf 88' lang='lat' dir='ltr'>Cardinalis</span> <span class='ocrx_word' id='word_1_77' title='bbox 1139 1717 1290 1762; x_wconf 89' lang='lat' dir='ltr'>consensu</span> 
     </span>
     <span class='ocr_line' id='line_1_14' title="bbox 543 1795 775 1856; baseline 0.004 -1"><span class='ocrx_word' id='word_1_78' title='bbox 543 1795 775 1856; x_wconf 79' lang='lat' dir='ltr'>transierimus:</span> 
     </span>
    </p>

    <p class='ocr_par' dir='ltr' id='par_1_4' title="bbox 540 1888 1294 4578">
     <span class='ocr_line' id='line_1_15' title="bbox 584 1888 1290 1967; baseline -0.003 -17"><span class='ocrx_word' id='word_1_79' title='bbox 584 1891 602 1964; x_wconf 66' lang='grc' dir='ltr'><strong>ἓ</strong></span> <span class='ocrx_word' id='word_1_80' title='bbox 624 1891 652 1950; x_wconf 88' lang='lat'>3.</span> <span class='ocrx_word' id='word_1_81' title='bbox 678 1889 719 1950; x_wconf 76' lang='lat' dir='ltr'>Ac</span> <span class='ocrx_word' id='word_1_82' title='bbox 740 1890 840 1950; x_wconf 88' lang='lat' dir='ltr'>eidem</span> <span class='ocrx_word' id='word_1_83' title='bbox 863 1889 1004 1964; x_wconf 73' lang='lat' dir='ltr'>collegio,</span> <span class='ocrx_word' id='word_1_84' title='bbox 1027 1906 1082 1967; x_wconf 95' lang='lat' dir='ltr'>pro</span> <span class='ocrx_word' id='word_1_85' title='bbox 1104 1888 1187 1950; x_wconf 88' lang='lat' dir='ltr'>illius</span> <span class='ocrx_word' id='word_1_86' title='bbox 1209 1890 1290 1960; x_wconf 89' lang='lat' dir='ltr'>dote,</span> 
     </span>
     <span class='ocr_line' id='line_1_16' title="bbox 544 1981 1292 2060; baseline -0.001 -18"><span class='ocrx_word' id='word_1_87' title='bbox 544 1982 691 2060; x_wconf 89' lang='lat' dir='ltr'>illiusque</span> <span class='ocrx_word' id='word_1_88' title='bbox 716 1981 929 2054; x_wconf 93' lang='lat' dir='ltr'>alumnorum,</span> <span class='ocrx_word' id='word_1_89' title='bbox 953 1983 1184 2057; x_wconf 83' lang='lat' dir='ltr'>magistrorum,</span> <span class='ocrx_word' id='word_1_90' title='bbox 1207 1996 1292 2058; x_wconf 88' lang='lat' dir='ltr'>prae-</span> 
     </span>
     <span class='ocr_line' id='line_1_17' title="bbox 544 2073 1293 2150; baseline 0 -16"><span class='ocrx_word' id='word_1_91' title='bbox 544 2073 708 2146; x_wconf 79' lang='lat' dir='ltr'>fectorum,</span> <span class='ocrx_word' id='word_1_92' title='bbox 721 2073 915 2150; x_wconf 90' lang='lat' dir='ltr'>aliorumque</span> <span class='ocrx_word' id='word_1_93' title='bbox 926 2073 954 2133; x_wconf 92' lang='lat' dir='ltr'>ei</span> <span class='ocrx_word' id='word_1_94' title='bbox 971 2073 1210 2134; x_wconf 86' lang='lat' dir='ltr'>inservientium</span> <span class='ocrx_word' id='word_1_95' title='bbox 1222 2073 1293 2134; x_wconf 85' lang='lat' dir='ltr'>sub</span> 
     </span>
     <span class='ocr_line' id='line_1_18' title="bbox 544 2166 1294 2242; baseline -0.003 -14"><span class='ocrx_word' id='word_1_96' title='bbox 544 2167 741 2240; x_wconf 88' lang='lat' dir='ltr'>stentatione,</span> <span class='ocrx_word' id='word_1_97' title='bbox 764 2181 872 2227; x_wconf 89' lang='lat' dir='ltr'>omnes</span> <span class='ocrx_word' id='word_1_98' title='bbox 894 2181 922 2226; x_wconf 91' lang='lat' dir='ltr'>et</span> <span class='ocrx_word' id='word_1_99' title='bbox 944 2167 1085 2242; x_wconf 79' lang='lat' dir='ltr'>singulos</span> <span class='ocrx_word' id='word_1_100' title='bbox 1101 2167 1229 2240; x_wconf 90' lang='lat' dir='ltr'>lructos,</span> <span class='ocrx_word' id='word_1_101' title='bbox 1247 2166 1294 2226; x_wconf 92' lang='lat' dir='ltr'>iu·</span> 
     </span>
     <span class='ocr_line' id='line_1_19' title="bbox 545 2261 1291 2334; baseline -0.004 -13"><span class='ocrx_word' id='word_1_102' title='bbox 545 2278 588 2334; x_wconf 93' lang='lat' dir='ltr'>ra,</span> <span class='ocrx_word' id='word_1_103' title='bbox 616 2261 819 2322; x_wconf 85' lang='lat' dir='ltr'>obventiones</span> <span class='ocrx_word' id='word_1_104' title='bbox 848 2269 878 2322; x_wconf 92' lang='lat' dir='ltr'>et</span> <span class='ocrx_word' id='word_1_105' title='bbox 905 2261 1117 2322; x_wconf 87' lang='lat' dir='ltr'>emolumenta</span> <span class='ocrx_word' id='word_1_106' title='bbox 1147 2261 1291 2322; x_wconf 88' lang='lat' dir='ltr'>universa</span> 
     </span>
     <span class='ocr_line' id='line_1_20' title="bbox 544 2353 1292 2432; baseline -0.004 -17"><span class='ocrx_word' id='word_1_107' title='bbox 544 2369 767 2432; x_wconf 88' lang='lat' dir='ltr'>quaecumque,</span> <span class='ocrx_word' id='word_1_108' title='bbox 793 2361 854 2414; x_wconf 91' lang='lat' dir='ltr'>tam</span> <span class='ocrx_word' id='word_1_109' title='bbox 882 2361 964 2413; x_wconf 87' lang='lat' dir='ltr'>certa</span> <span class='ocrx_word' id='word_1_110' title='bbox 993 2370 1087 2431; x_wconf 85' lang='lat' dir='ltr'>quarn</span> <span class='ocrx_word' id='word_1_111' title='bbox 1110 2353 1237 2426; x_wconf 88' lang='lat' dir='ltr'>incerta,</span> <span class='ocrx_word' id='word_1_112' title='bbox 1262 2361 1292 2413; x_wconf 93' lang='lat' dir='ltr'>et</span> 
     </span>
     <span class='ocr_line' id='line_1_21' title="bbox 544 2446 1292 2524; baseline -0.004 -16"><span class='ocrx_word' id='word_1_113' title='bbox 544 2463 583 2508; x_wconf 91' lang='lat' dir='ltr'>ex</span> <span class='ocrx_word' id='word_1_114' title='bbox 604 2447 676 2508; x_wconf 83' lang='lat' dir='ltr'>cord</span> <span class='ocrx_word' id='word_1_115' title='bbox 698 2446 870 2507; x_wconf 89' lang='lat' dir='ltr'>animarum</span> <span class='ocrx_word' id='word_1_116' title='bbox 887 2447 1156 2524; x_wconf 86' lang='lat' dir='ltr'>parochianorum,</span> <span class='ocrx_word' id='word_1_117' title='bbox 1173 2463 1205 2507; x_wconf 93' lang='lat' dir='ltr'>ac</span> <span class='ocrx_word' id='word_1_118' title='bbox 1220 2447 1292 2506; x_wconf 82' lang='lat' dir='ltr'>aliris</span> 
     </span>
     <span class='ocr_line' id='line_1_22' title="bbox 544 2539 1292 2618; baseline -0.005 -16"><span class='ocrx_word' id='word_1_119' title='bbox 544 2541 834 2618; x_wconf 84' lang='lat' dir='ltr'>qrmmodocumque</span> <span class='ocrx_word' id='word_1_120' title='bbox 865 2546 895 2600; x_wconf 90' lang='lat' dir='ltr'>et</span> <span class='ocrx_word' id='word_1_121' title='bbox 926 2539 1147 2616; x_wconf 88' lang='lat' dir='ltr'>undecumque</span> <span class='ocrx_word' id='word_1_122' title='bbox 1174 2555 1212 2599; x_wconf 90' lang='lat' dir='ltr'>ex</span> <span class='ocrx_word' id='word_1_123' title='bbox 1240 2539 1292 2598; x_wconf 91' lang='lat' dir='ltr'>do·</span> 
     </span>
     <span class='ocr_line' id='line_1_23' title="bbox 544 2631 1291 2710; baseline 0 -18"><span class='ocrx_word' id='word_1_124' title='bbox 544 2632 700 2694; x_wconf 91' lang='lat' dir='ltr'>munculis</span> <span class='ocrx_word' id='word_1_125' title='bbox 727 2631 960 2709; x_wconf 85' lang='lat' dir='ltr'>provenientia,</span> <span class='ocrx_word' id='word_1_126' title='bbox 989 2640 1021 2692; x_wconf 91' lang='lat' dir='ltr'>et</span> <span class='ocrx_word' id='word_1_127' title='bbox 1043 2633 1074 2693; x_wconf 93' lang='lat' dir='ltr'>in</span> <span class='ocrx_word' id='word_1_128' title='bbox 1096 2647 1291 2710; x_wconf 91' lang='lat' dir='ltr'>quacumque</span> 
     </span>
     <span class='ocr_line' id='line_1_24' title="bbox 544 2724 1291 2800; baseline -0.004 -14"><span class='ocrx_word' id='word_1_129' title='bbox 544 2743 578 2788; x_wconf 90' lang='lat' dir='ltr'>re</span> <span class='ocrx_word' id='word_1_130' title='bbox 599 2726 810 2794; x_wconf 81' lang='lat' dir='ltr'>consistentia,</span> <span class='ocrx_word' id='word_1_131' title='bbox 834 2741 955 2786; x_wconf 91' lang='lat' dir='ltr'>necnon</span> <span class='ocrx_word' id='word_1_132' title='bbox 978 2740 1086 2786; x_wconf 90' lang='lat' dir='ltr'>omnes</span> <span class='ocrx_word' id='word_1_133' title='bbox 1108 2732 1138 2785; x_wconf 92' lang='lat' dir='ltr'>et</span> <span class='ocrx_word' id='word_1_134' title='bbox 1153 2724 1291 2800; x_wconf 78' lang='lat' dir='ltr'>singulas</span> 
     </span>
     <span class='ocr_line' id='line_1_25' title="bbox 545 2817 1292 2897; baseline -0.004 -16"><span class='ocrx_word' id='word_1_135' title='bbox 545 2829 638 2894; x_wconf 90' lang='lat' dir='ltr'>taxas,</span> <span class='ocrx_word' id='word_1_136' title='bbox 661 2835 740 2897; x_wconf 89' lang='lat' dir='ltr'>quae</span> <span class='ocrx_word' id='word_1_137' title='bbox 760 2818 934 2880; x_wconf 90' lang='lat' dir='ltr'>seminariis</span> <span class='ocrx_word' id='word_1_138' title='bbox 962 2834 1131 2896; x_wconf 89' lang='lat' dir='ltr'>puerorum</span> <span class='ocrx_word' id='word_1_139' title='bbox 1153 2817 1292 2878; x_wconf 85' lang='lat' dir='ltr'>ecclesia-</span> 
     </span>
     <span class='ocr_line' id='line_1_26' title="bbox 543 2912 1291 2988; baseline -0.007 -13"><span class='ocrx_word' id='word_1_140' title='bbox 543 2913 692 2975; x_wconf 90' lang='lat' dir='ltr'>sticorum</span> <span class='ocrx_word' id='word_1_141' title='bbox 724 2913 802 2974; x_wconf 90' lang='lat' dir='ltr'>ritus</span> <span class='ocrx_word' id='word_1_142' title='bbox 834 2913 920 2973; x_wconf 91' lang='lat' dir='ltr'>latini</span> <span class='ocrx_word' id='word_1_143' title='bbox 944 2913 976 2974; x_wconf 96' lang='lat' dir='ltr'>in</span> <span class='ocrx_word' id='word_1_144' title='bbox 999 2912 1079 2974; x_wconf 87' lang='lat' dir='ltr'>dicto</span> <span class='ocrx_word' id='word_1_145' title='bbox 1108 2927 1206 2988; x_wconf 77' lang='lat' dir='ltr'>regno</span> <span class='ocrx_word' id='word_1_146' title='bbox 1226 2912 1291 2972; x_wconf 91' lang='lat' dir='ltr'>exi·</span> 
     </span>
     <span class='ocr_line' id='line_1_27' title="bbox 542 3005 1289 3083; baseline -0.004 -16"><span class='ocrx_word' id='word_1_147' title='bbox 542 3006 707 3078; x_wconf 75' lang='lat' dir='ltr'>stentibuS,</span> <span class='ocrx_word' id='word_1_148' title='bbox 723 3023 739 3066; x_wconf 93' lang='lat' dir='ltr'>a</span> <span class='ocrx_word' id='word_1_149' title='bbox 761 3005 915 3083; x_wconf 88' lang='lat' dir='ltr'>praedicto</span> <span class='ocrx_word' id='word_1_150' title='bbox 934 3005 1064 3083; x_wconf 87' lang='lat' dir='ltr'>aliisque</span> <span class='ocrx_word' id='word_1_151' title='bbox 1083 3005 1289 3078; x_wconf 88' lang='lat' dir='ltr'>monasteriis,</span> 
     </span>
     <span class='ocr_line' id='line_1_28' title="bbox 544 3097 1291 3176; baseline 0 -17"><span class='ocrx_word' id='word_1_152' title='bbox 544 3098 709 3176; x_wconf 89' lang='lat' dir='ltr'>inquibus</span> <span class='ocrx_word' id='word_1_153' title='bbox 732 3098 797 3159; x_wconf 90' lang='lat' dir='ltr'>ltali</span> <span class='ocrx_word' id='word_1_154' title='bbox 821 3097 931 3158; x_wconf 79' lang='lat' dir='ltr'>Albani</span> <span class='ocrx_word' id='word_1_155' title='bbox 953 3099 1032 3159; x_wconf 91' lang='lat' dir='ltr'>ritus</span> <span class='ocrx_word' id='word_1_156' title='bbox 1054 3100 1154 3174; x_wconf 78' lang='lat' dir='ltr'>graeci</span> <span class='ocrx_word' id='word_1_157' title='bbox 1172 3099 1291 3174; x_wconf 77' lang='lat' dir='ltr'>(legunt</span> 
     </span>
     <span class='ocr_line' id='line_1_29' title="bbox 542 3191 1290 3270; baseline 0 -18"><span class='ocrx_word' id='word_1_158' title='bbox 542 3201 574 3254; x_wconf 92' lang='lat' dir='ltr'>et</span> <span class='ocrx_word' id='word_1_159' title='bbox 595 3191 745 3266; x_wconf 90' lang='lat' dir='ltr'>existunt,</span> <span class='ocrx_word' id='word_1_160' title='bbox 768 3192 978 3252; x_wconf 90' lang='lat' dir='ltr'>commendari</span> <span class='ocrx_word' id='word_1_161' title='bbox 1007 3193 1117 3266; x_wconf 88' lang='lat' dir='ltr'>solitis,</span> <span class='ocrx_word' id='word_1_162' title='bbox 1147 3193 1181 3254; x_wconf 89' lang='lat' dir='ltr'>ad</span> <span class='ocrx_word' id='word_1_163' title='bbox 1205 3208 1290 3270; x_wconf 90' lang='lat' dir='ltr'>prae-</span> 
     </span>
     <span class='ocr_line' id='line_1_30' title="bbox 542 3283 1290 3363; baseline 0.003 -19"><span class='ocrx_word' id='word_1_164' title='bbox 542 3285 692 3363; x_wconf 91' lang='lat' dir='ltr'>scriptum</span> <span class='ocrx_word' id='word_1_165' title='bbox 709 3284 836 3347; x_wconf 77' lang='lat' dir='ltr'>Concilii</span> <span class='ocrx_word' id='word_1_166' title='bbox 852 3283 1026 3345; x_wconf 88' lang='lat' dir='ltr'>Tridentini</span> <span class='ocrx_word' id='word_1_167' title='bbox 1045 3285 1207 3346; x_wconf 88' lang='lat' dir='ltr'>annuatim</span> <span class='ocrx_word' id='word_1_168' title='bbox 1223 3301 1290 3362; x_wconf 90' lang='lat' dir='ltr'>per·</span> 
     </span>
     <span class='ocr_line' id='line_1_31' title="bbox 542 3377 1289 3455; baseline -0.001 -17"><span class='ocrx_word' id='word_1_169' title='bbox 542 3377 721 3452; x_wconf 89' lang='lat' dir='ltr'>solvuntur,</span> <span class='ocrx_word' id='word_1_170' title='bbox 753 3378 877 3455; x_wconf 82' lang='lat' dir='ltr'>praevii</span> <span class='ocrx_word' id='word_1_171' title='bbox 906 3384 1046 3438; x_wconf 89' lang='lat' dir='ltr'>taxarum</span> <span class='ocrx_word' id='word_1_172' title='bbox 1074 3378 1289 3440; x_wconf 88' lang='lat' dir='ltr'>huiusmodia</span> 
     </span>
     <span class='ocr_line' id='line_1_32' title="bbox 542 3471 1292 3550; baseline -0.001 -18"><span class='ocrx_word' id='word_1_173' title='bbox 542 3471 716 3533; x_wconf 89' lang='lat' dir='ltr'>seminariis</span> <span class='ocrx_word' id='word_1_174' title='bbox 737 3472 815 3532; x_wconf 91' lang='lat' dir='ltr'>ritus</span> <span class='ocrx_word' id='word_1_175' title='bbox 836 3471 922 3531; x_wconf 92' lang='lat' dir='ltr'>latini</span> <span class='ocrx_word' id='word_1_176' title='bbox 945 3471 1134 3546; x_wconf 85' lang='lat' dir='ltr'>huiusmodi,</span> <span class='ocrx_word' id='word_1_177' title='bbox 1150 3489 1228 3550; x_wconf 90' lang='lat' dir='ltr'>quae</span> <span class='ocrx_word' id='word_1_178' title='bbox 1243 3471 1292 3531; x_wconf 93' lang='lat' dir='ltr'>ul-</span> 
     </span>
     <span class='ocr_line' id='line_1_33' title="bbox 543 3563 1289 3641; baseline 0 -17"><span class='ocrx_word' id='word_1_179' title='bbox 543 3565 639 3625; x_wconf 89' lang='lat' dir='ltr'>terius</span> <span class='ocrx_word' id='word_1_180' title='bbox 670 3580 782 3641; x_wconf 89' lang='lat' dir='ltr'>pueros</span> <span class='ocrx_word' id='word_1_181' title='bbox 814 3563 1058 3625; x_wconf 71' lang='lat' dir='ltr'>Italos-Albanos</span> <span class='ocrx_word' id='word_1_182' title='bbox 1089 3565 1167 3626; x_wconf 89' lang='lat' dir='ltr'>ritus</span> <span class='ocrx_word' id='word_1_183' title='bbox 1189 3565 1289 3641; x_wconf 81' lang='lat' dir='ltr'>graeci</span> 
     </span>
     <span class='ocr_line' id='line_1_34' title="bbox 541 3658 1289 3735; baseline 0.003 -19"><span class='ocrx_word' id='word_1_184' title='bbox 541 3658 705 3718; x_wconf 89' lang='lat' dir='ltr'>admittere</span> <span class='ocrx_word' id='word_1_185' title='bbox 728 3673 791 3718; x_wconf 93' lang='lat' dir='ltr'>non</span> <span class='ocrx_word' id='word_1_186' title='bbox 815 3663 991 3732; x_wconf 88' lang='lat' dir='ltr'>teneantur,</span> <span class='ocrx_word' id='word_1_187' title='bbox 1010 3659 1212 3735; x_wconf 88' lang='lat' dir='ltr'>separatione,</span> <span class='ocrx_word' id='word_1_188' title='bbox 1229 3658 1289 3718; x_wconf 93' lang='lat' dir='ltr'>col·</span> 
     </span>
     <span class='ocr_line' id='line_1_35' title="bbox 541 3749 1287 3829; baseline 0.003 -19"><span class='ocrx_word' id='word_1_189' title='bbox 541 3749 623 3826; x_wconf 77' lang='lat' dir='ltr'>legio</span> <span class='ocrx_word' id='word_1_190' title='bbox 643 3769 658 3810; x_wconf 94' lang='lat' dir='ltr'>a</span> <span class='ocrx_word' id='word_1_191' title='bbox 674 3750 763 3810; x_wconf 91' lang='lat' dir='ltr'>nobis</span> <span class='ocrx_word' id='word_1_192' title='bbox 778 3766 832 3828; x_wconf 92' lang='lat' dir='ltr'>per</span> <span class='ocrx_word' id='word_1_193' title='bbox 846 3758 1035 3828; x_wconf 86' lang='lat' dir='ltr'>praesentes,</span> <span class='ocrx_word' id='word_1_194' title='bbox 1053 3758 1088 3812; x_wconf 89' lang='lat' dir='ltr'>ut</span> <span class='ocrx_word' id='word_1_195' title='bbox 1103 3750 1287 3829; x_wconf 78' lang='lat' dir='ltr'>praefertur,</span> 
     </span>
     <span class='ocr_line' id='line_1_36' title="bbox 541 3842 1288 3920; baseline 0.001 -16"><span class='ocrx_word' id='word_1_196' title='bbox 541 3851 644 3905; x_wconf 90' lang='lat' dir='ltr'>erecto</span> <span class='ocrx_word' id='word_1_197' title='bbox 665 3842 718 3920; x_wconf 88' lang='lat' dir='ltr'>(ita</span> <span class='ocrx_word' id='word_1_198' title='bbox 741 3851 776 3904; x_wconf 86' lang='lat' dir='ltr'>ut</span> <span class='ocrx_word' id='word_1_199' title='bbox 797 3843 987 3920; x_wconf 88' lang='lat' dir='ltr'>praedictum</span> <span class='ocrx_word' id='word_1_200' title='bbox 1002 3843 1120 3920; x_wconf 87' lang='lat' dir='ltr'>aliaque</span> <span class='ocrx_word' id='word_1_201' title='bbox 1136 3851 1288 3906; x_wconf 90' lang='lat' dir='ltr'>monaste-</span> 
     </span>
     <span class='ocr_line' id='line_1_37' title="bbox 541 3935 1289 4001; baseline 0.003 -2"><span class='ocrx_word' id='word_1_202' title='bbox 541 3938 585 3999; x_wconf 89' lang='lat' dir='ltr'>ria</span> <span class='ocrx_word' id='word_1_203' title='bbox 607 3943 637 3996; x_wconf 91' lang='lat' dir='ltr'>et</span> <span class='ocrx_word' id='word_1_204' title='bbox 659 3935 806 3997; x_wconf 89' lang='lat' dir='ltr'>beneticia</span> <span class='ocrx_word' id='word_1_205' title='bbox 826 3936 991 3997; x_wconf 78' lang='lat' dir='ltr'>existentia</span> <span class='ocrx_word' id='word_1_206' title='bbox 1014 3937 1045 3996; x_wconf 94' lang='lat' dir='ltr'>in</span> <span class='ocrx_word' id='word_1_207' title='bbox 1067 3937 1155 3998; x_wconf 88' lang='lat' dir='ltr'>dictis</span> <span class='ocrx_word' id='word_1_208' title='bbox 1171 3937 1243 3999; x_wconf 91' lang='lat' dir='ltr'>locis</span> <span class='ocrx_word' id='word_1_209' title='bbox 1258 3949 1289 4001; x_wconf 90' lang='lat' dir='ltr'>et</span> 
     </span>
     <span class='ocr_line' id='line_1_38' title="bbox 542 4029 1288 4107; baseline 0.005 -17"><span class='ocrx_word' id='word_1_210' title='bbox 542 4031 631 4090; x_wconf 89' lang='lat' dir='ltr'>terris</span> <span class='ocrx_word' id='word_1_211' title='bbox 647 4029 934 4091; x_wconf 81' lang='lat' dir='ltr'>italo-Albanorum</span> <span class='ocrx_word' id='word_1_212' title='bbox 950 4031 1095 4106; x_wconf 89' lang='lat' dir='ltr'>praedicti</span> <span class='ocrx_word' id='word_1_213' title='bbox 1110 4031 1188 4092; x_wconf 90' lang='lat' dir='ltr'>ritus</span> <span class='ocrx_word' id='word_1_214' title='bbox 1204 4047 1288 4107; x_wconf 80' lang='lat' dir='ltr'>grae-</span> 
     </span>
     <span class='ocr_line' id='line_1_39' title="bbox 541 4122 1288 4200; baseline 0.003 -17"><span class='ocrx_word' id='word_1_215' title='bbox 541 4122 567 4184; x_wconf 93' lang='lat' dir='ltr'>ci</span> <span class='ocrx_word' id='word_1_216' title='bbox 590 4137 644 4200; x_wconf 93' lang='lat' dir='ltr'>pro</span> <span class='ocrx_word' id='word_1_217' title='bbox 665 4130 805 4200; x_wconf 89' lang='lat' dir='ltr'>tempore</span> <span class='ocrx_word' id='word_1_218' title='bbox 826 4122 1016 4198; x_wconf 86' lang='lat' dir='ltr'>obtinentes,</span> <span class='ocrx_word' id='word_1_219' title='bbox 1033 4131 1116 4198; x_wconf 82' lang='lat' dir='ltr'>tarms¹</span> <span class='ocrx_word' id='word_1_220' title='bbox 1131 4123 1236 4198; x_wconf 88' lang='lat' dir='ltr'>abeis,</span> <span class='ocrx_word' id='word_1_221' title='bbox 1254 4132 1288 4188; x_wconf 91' lang='lat' dir='ltr'>ut</span> 
     </span>
     <span class='ocr_line' id='line_1_40' title="bbox 540 4215 1289 4296; baseline 0.003 -20"><span class='ocrx_word' id='word_1_222' title='bbox 540 4215 730 4294; x_wconf 78' lang='lat' dir='ltr'>praefertur,</span> <span class='ocrx_word' id='word_1_223' title='bbox 764 4215 898 4293; x_wconf 92' lang='lat' dir='ltr'>persolvi</span> <span class='ocrx_word' id='word_1_224' title='bbox 929 4216 1049 4291; x_wconf 90' lang='lat' dir='ltr'>solitas,</span> <span class='ocrx_word' id='word_1_225' title='bbox 1083 4218 1289 4296; x_wconf 89' lang='lat' dir='ltr'>imposterum</span> 
     </span>
     <span class='ocr_line' id='line_1_41' title="bbox 540 4308 1289 4386; baseline 0.007 -18"><span class='ocrx_word' id='word_1_226' title='bbox 540 4308 670 4383; x_wconf 79' lang='lat' dir='ltr'>collegio</span> <span class='ocrx_word' id='word_1_227' title='bbox 691 4325 707 4368; x_wconf 93' lang='lat' dir='ltr'>a</span> <span class='ocrx_word' id='word_1_228' title='bbox 728 4309 817 4370; x_wconf 92' lang='lat' dir='ltr'>nobis</span> <span class='ocrx_word' id='word_1_229' title='bbox 839 4325 895 4386; x_wconf 87' lang='lat' dir='ltr'>per</span> <span class='ocrx_word' id='word_1_230' title='bbox 916 4317 1093 4386; x_wconf 87' lang='lat' dir='ltr'>praesentes</span> <span class='ocrx_word' id='word_1_231' title='bbox 1115 4319 1217 4373; x_wconf 89' lang='lat' dir='ltr'>erecto</span> <span class='ocrx_word' id='word_1_232' title='bbox 1232 4312 1289 4373; x_wconf 91' lang='lat' dir='ltr'>bu-</span> 
     </span>
     <span class='ocr_line' id='line_1_42' title="bbox 541 4399 1288 4482; baseline 0.008 -22"><span class='ocrx_word' id='word_1_233' title='bbox 541 4399 674 4463; x_wconf 81' lang='lat' dir='ltr'>iusmorli</span> <span class='ocrx_word' id='word_1_234' title='bbox 695 4401 873 4478; x_wconf 89' lang='lat' dir='ltr'>persolvere</span> <span class='ocrx_word' id='word_1_235' title='bbox 900 4402 1033 4464; x_wconf 89' lang='lat' dir='ltr'>debeant</span> <span class='ocrx_word' id='word_1_236' title='bbox 1055 4411 1085 4464; x_wconf 90' lang='lat' dir='ltr'>et</span> <span class='ocrx_word' id='word_1_237' title='bbox 1108 4405 1288 4482; x_wconf 82' lang='lat' dir='ltr'>teneantur)</span> 
     </span>
     <span class='ocr_line' id='line_1_43' title="bbox 540 4493 1288 4578; baseline 0.005 -24"><span class='ocrx_word' id='word_1_238' title='bbox 540 4493 644 4555; x_wconf 86' lang='lat' dir='ltr'>eidem</span> <span class='ocrx_word' id='word_1_239' title='bbox 667 4495 828 4572; x_wconf 79' lang='lat' dir='ltr'>apostolici</span> <span class='ocrx_word' id='word_1_240' title='bbox 850 4498 1030 4560; x_wconf 89' lang='lat' dir='ltr'>auctoritate</span> <span class='ocrx_word' id='word_1_241' title='bbox 1050 4499 1165 4575; x_wconf 91' lang='lat' dir='ltr'>pariter</span> <span class='ocrx_word' id='word_1_242' title='bbox 1181 4515 1288 4578; x_wconf 89' lang='lat' dir='ltr'>perpe-</span> 
     </span>
    </p>

    <p class='ocr_par' dir='ltr' id='par_1_5' title="bbox 309 4589 1289 5972">
     <span class='ocr_line' id='line_1_44' title="bbox 542 4589 1117 4668; baseline 0.003 -20"><span class='ocrx_word' id='word_1_243' title='bbox 542 4597 595 4648; x_wconf 92' lang='lat' dir='ltr'>tuo</span> <span class='ocrx_word' id='word_1_244' title='bbox 616 4589 801 4666; x_wconf 85' lang='lat' dir='ltr'>applicamus</span> <span class='ocrx_word' id='word_1_245' title='bbox 824 4598 854 4651; x_wconf 90' lang='lat' dir='ltr'>et</span> <span class='ocrx_word' id='word_1_246' title='bbox 875 4591 1117 4668; x_wconf 90' lang='lat' dir='ltr'>appropriamus.</span> 
     </span>
     <span class='ocr_line' id='line_1_45' title="bbox 320 4679 1288 4756; baseline 0.008 -18"><span class='ocrx_word' id='word_1_247' title='bbox 320 4693 391 4756; x_wconf 46' lang='lat' dir='ltr'>‚ntra</span> <span class='ocrx_word' id='word_1_248' title='bbox 405 4703 448 4738; x_wconf 81' lang='lat' dir='ltr'>sex</span> <span class='ocrx_word' id='word_1_249' title='bbox 464 4691 522 4738; x_wconf 82' lang='lat' dir='ltr'>mrt-</span> <span class='ocrx_word' id='word_1_250' title='bbox 580 4679 598 4754; x_wconf 71' lang='grc' dir='ltr'><strong>ἓ</strong></span> <span class='ocrx_word' id='word_1_251' title='bbox 620 4681 649 4742; x_wconf 78' lang='lat' dir='ltr'>b.</span> <span class='ocrx_word' id='word_1_252' title='bbox 674 4681 713 4743; x_wconf 83' lang='lat' dir='ltr'>Et</span> <span class='ocrx_word' id='word_1_253' title='bbox 735 4698 789 4742; x_wconf 93' lang='lat' dir='ltr'>nos</span> <span class='ocrx_word' id='word_1_254' title='bbox 811 4697 964 4743; x_wconf 89' lang='lat' dir='ltr'>summam</span> <span class='ocrx_word' id='word_1_255' title='bbox 986 4700 1040 4743; x_wconf 90' lang='lat' dir='ltr'>sex</span> <span class='ocrx_word' id='word_1_256' title='bbox 1061 4684 1198 4746; x_wconf 93' lang='lat' dir='ltr'>millium</span> <span class='ocrx_word' id='word_1_257' title='bbox 1220 4702 1288 4746; x_wconf 90' lang='lat' dir='ltr'>scu·</span> 
     </span>
     <span class='ocr_line' id='line_1_46' title="bbox 309 4747 1286 4862; baseline 0.002 -26"><span class='ocrx_word' id='word_1_258' title='bbox 309 4747 521 4862; x_wconf 51' lang='grc' dir='ltr'>ἓῶᾇιῖᾞοοιῖἐὲῖἓ</span> <span class='ocrx_word' id='word_1_259' title='bbox 542 4783 644 4836; x_wconf 86' lang='lat' dir='ltr'>torum</span> <span class='ocrx_word' id='word_1_260' title='bbox 667 4784 810 4836; x_wconf 90' lang='lat' dir='ltr'>monetae</span> <span class='ocrx_word' id='word_1_261' title='bbox 833 4792 989 4851; x_wconf 90' lang='lat' dir='ltr'>romanae,</span> <span class='ocrx_word' id='word_1_262' title='bbox 1012 4779 1047 4838; x_wconf 89' lang='lat' dir='ltr'>ad</span> <span class='ocrx_word' id='word_1_263' title='bbox 1070 4779 1214 4840; x_wconf 85' lang='lat' dir='ltr'>ellectum</span> <span class='ocrx_word' id='word_1_264' title='bbox 1238 4779 1286 4839; x_wconf 91' lang='lat' dir='ltr'>illa</span> 
     </span>
     <span class='ocr_line' id='line_1_47' title="bbox 309 4859 1288 4934; baseline 0.005 -6"><span class='ocrx_word' id='word_1_265' title='bbox 309 4859 485 4909; x_wconf 65' lang='lat' dir='ltr'>³⁸⁵¹ss¹¹³¹¹¹¹¹l</span> <span class='ocrx_word' id='word_1_266' title='bbox 539 4867 728 4928; x_wconf 83' lang='lat' dir='ltr'>investiendi</span> <span class='ocrx_word' id='word_1_267' title='bbox 750 4869 782 4928; x_wconf 96' lang='lat' dir='ltr'>in</span> <span class='ocrx_word' id='word_1_268' title='bbox 805 4875 849 4928; x_wconf 93' lang='lat' dir='ltr'>tot</span> <span class='ocrx_word' id='word_1_269' title='bbox 871 4869 949 4930; x_wconf 92' lang='lat' dir='ltr'>bona</span> <span class='ocrx_word' id='word_1_270' title='bbox 976 4871 1095 4931; x_wconf 91' lang='lat' dir='ltr'>stabilia</span> <span class='ocrx_word' id='word_1_271' title='bbox 1119 4872 1150 4932; x_wconf 94' lang='lat' dir='ltr'>in</span> <span class='ocrx_word' id='word_1_272' title='bbox 1173 4873 1288 4934; x_wconf 88' lang='lat' dir='ltr'>utilita-</span> 
     </span>
     <span class='ocr_line' id='line_1_48' title="bbox 542 4962 1287 5041; baseline 0.009 -20"><span class='ocrx_word' id='word_1_273' title='bbox 542 4967 604 5022; x_wconf 90' lang='lat' dir='ltr'>tem</span> <span class='ocrx_word' id='word_1_274' title='bbox 633 4967 664 5020; x_wconf 89' lang='lat' dir='ltr'>et</span> <span class='ocrx_word' id='word_1_275' title='bbox 696 4962 967 5024; x_wconf 87' lang='lat' dir='ltr'>manutentionem</span> <span class='ocrx_word' id='word_1_276' title='bbox 998 4963 1070 5025; x_wconf 87' lang='lat' dir='ltr'>dicti</span> <span class='ocrx_word' id='word_1_277' title='bbox 1101 4965 1223 5041; x_wconf 82' lang='lat' dir='ltr'>collegii</span> <span class='ocrx_word' id='word_1_278' title='bbox 1256 4975 1287 5028; x_wconf 92' lang='lat' dir='ltr'>et</span> 
     </span>
     <span class='ocr_line' id='line_1_49' title="bbox 539 5054 1287 5135; baseline 0.005 -21"><span class='ocrx_word' id='word_1_279' title='bbox 539 5054 751 5127; x_wconf 91' lang='lat' dir='ltr'>alumnorum,</span> <span class='ocrx_word' id='word_1_280' title='bbox 774 5071 812 5115; x_wconf 93' lang='lat' dir='ltr'>ex</span> <span class='ocrx_word' id='word_1_281' title='bbox 833 5056 996 5133; x_wconf 77' lang='lat' dir='ltr'>apostolici</span> <span class='ocrx_word' id='word_1_282' title='bbox 1018 5059 1122 5118; x_wconf 81' lang='lat' dir='ltr'>nostra</span> <span class='ocrx_word' id='word_1_283' title='bbox 1144 5059 1287 5135; x_wconf 83' lang='lat' dir='ltr'>benigni-</span> 
     </span>
     <span class='ocr_line' id='line_1_50' title="bbox 540 5146 1287 5228; baseline 0.008 -22"><span class='ocrx_word' id='word_1_284' title='bbox 540 5152 601 5207; x_wconf 89' lang='lat' dir='ltr'>tate</span> <span class='ocrx_word' id='word_1_285' title='bbox 623 5146 656 5206; x_wconf 94' lang='lat' dir='ltr'>in</span> <span class='ocrx_word' id='word_1_286' title='bbox 679 5148 817 5208; x_wconf 90' lang='lat' dir='ltr'>eiusdem</span> <span class='ocrx_word' id='word_1_287' title='bbox 839 5148 959 5225; x_wconf 80' lang='lat' dir='ltr'>collegii</span> <span class='ocrx_word' id='word_1_288' title='bbox 982 5165 997 5208; x_wconf 91' lang='lat' dir='ltr'>a</span> <span class='ocrx_word' id='word_1_289' title='bbox 1018 5150 1105 5211; x_wconf 91' lang='lat' dir='ltr'>nobis</span> <span class='ocrx_word' id='word_1_290' title='bbox 1126 5166 1181 5228; x_wconf 90' lang='lat' dir='ltr'>per</span> <span class='ocrx_word' id='word_1_291' title='bbox 1202 5158 1287 5228; x_wconf 88' lang='lat' dir='ltr'>prae-</span> 
     </span>
     <span class='ocr_line' id='line_1_51' title="bbox 539 5240 1289 5318; baseline 0.008 -19"><span class='ocrx_word' id='word_1_292' title='bbox 539 5247 655 5316; x_wconf 88' lang='lat' dir='ltr'>sentes,</span> <span class='ocrx_word' id='word_1_293' title='bbox 679 5248 713 5301; x_wconf 91' lang='lat' dir='ltr'>ut</span> <span class='ocrx_word' id='word_1_294' title='bbox 734 5240 919 5318; x_wconf 89' lang='lat' dir='ltr'>praeiertur,</span> <span class='ocrx_word' id='word_1_295' title='bbox 940 5243 1035 5304; x_wconf 90' lang='lat' dir='ltr'>erecti</span> <span class='ocrx_word' id='word_1_296' title='bbox 1056 5243 1228 5306; x_wconf 82' lang='lat' dir='ltr'>subsidium</span> <span class='ocrx_word' id='word_1_297' title='bbox 1243 5261 1289 5305; x_wconf 90' lang='lat' dir='ltr'>as·</span> 
     </span>
     <span class='ocr_line' id='line_1_52' title="bbox 539 5332 1137 5410; baseline 0.005 -19"><span class='ocrx_word' id='word_1_298' title='bbox 539 5332 708 5408; x_wconf 82' lang='lat' dir='ltr'>signamus,</span> <span class='ocrx_word' id='word_1_299' title='bbox 732 5334 901 5410; x_wconf 80' lang='lat' dir='ltr'>elargimur</span> <span class='ocrx_word' id='word_1_300' title='bbox 924 5344 954 5396; x_wconf 88' lang='lat' dir='ltr'>et</span> <span class='ocrx_word' id='word_1_301' title='bbox 975 5337 1137 5398; x_wconf 88' lang='lat' dir='ltr'>donamus.</span> 
     </span>
     <span class='ocr_line' id='line_1_53' title="bbox 327 5427 1287 5504; baseline 0.013 -23"><span class='ocrx_word' id='word_1_302' title='bbox 327 5437 520 5500; x_wconf 65' lang='lat' dir='ltr'>pomeraniam</span> <span class='ocrx_word' id='word_1_303' title='bbox 579 5427 788 5500; x_wconf 72' lang='lat' dir='ltr'>§5·Cl1l³1ss</span> <span class='ocrx_word' id='word_1_304' title='bbox 819 5444 905 5501; x_wconf 90' lang='lat' dir='ltr'>ver0,</span> <span class='ocrx_word' id='word_1_305' title='bbox 935 5428 1077 5504; x_wconf 78' lang='lat' dir='ltr'>regimen</span> <span class='ocrx_word' id='word_1_306' title='bbox 1105 5437 1135 5490; x_wconf 90' lang='lat' dir='ltr'>et</span> <span class='ocrx_word' id='word_1_307' title='bbox 1156 5431 1287 5493; x_wconf 88' lang='lat' dir='ltr'>admini-</span> 
     </span>
     <span class='ocr_line' id='line_1_54' title="bbox 309 5492 1288 5606; baseline 0.009 -30"><span class='ocrx_word' id='word_1_308' title='bbox 309 5492 522 5606; x_wconf 55' lang='grc' dir='ltr'>ξῖξέξὲἓῃθῗέᾎξζ</span> <span class='ocrx_word' id='word_1_309' title='bbox 539 5520 719 5581; x_wconf 90' lang='lat' dir='ltr'>strationem</span> <span class='ocrx_word' id='word_1_310' title='bbox 741 5520 862 5596; x_wconf 80' lang='lat' dir='ltr'>collegii</span> <span class='ocrx_word' id='word_1_311' title='bbox 884 5537 898 5580; x_wconf 93' lang='lat' dir='ltr'>a</span> <span class='ocrx_word' id='word_1_312' title='bbox 922 5521 1011 5582; x_wconf 91' lang='lat' dir='ltr'>nobis</span> <span class='ocrx_word' id='word_1_313' title='bbox 1042 5523 1134 5583; x_wconf 89' lang='lat' dir='ltr'>erecti</span> <span class='ocrx_word' id='word_1_314' title='bbox 1159 5540 1288 5584; x_wconf 88' lang='lat' dir='ltr'>venera-</span> 
     </span>
     <span class='ocr_line' id='line_1_55' title="bbox 309 5601 1286 5695; baseline 0.005 -23"><span class='ocrx_word' id='word_1_315' title='bbox 309 5601 427 5644; x_wconf 56' lang='lat' dir='ltr'>¹¹¹¹st¹l²¹l</span> <span class='ocrx_word' id='word_1_316' title='bbox 541 5613 595 5672; x_wconf 93' lang='lat' dir='ltr'>bili</span> <span class='ocrx_word' id='word_1_317' title='bbox 616 5613 702 5674; x_wconf 83' lang='lat' dir='ltr'>fratri</span> <span class='ocrx_word' id='word_1_318' title='bbox 725 5620 831 5674; x_wconf 91' lang='lat' dir='ltr'>nostro</span> <span class='ocrx_word' id='word_1_319' title='bbox 853 5613 1003 5675; x_wconf 89' lang='lat' dir='ltr'>moderno</span> <span class='ocrx_word' id='word_1_320' title='bbox 1025 5623 1055 5676; x_wconf 93' lang='lat' dir='ltr'>et</span> <span class='ocrx_word' id='word_1_321' title='bbox 1078 5631 1131 5693; x_wconf 92' lang='lat' dir='ltr'>pro</span> <span class='ocrx_word' id='word_1_322' title='bbox 1147 5621 1286 5695; x_wconf 89' lang='lat' dir='ltr'>tempore</span> 
     </span>
     <span class='ocr_line' id='line_1_56' title="bbox 540 5706 1286 5787; baseline 0.005 -21"><span class='ocrx_word' id='word_1_323' title='bbox 540 5706 684 5766; x_wconf 81' lang='lat' dir='ltr'>existenti</span> <span class='ocrx_word' id='word_1_324' title='bbox 699 5707 845 5784; x_wconf 90' lang='lat' dir='ltr'>Episcopo</span> <span class='ocrx_word' id='word_1_325' title='bbox 856 5707 1082 5782; x_wconf 81' lang='lat' dir='ltr'>Bisignanensi,</span> <span class='ocrx_word' id='word_1_326' title='bbox 1096 5725 1129 5769; x_wconf 92' lang='lat' dir='ltr'>ac</span> <span class='ocrx_word' id='word_1_327' title='bbox 1144 5725 1198 5787; x_wconf 87' lang='lat' dir='ltr'>per</span> <span class='ocrx_word' id='word_1_328' title='bbox 1213 5726 1286 5772; x_wconf 89' lang='lat' dir='ltr'>eum</span> 
     </span>
     <span class='ocr_line' id='line_1_57' title="bbox 539 5799 1286 5880; baseline 0.008 -22"><span class='ocrx_word' id='word_1_329' title='bbox 539 5799 597 5859; x_wconf 90' lang='lat' dir='ltr'>sub</span> <span class='ocrx_word' id='word_1_330' title='bbox 619 5799 738 5874; x_wconf 79' lang='lat' dir='ltr'>legibus</span> <span class='ocrx_word' id='word_1_331' title='bbox 761 5800 1013 5878; x_wconf 63' lang='lat' dir='ltr'>praescribendis</span> <span class='ocrx_word' id='word_1_332' title='bbox 1029 5804 1212 5880; x_wconf 81' lang='lat' dir='ltr'>servolique</span> <span class='ocrx_word' id='word_1_333' title='bbox 1226 5803 1286 5864; x_wconf 87' lang='lat' dir='ltr'>lor·</span> 
     </span>
     <span class='ocr_line' id='line_1_58' title="bbox 541 5892 1286 5972; baseline 0.001 -18"><span class='ocrx_word' id='word_1_334' title='bbox 541 5893 590 5962; x_wconf 79' lang='lat' dir='ltr'>ma</span> <span class='ocrx_word' id='word_1_335' title='bbox 612 5892 753 5968; x_wconf 86' lang='lat' dir='ltr'>Concilii,</span> <span class='ocrx_word' id='word_1_336' title='bbox 777 5895 916 5972; x_wconf 82' lang='lat' dir='ltr'>regendi,</span> <span class='ocrx_word' id='word_1_337' title='bbox 938 5893 1130 5970; x_wconf 76' lang='lat' dir='ltr'>gubernandi</span> <span class='ocrx_word' id='word_1_338' title='bbox 1147 5904 1177 5958; x_wconf 90' lang='lat' dir='ltr'>et</span> <span class='ocrx_word' id='word_1_339' title='bbox 1191 5895 1286 5956; x_wconf 89' lang='lat' dir='ltr'>admi·</span> 
     </span>
    </p>
   </div>
   <div class='ocr_carea' id='block_1_4' title="bbox 312 1890 525 1990">
    <p class='ocr_par' dir='ltr' id='par_1_6' title="bbox 312 1890 525 1990">
     <span class='ocr_line' id='line_1_59' title="bbox 312 1890 525 1990; baseline 0 -54"><span class='ocrx_word' id='word_1_340' title='bbox 312 1891 399 1990; x_wconf 54' lang='grc' dir='ltr'>ῃΙὲοιίε</span> <span class='ocrx_word' id='word_1_341' title='bbox 413 1890 525 1946; x_wconf 80' lang='lat' dir='ltr'>assigno·</span> 
     </span>
    </p>
   </div>
   <div class='ocr_carea' id='block_1_5' title="bbox 1069 553 1567 604">
    <p class='ocr_par' dir='ltr' id='par_1_7' title="bbox 1069 553 1567 604">
     <span class='ocr_line' id='line_1_60' title="bbox 1069 553 1567 604; baseline -0.004 -1"><span class='ocrx_word' id='word_1_342' title='bbox 1069 555 1133 604; x_wconf 82' lang='lat' dir='ltr'>ibn.</span> <span class='ocrx_word' id='word_1_343' title='bbox 1158 555 1249 603; x_wconf 80' lang='lat' dir='ltr'><strong>PONT·</strong></span> <span class='ocrx_word' id='word_1_344' title='bbox 1273 553 1314 602; x_wconf 80' lang='lat' dir='ltr'>ob</span> <span class='ocrx_word' id='word_1_345' title='bbox 1335 555 1365 601; x_wconf 83' lang='lat' dir='ltr'>P·</span> <span class='ocrx_word' id='word_1_346' title='bbox 1387 553 1417 602; x_wconf 72' lang='lat' dir='ltr'>F.</span> <span class='ocrx_word' id='word_1_347' title='bbox 1442 555 1525 602; x_wconf 74' lang='lat' dir='ltr'><strong>PARS</strong></span> <span class='ocrx_word' id='word_1_348' title='bbox 1548 555 1567 601; x_wconf 88' lang='grc' dir='ltr'>Ι.</span> 
     </span>
    </p>
   </div>
   <div class='ocr_carea' id='block_1_6' title="bbox 2127 538 2320 592">
    <p class='ocr_par' dir='ltr' id='par_1_8' title="bbox 2127 538 2320 592">
     <span class='ocr_line' id='line_1_61' title="bbox 2127 538 2320 592; baseline 0.005 -2"><span class='ocrx_word' id='word_1_349' title='bbox 2127 538 2182 592; x_wconf 79' lang='lat' dir='ltr'>An.</span> <span class='ocrx_word' id='word_1_350' title='bbox 2196 539 2227 591; x_wconf 78' lang='lat' dir='ltr'>G.</span> <span class='ocrx_word' id='word_1_351' title='bbox 2253 539 2320 592; x_wconf 81' lang='lat'><strong>1732</strong></span> 
     </span>
    </p>
   </div>
   <div class='ocr_carea' id='block_1_7' title="bbox 1342 671 2334 5978">
    <p class='ocr_par' dir='ltr' id='par_1_9' title="bbox 1346 671 2113 2320">
     <span class='ocr_line' id='line_1_62' title="bbox 1347 671 2097 750; baseline -0.005 -13"><span class='ocrx_word' id='word_1_352' title='bbox 1347 675 1510 750; x_wconf 87' lang='lat' dir='ltr'>nistranrli,</span> <span class='ocrx_word' id='word_1_353' title='bbox 1540 674 1765 738; x_wconf 90' lang='lat' dir='ltr'>committimus</span> <span class='ocrx_word' id='word_1_354' title='bbox 1787 681 1817 736; x_wconf 93' lang='lat' dir='ltr'>et</span> <span class='ocrx_word' id='word_1_355' title='bbox 1844 673 2038 748; x_wconf 88' lang='lat' dir='ltr'>mandamus,</span> <span class='ocrx_word' id='word_1_356' title='bbox 2061 671 2097 734; x_wconf 97' lang='lat' dir='ltr'>il-</span> 
     </span>
     <span class='ocr_line' id='line_1_63' title="bbox 1346 766 2099 848; baseline -0.005 -18"><span class='ocrx_word' id='word_1_357' title='bbox 1346 769 1463 848; x_wconf 88' lang='lat' dir='ltr'>ludque</span> <span class='ocrx_word' id='word_1_358' title='bbox 1484 769 1550 830; x_wconf 91' lang='lat' dir='ltr'>eius</span> <span class='ocrx_word' id='word_1_359' title='bbox 1573 767 1747 830; x_wconf 89' lang='lat' dir='ltr'>ordinariae</span> <span class='ocrx_word' id='word_1_360' title='bbox 1776 767 1981 830; x_wconf 89' lang='lat' dir='ltr'>iurisdictioni</span> <span class='ocrx_word' id='word_1_361' title='bbox 2002 766 2099 828; x_wconf 89' lang='lat' dir='ltr'>subii-</span> 
     </span>
     <span class='ocr_line' id='line_1_64' title="bbox 1347 859 2096 937; baseline -0.004 -14"><span class='ocrx_word' id='word_1_362' title='bbox 1347 861 1455 936; x_wconf 92' lang='lat' dir='ltr'>cimus,</span> <span class='ocrx_word' id='word_1_363' title='bbox 1479 868 1510 922; x_wconf 90' lang='lat' dir='ltr'>et</span> <span class='ocrx_word' id='word_1_364' title='bbox 1531 861 1706 924; x_wconf 89' lang='lat' dir='ltr'>subiectum</span> <span class='ocrx_word' id='word_1_365' title='bbox 1728 877 1794 922; x_wconf 90' lang='lat' dir='ltr'>esse</span> <span class='ocrx_word' id='word_1_366' title='bbox 1816 861 1975 936; x_wconf 86' lang='lat' dir='ltr'>volumus;</span> <span class='ocrx_word' id='word_1_367' title='bbox 1993 859 2096 937; x_wconf 90' lang='lat' dir='ltr'>eique,</span> 
     </span>
     <span class='ocr_line' id='line_1_65' title="bbox 1346 953 2095 1030; baseline 0.005 -21"><span class='ocrx_word' id='word_1_368' title='bbox 1346 955 1443 1016; x_wconf 87' lang='lat' dir='ltr'>donec</span> <span class='ocrx_word' id='word_1_369' title='bbox 1466 954 1498 1016; x_wconf 96' lang='lat' dir='ltr'>in</span> <span class='ocrx_word' id='word_1_370' title='bbox 1519 955 1639 1016; x_wconf 90' lang='lat' dir='ltr'>dictum</span> <span class='ocrx_word' id='word_1_371' title='bbox 1670 955 1838 1030; x_wconf 80' lang='lat' dir='ltr'>collegium</span> <span class='ocrx_word' id='word_1_372' title='bbox 1871 954 1954 1016; x_wconf 94' lang='lat' dir='ltr'>illius</span> <span class='ocrx_word' id='word_1_373' title='bbox 1975 953 2095 1014; x_wconf 90' lang='lat' dir='ltr'>alumni</span> 
     </span>
     <span class='ocr_line' id='line_1_66' title="bbox 1347 1046 2098 1123; baseline 0.001 -17"><span class='ocrx_word' id='word_1_374' title='bbox 1347 1049 1562 1123; x_wconf 90' lang='lat' dir='ltr'>admittantur,</span> <span class='ocrx_word' id='word_1_375' title='bbox 1582 1048 1671 1110; x_wconf 92' lang='lat' dir='ltr'>liceat</span> <span class='ocrx_word' id='word_1_376' title='bbox 1693 1050 1837 1110; x_wconf 91' lang='lat' dir='ltr'>omnium</span> <span class='ocrx_word' id='word_1_377' title='bbox 1854 1055 1885 1108; x_wconf 90' lang='lat' dir='ltr'>et</span> <span class='ocrx_word' id='word_1_378' title='bbox 1899 1046 2098 1123; x_wconf 84' lang='lat' dir='ltr'>singulorum</span> 
     </span>
     <span class='ocr_line' id='line_1_67' title="bbox 1347 1140 2098 1218; baseline -0.001 -17"><span class='ocrx_word' id='word_1_379' title='bbox 1347 1157 1362 1201; x_wconf 91' lang='lat' dir='ltr'>a</span> <span class='ocrx_word' id='word_1_380' title='bbox 1384 1140 1473 1202; x_wconf 91' lang='lat' dir='ltr'>nobis</span> <span class='ocrx_word' id='word_1_381' title='bbox 1495 1141 1669 1214; x_wconf 93' lang='lat' dir='ltr'>unitorum,</span> <span class='ocrx_word' id='word_1_382' title='bbox 1686 1156 1882 1202; x_wconf 90' lang='lat' dir='ltr'>annexorum</span> <span class='ocrx_word' id='word_1_383' title='bbox 1904 1147 1934 1203; x_wconf 89' lang='lat' dir='ltr'>et</span> <span class='ocrx_word' id='word_1_384' title='bbox 1957 1142 2098 1218; x_wconf 92' lang='lat' dir='ltr'>incorpo-</span> 
     </span>
     <span class='ocr_line' id='line_1_68' title="bbox 1348 1233 2113 1311; baseline -0.003 -17"><span class='ocrx_word' id='word_1_385' title='bbox 1348 1241 1498 1306; x_wconf 91' lang='lat' dir='ltr'>ratorum,</span> <span class='ocrx_word' id='word_1_386' title='bbox 1519 1250 1574 1311; x_wconf 91' lang='lat' dir='ltr'>per</span> <span class='ocrx_word' id='word_1_387' title='bbox 1594 1251 1626 1295; x_wconf 89' lang='lat' dir='ltr'>se</span> <span class='ocrx_word' id='word_1_388' title='bbox 1641 1235 1688 1296; x_wconf 94' lang='lat' dir='ltr'>vel</span> <span class='ocrx_word' id='word_1_389' title='bbox 1706 1234 1802 1296; x_wconf 92' lang='lat' dir='ltr'>alium</span> <span class='ocrx_word' id='word_1_390' title='bbox 1817 1233 1854 1296; x_wconf 90' lang='lat' dir='ltr'>ab</span> <span class='ocrx_word' id='word_1_391' title='bbox 1869 1233 1933 1311; x_wconf 93' lang='lat' dir='ltr'>ipso</span> <span class='ocrx_word' id='word_1_392' title='bbox 1949 1233 2113 1311; x_wconf 85' lang='lat' dir='ltr'>Episcopo</span> 
     </span>
     <span class='ocr_line' id='line_1_69' title="bbox 1347 1325 2099 1404; baseline -0.004 -17"><span class='ocrx_word' id='word_1_393' title='bbox 1347 1326 1557 1404; x_wconf 88' lang='lat' dir='ltr'>deputandum</span> <span class='ocrx_word' id='word_1_394' title='bbox 1573 1343 1627 1390; x_wconf 90' lang='lat' dir='ltr'>seu</span> <span class='ocrx_word' id='word_1_395' title='bbox 1642 1327 1728 1400; x_wconf 91' lang='lat' dir='ltr'>alios,</span> <span class='ocrx_word' id='word_1_396' title='bbox 1741 1327 1814 1389; x_wconf 85' lang='lat' dir='ltr'>dicti</span> <span class='ocrx_word' id='word_1_397' title='bbox 1830 1326 1953 1404; x_wconf 81' lang='lat' dir='ltr'>collegii</span> <span class='ocrx_word' id='word_1_398' title='bbox 1969 1325 2099 1386; x_wconf 91' lang='lat' dir='ltr'>nomine</span> 
     </span>
     <span class='ocr_line' id='line_1_70' title="bbox 1348 1419 2099 1498; baseline -0.004 -18"><span class='ocrx_word' id='word_1_399' title='bbox 1348 1420 1474 1494; x_wconf 91' lang='lat' dir='ltr'>realem,</span> <span class='ocrx_word' id='word_1_400' title='bbox 1497 1420 1648 1481; x_wconf 88' lang='lat' dir='ltr'>actualem</span> <span class='ocrx_word' id='word_1_401' title='bbox 1670 1429 1701 1481; x_wconf 92' lang='lat' dir='ltr'>et</span> <span class='ocrx_word' id='word_1_402' title='bbox 1723 1420 1917 1498; x_wconf 88' lang='lat' dir='ltr'>corporalem</span> <span class='ocrx_word' id='word_1_403' title='bbox 1935 1419 2099 1497; x_wconf 90' lang='lat' dir='ltr'>possessio·</span> 
     </span>
     <span class='ocr_line' id='line_1_71' title="bbox 1348 1512 2099 1590; baseline 0 -18"><span class='ocrx_word' id='word_1_404' title='bbox 1348 1529 1421 1574; x_wconf 92' lang='lat' dir='ltr'>nem</span> <span class='ocrx_word' id='word_1_405' title='bbox 1443 1513 1562 1590; x_wconf 83' lang='lat' dir='ltr'>propria</span> <span class='ocrx_word' id='word_1_406' title='bbox 1590 1514 1773 1576; x_wconf 87' lang='lat' dir='ltr'>auctoritate</span> <span class='ocrx_word' id='word_1_407' title='bbox 1800 1513 1897 1574; x_wconf 90' lang='lat' dir='ltr'>libere</span> <span class='ocrx_word' id='word_1_408' title='bbox 1924 1512 2099 1590; x_wconf 81' lang='lat' dir='ltr'>apprehen-</span> 
     </span>
     <span class='ocr_line' id='line_1_72' title="bbox 1348 1606 2097 1684; baseline -0.001 -18"><span class='ocrx_word' id='word_1_409' title='bbox 1348 1606 1431 1680; x_wconf 87' lang='lat' dir='ltr'>dere,</span> <span class='ocrx_word' id='word_1_410' title='bbox 1454 1613 1485 1667; x_wconf 93' lang='lat' dir='ltr'>et</span> <span class='ocrx_word' id='word_1_411' title='bbox 1512 1607 1737 1684; x_wconf 86' lang='lat' dir='ltr'>apprehensam</span> <span class='ocrx_word' id='word_1_412' title='bbox 1765 1609 1916 1684; x_wconf 84' lang='lat' dir='ltr'>perpetuo</span> <span class='ocrx_word' id='word_1_413' title='bbox 1946 1607 2097 1678; x_wconf 85' lang='lat' dir='ltr'>retinere,</span> 
     </span>
     <span class='ocr_line' id='line_1_73' title="bbox 1348 1697 2097 1776; baseline -0.001 -19"><span class='ocrx_word' id='word_1_414' title='bbox 1348 1697 1536 1776; x_wconf 90' lang='lat' dir='ltr'>illorumque</span> <span class='ocrx_word' id='word_1_415' title='bbox 1564 1698 1700 1773; x_wconf 83' lang='lat' dir='ltr'>tructus,</span> <span class='ocrx_word' id='word_1_416' title='bbox 1730 1698 1883 1774; x_wconf 87' lang='lat' dir='ltr'>redditus,</span> <span class='ocrx_word' id='word_1_417' title='bbox 1912 1708 2097 1776; x_wconf 85' lang='lat' dir='ltr'>proventus,</span> 
     </span>
     <span class='ocr_line' id='line_1_74' title="bbox 1348 1791 2099 1870; baseline 0.003 -20"><span class='ocrx_word' id='word_1_418' title='bbox 1348 1791 1426 1864; x_wconf 90' lang='lat' dir='ltr'>iura,</span> <span class='ocrx_word' id='word_1_419' title='bbox 1439 1792 1644 1854; x_wconf 84' lang='lat' dir='ltr'>obventiones</span> <span class='ocrx_word' id='word_1_420' title='bbox 1660 1803 1690 1852; x_wconf 91' lang='lat' dir='ltr'>et</span> <span class='ocrx_word' id='word_1_421' title='bbox 1705 1792 1917 1853; x_wconf 90' lang='lat' dir='ltr'>emolumenta</span> <span class='ocrx_word' id='word_1_422' title='bbox 1932 1807 2099 1870; x_wconf 91' lang='lat' dir='ltr'>quaecum-</span> 
     </span>
     <span class='ocr_line' id='line_1_75' title="bbox 1347 1885 2099 1964; baseline -0.001 -18"><span class='ocrx_word' id='word_1_423' title='bbox 1347 1900 1418 1962; x_wconf 87' lang='lat' dir='ltr'>que,</span> <span class='ocrx_word' id='word_1_424' title='bbox 1436 1901 1558 1946; x_wconf 90' lang='lat' dir='ltr'>necnon</span> <span class='ocrx_word' id='word_1_425' title='bbox 1579 1902 1633 1947; x_wconf 85' lang='lat' dir='ltr'>sex</span> <span class='ocrx_word' id='word_1_426' title='bbox 1652 1885 1748 1946; x_wconf 90' lang='lat' dir='ltr'>millia</span> <span class='ocrx_word' id='word_1_427' title='bbox 1762 1891 1847 1946; x_wconf 89' lang='lat' dir='ltr'>scuta</span> <span class='ocrx_word' id='word_1_428' title='bbox 1862 1885 2014 1964; x_wconf 87' lang='lat' dir='ltr'>praedicta</span> <span class='ocrx_word' id='word_1_429' title='bbox 2030 1901 2099 1963; x_wconf 91' lang='lat' dir='ltr'>per·</span> 
     </span>
     <span class='ocr_line' id='line_1_76' title="bbox 1347 1977 2101 2056; baseline 0.001 -19"><span class='ocrx_word' id='word_1_430' title='bbox 1347 1977 1461 2056; x_wconf 88' lang='lat' dir='ltr'>cipere,</span> <span class='ocrx_word' id='word_1_431' title='bbox 1484 1981 1620 2054; x_wconf 83' lang='lat' dir='ltr'>exigere,</span> <span class='ocrx_word' id='word_1_432' title='bbox 1644 1979 1759 2051; x_wconf 93' lang='lat' dir='ltr'>levare,</span> <span class='ocrx_word' id='word_1_433' title='bbox 1780 1995 1813 2040; x_wconf 92' lang='lat' dir='ltr'>ac</span> <span class='ocrx_word' id='word_1_434' title='bbox 1835 1978 1867 2038; x_wconf 92' lang='lat' dir='ltr'>in</span> <span class='ocrx_word' id='word_1_435' title='bbox 1884 1977 2023 2040; x_wconf 90' lang='lat' dir='ltr'>eiusdem</span> <span class='ocrx_word' id='word_1_436' title='bbox 2037 1978 2101 2040; x_wconf 91' lang='lat' dir='ltr'>col·</span> 
     </span>
     <span class='ocr_line' id='line_1_77' title="bbox 1348 2071 2099 2149; baseline -0.003 -17"><span class='ocrx_word' id='word_1_437' title='bbox 1348 2072 1419 2148; x_wconf 80' lang='lat' dir='ltr'>legii</span> <span class='ocrx_word' id='word_1_438' title='bbox 1442 2089 1458 2132; x_wconf 93' lang='lat' dir='ltr'>a</span> <span class='ocrx_word' id='word_1_439' title='bbox 1479 2074 1566 2134; x_wconf 91' lang='lat' dir='ltr'>nobis</span> <span class='ocrx_word' id='word_1_440' title='bbox 1589 2088 1644 2149; x_wconf 91' lang='lat' dir='ltr'>per</span> <span class='ocrx_word' id='word_1_441' title='bbox 1665 2079 1840 2148; x_wconf 86' lang='lat' dir='ltr'>praesentes</span> <span class='ocrx_word' id='word_1_442' title='bbox 1867 2071 1962 2132; x_wconf 88' lang='lat' dir='ltr'>erecti</span> <span class='ocrx_word' id='word_1_443' title='bbox 1983 2071 2099 2132; x_wconf 90' lang='lat' dir='ltr'>utilita-</span> 
     </span>
     <span class='ocr_line' id='line_1_78' title="bbox 1350 2164 2098 2242; baseline -0.003 -16"><span class='ocrx_word' id='word_1_444' title='bbox 1350 2173 1410 2228; x_wconf 87' lang='lat' dir='ltr'>tern</span> <span class='ocrx_word' id='word_1_445' title='bbox 1434 2166 1581 2226; x_wconf 90' lang='lat' dir='ltr'>investire</span> <span class='ocrx_word' id='word_1_446' title='bbox 1605 2165 1636 2224; x_wconf 96' lang='lat' dir='ltr'>in</span> <span class='ocrx_word' id='word_1_447' title='bbox 1661 2165 1747 2226; x_wconf 90' lang='lat' dir='ltr'>bonis</span> <span class='ocrx_word' id='word_1_448' title='bbox 1768 2164 1940 2238; x_wconf 91' lang='lat' dir='ltr'>stabilibus,</span> <span class='ocrx_word' id='word_1_449' title='bbox 1957 2171 1992 2225; x_wconf 94' lang='lat' dir='ltr'>ut</span> <span class='ocrx_word' id='word_1_450' title='bbox 2012 2179 2098 2242; x_wconf 90' lang='lat' dir='ltr'>prae-</span> 
     </span>
     <span class='ocr_line' id='line_1_79' title="bbox 1348 2259 1458 2320; baseline 0 -2"><span class='ocrx_word' id='word_1_451' title='bbox 1348 2259 1458 2320; x_wconf 90' lang='lat' dir='ltr'>lertur.</span> 
     </span>
    </p>

    <p class='ocr_par' dir='ltr' id='par_1_10' title="bbox 1344 2349 2334 4466">
     <span class='ocr_line' id='line_1_80' title="bbox 1387 2349 2334 2430; baseline -0.005 -17"><span class='ocrx_word' id='word_1_452' title='bbox 1387 2353 1405 2426; x_wconf 67' lang='grc' dir='ltr'><strong>ἓ</strong></span> <span class='ocrx_word' id='word_1_453' title='bbox 1427 2353 1456 2413; x_wconf 85' lang='lat' dir='ltr'>o.</span> <span class='ocrx_word' id='word_1_454' title='bbox 1474 2351 1605 2424; x_wconf 81' lang='lat' dir='ltr'>Verum,</span> <span class='ocrx_word' id='word_1_455' title='bbox 1621 2351 1691 2429; x_wconf 91' lang='lat' dir='ltr'>quia</span> <span class='ocrx_word' id='word_1_456' title='bbox 1708 2349 1864 2412; x_wconf 76' lang='lat' dir='ltr'>frumenta</span> <span class='ocrx_word' id='word_1_457' title='bbox 1879 2351 2017 2430; x_wconf 92' lang='lat' dir='ltr'>aliaeque</span> <span class='ocrx_word' id='word_1_458' title='bbox 2033 2351 2097 2413; x_wconf 91' lang='lat' dir='ltr'>lru-</span> <span class='ocrx_word' id='word_1_459' title='bbox 2170 2365 2274 2410; x_wconf 75' lang='lat' dir='ltr'>census</span> <span class='ocrx_word' id='word_1_460' title='bbox 2292 2375 2334 2426; x_wconf 58' lang='grc' dir='ltr'>εις</span> 
     </span>
     <span class='ocr_line' id='line_1_81' title="bbox 1348 2418 2333 2523; baseline -0.002 -16"><span class='ocrx_word' id='word_1_461' title='bbox 1348 2463 1412 2522; x_wconf 78' lang='lat' dir='ltr'>ges,</span> <span class='ocrx_word' id='word_1_462' title='bbox 1435 2461 1513 2523; x_wconf 91' lang='lat' dir='ltr'>quae</span> <span class='ocrx_word' id='word_1_463' title='bbox 1533 2461 1572 2506; x_wconf 92' lang='lat' dir='ltr'>ex</span> <span class='ocrx_word' id='word_1_464' title='bbox 1594 2445 1704 2506; x_wconf 90' lang='lat' dir='ltr'>annuis</span> <span class='ocrx_word' id='word_1_465' title='bbox 1730 2444 1901 2506; x_wconf 83' lang='lat' dir='ltr'>redditibus</span> <span class='ocrx_word' id='word_1_466' title='bbox 1922 2444 2096 2522; x_wconf 90' lang='lat' dir='ltr'>primodicti</span> <span class='ocrx_word' id='word_1_467' title='bbox 2115 2418 2333 2517; x_wconf 54' lang='lat' dir='ltr'>gfflssessabaffifd</span> 
     </span>
     <span class='ocr_line' id='line_1_82' title="bbox 1348 2523 2267 2618; baseline 0.001 -19"><span class='ocrx_word' id='word_1_468' title='bbox 1348 2537 1526 2600; x_wconf 88' lang='lat' dir='ltr'>monasterii</span> <span class='ocrx_word' id='word_1_469' title='bbox 1549 2537 1752 2613; x_wconf 80' lang='lat' dir='ltr'>colliguntur,</span> <span class='ocrx_word' id='word_1_470' title='bbox 1770 2537 1801 2598; x_wconf 90' lang='lat' dir='ltr'>in</span> <span class='ocrx_word' id='word_1_471' title='bbox 1823 2539 1942 2600; x_wconf 91' lang='lat' dir='ltr'>duobus</span> <span class='ocrx_word' id='word_1_472' title='bbox 1957 2539 2030 2601; x_wconf 87' lang='lat' dir='ltr'>dicti</span> <span class='ocrx_word' id='word_1_473' title='bbox 2045 2557 2096 2618; x_wconf 90' lang='lat' dir='ltr'>pa·</span> <span class='ocrx_word' id='word_1_474' title='bbox 2114 2523 2267 2570; x_wconf 69' lang='lat' dir='ltr'>³⁰¹l&#39;⁰¹¹‘¹¹²⁵·</span> 
     </span>
     <span class='ocr_line' id='line_1_83' title="bbox 1347 2630 2096 2710; baseline 0.003 -18"><span class='ocrx_word' id='word_1_475' title='bbox 1347 2632 1423 2706; x_wconf 89' lang='lat' dir='ltr'>latii,</span> <span class='ocrx_word' id='word_1_476' title='bbox 1447 2631 1571 2692; x_wconf 92' lang='lat' dir='ltr'>anobis</span> <span class='ocrx_word' id='word_1_477' title='bbox 1594 2631 1625 2692; x_wconf 96' lang='lat' dir='ltr'>in</span> <span class='ocrx_word' id='word_1_478' title='bbox 1647 2630 1816 2706; x_wconf 82' lang='lat' dir='ltr'>collegium</span> <span class='ocrx_word' id='word_1_479' title='bbox 1838 2647 1893 2709; x_wconf 93' lang='lat' dir='ltr'>per</span> <span class='ocrx_word' id='word_1_480' title='bbox 1918 2641 2096 2710; x_wconf 89' lang='lat' dir='ltr'>praesentes</span> 
     </span>
     <span class='ocr_line' id='line_1_84' title="bbox 1346 2723 2097 2802; baseline 0.005 -18"><span class='ocrx_word' id='word_1_481' title='bbox 1346 2725 1439 2787; x_wconf 88' lang='lat' dir='ltr'>erecti</span> <span class='ocrx_word' id='word_1_482' title='bbox 1471 2723 1661 2798; x_wconf 85' lang='lat' dir='ltr'>huiusmodi,</span> <span class='ocrx_word' id='word_1_483' title='bbox 1690 2725 1810 2784; x_wconf 91' lang='lat' dir='ltr'>horreis</span> <span class='ocrx_word' id='word_1_484' title='bbox 1838 2725 1947 2802; x_wconf 90' lang='lat' dir='ltr'>reponi</span> <span class='ocrx_word' id='word_1_485' title='bbox 1969 2741 2002 2786; x_wconf 90' lang='lat' dir='ltr'>ac</span> <span class='ocrx_word' id='word_1_486' title='bbox 2023 2743 2097 2788; x_wconf 92' lang='lat' dir='ltr'>con-</span> 
     </span>
     <span class='ocr_line' id='line_1_85' title="bbox 1345 2816 2095 2892; baseline 0.003 -14"><span class='ocrx_word' id='word_1_487' title='bbox 1345 2817 1461 2879; x_wconf 81' lang='lat' dir='ltr'>servari</span> <span class='ocrx_word' id='word_1_488' title='bbox 1489 2823 1733 2889; x_wconf 90' lang='lat' dir='ltr'>consueverunt,</span> <span class='ocrx_word' id='word_1_489' title='bbox 1763 2816 1921 2892; x_wconf 89' lang='lat' dir='ltr'>volumus,</span> <span class='ocrx_word' id='word_1_490' title='bbox 1950 2826 1985 2882; x_wconf 91' lang='lat' dir='ltr'>ut</span> <span class='ocrx_word' id='word_1_491' title='bbox 2013 2820 2095 2880; x_wconf 90' lang='lat' dir='ltr'>dicto</span> 
     </span>
     <span class='ocr_line' id='line_1_86' title="bbox 1346 2908 2096 2989; baseline 0.001 -17"><span class='ocrx_word' id='word_1_492' title='bbox 1346 2911 1435 2972; x_wconf 91' lang='lat' dir='ltr'>Petro</span> <span class='ocrx_word' id='word_1_493' title='bbox 1457 2909 1580 2987; x_wconf 80' lang='lat' dir='ltr'>Aloysio</span> <span class='ocrx_word' id='word_1_494' title='bbox 1603 2908 1768 2981; x_wconf 89' lang='lat' dir='ltr'>Cardinali‚</span> <span class='ocrx_word' id='word_1_495' title='bbox 1789 2910 1886 2970; x_wconf 89' lang='lat' dir='ltr'>donec</span> <span class='ocrx_word' id='word_1_496' title='bbox 1902 2911 1966 2989; x_wconf 89' lang='lat' dir='ltr'>ipse</span> <span class='ocrx_word' id='word_1_497' title='bbox 1981 2911 2096 2973; x_wconf 88' lang='lat' dir='ltr'>vixerit</span> 
     </span>
     <span class='ocr_line' id='line_1_87' title="bbox 1346 3002 2095 3081; baseline 0.003 -17"><span class='ocrx_word' id='word_1_498' title='bbox 1346 3011 1376 3066; x_wconf 90' lang='lat' dir='ltr'>et</span> <span class='ocrx_word' id='word_1_499' title='bbox 1398 3004 1634 3076; x_wconf 89' lang='lat' dir='ltr'>monasterium,</span> <span class='ocrx_word' id='word_1_500' title='bbox 1656 3002 1736 3064; x_wconf 92' lang='lat' dir='ltr'>sicut</span> <span class='ocrx_word' id='word_1_501' title='bbox 1750 3003 1935 3081; x_wconf 79' lang='lat' dir='ltr'>praefertur,</span> <span class='ocrx_word' id='word_1_502' title='bbox 1951 3005 2095 3068; x_wconf 90' lang='lat' dir='ltr'>obtinue-</span> 
     </span>
     <span class='ocr_line' id='line_1_88' title="bbox 1346 3097 2093 3173; baseline 0.003 -15"><span class='ocrx_word' id='word_1_503' title='bbox 1346 3099 1397 3172; x_wconf 92' lang='lat' dir='ltr'>rit,</span> <span class='ocrx_word' id='word_1_504' title='bbox 1421 3097 1499 3160; x_wconf 90' lang='lat' dir='ltr'>liber</span> <span class='ocrx_word' id='word_1_505' title='bbox 1521 3097 1706 3158; x_wconf 88' lang='lat' dir='ltr'>decernatur</span> <span class='ocrx_word' id='word_1_506' title='bbox 1736 3097 1894 3172; x_wconf 80' lang='lat' dir='ltr'>ingressus</span> <span class='ocrx_word' id='word_1_507' title='bbox 1914 3097 1950 3160; x_wconf 87' lang='lat' dir='ltr'>ad</span> <span class='ocrx_word' id='word_1_508' title='bbox 1972 3101 2093 3173; x_wconf 88' lang='lat' dir='ltr'>horrea,</span> 
     </span>
     <span class='ocr_line' id='line_1_89' title="bbox 1346 3189 2097 3267; baseline -0.001 -14"><span class='ocrx_word' id='word_1_509' title='bbox 1346 3193 1442 3254; x_wconf 90' lang='lat' dir='ltr'>donec</span> <span class='ocrx_word' id='word_1_510' title='bbox 1463 3190 1541 3252; x_wconf 91' lang='lat' dir='ltr'>alter</span> <span class='ocrx_word' id='word_1_511' title='bbox 1562 3189 1619 3250; x_wconf 91' lang='lat' dir='ltr'>sibi</span> <span class='ocrx_word' id='word_1_512' title='bbox 1641 3191 1676 3250; x_wconf 89' lang='lat' dir='ltr'>ad</span> <span class='ocrx_word' id='word_1_513' title='bbox 1699 3190 1894 3267; x_wconf 91' lang='lat' dir='ltr'>repositionis</span> <span class='ocrx_word' id='word_1_514' title='bbox 1915 3199 1945 3252; x_wconf 95' lang='lat' dir='ltr'>et</span> <span class='ocrx_word' id='word_1_515' title='bbox 1960 3207 2097 3254; x_wconf 90' lang='lat' dir='ltr'>asserva·</span> 
     </span>
     <span class='ocr_line' id='line_1_90' title="bbox 1347 3280 2095 3360; baseline 0.001 -15"><span class='ocrx_word' id='word_1_516' title='bbox 1347 3284 1438 3345; x_wconf 91' lang='lat' dir='ltr'>tionis</span> <span class='ocrx_word' id='word_1_517' title='bbox 1459 3280 1638 3344; x_wconf 86' lang='lat' dir='ltr'>huiusmodi</span> <span class='ocrx_word' id='word_1_518' title='bbox 1659 3282 1816 3358; x_wconf 87' lang='lat' dir='ltr'>ellectum,</span> <span class='ocrx_word' id='word_1_519' title='bbox 1839 3283 1960 3360; x_wconf 78' lang='lat' dir='ltr'>collegii</span> <span class='ocrx_word' id='word_1_520' title='bbox 1976 3302 1990 3344; x_wconf 88' lang='lat' dir='ltr'>a</span> <span class='ocrx_word' id='word_1_521' title='bbox 2007 3285 2095 3346; x_wconf 91' lang='lat' dir='ltr'>nobis</span> 
     </span>
     <span class='ocr_line' id='line_1_91' title="bbox 1345 3375 2120 3454; baseline 0 -16"><span class='ocrx_word' id='word_1_522' title='bbox 1345 3377 1439 3439; x_wconf 91' lang='lat' dir='ltr'>erecti</span> <span class='ocrx_word' id='word_1_523' title='bbox 1469 3375 1655 3454; x_wconf 91' lang='lat' dir='ltr'>sumptibus,</span> <span class='ocrx_word' id='word_1_524' title='bbox 1687 3375 1745 3436; x_wconf 91' lang='lat' dir='ltr'>sibi</span> <span class='ocrx_word' id='word_1_525' title='bbox 1777 3376 1959 3438; x_wconf 82' lang='lat' dir='ltr'>exhibeatur</span> <span class='ocrx_word' id='word_1_526' title='bbox 1990 3377 2120 3454; x_wconf 65' lang='lat' dir='ltr'>locus,</span> 
     </span>
     <span class='ocr_line' id='line_1_92' title="bbox 1346 3467 2094 3548; baseline 0.001 -17"><span class='ocrx_word' id='word_1_527' title='bbox 1346 3469 1492 3548; x_wconf 89' lang='lat' dir='ltr'>praedicti</span> <span class='ocrx_word' id='word_1_528' title='bbox 1514 3485 1589 3529; x_wconf 92' lang='lat' dir='ltr'>vero</span> <span class='ocrx_word' id='word_1_529' title='bbox 1620 3467 1702 3530; x_wconf 90' lang='lat' dir='ltr'>Petri</span> <span class='ocrx_word' id='word_1_530' title='bbox 1723 3467 1838 3544; x_wconf 70' lang='lat' dir='ltr'>aloysii</span> <span class='ocrx_word' id='word_1_531' title='bbox 1871 3469 2040 3531; x_wconf 75' lang='lat' dir='ltr'>cardinalis</span> <span class='ocrx_word' id='word_1_532' title='bbox 2061 3471 2094 3532; x_wconf 94' lang='lat' dir='ltr'>in</span> 
     </span>
     <span class='ocr_line' id='line_1_93' title="bbox 1345 3560 2092 3638; baseline 0.003 -16"><span class='ocrx_word' id='word_1_533' title='bbox 1345 3562 1532 3623; x_wconf 91' lang='lat' dir='ltr'>monasterio</span> <span class='ocrx_word' id='word_1_534' title='bbox 1552 3576 1752 3634; x_wconf 89' lang='lat' dir='ltr'>successores,</span> <span class='ocrx_word' id='word_1_535' title='bbox 1769 3560 1905 3635; x_wconf 89' lang='lat' dir='ltr'>aliunde,</span> <span class='ocrx_word' id='word_1_536' title='bbox 1921 3569 1951 3623; x_wconf 92' lang='lat' dir='ltr'>et</span> <span class='ocrx_word' id='word_1_537' title='bbox 1967 3563 1999 3624; x_wconf 94' lang='lat' dir='ltr'>in</span> <span class='ocrx_word' id='word_1_538' title='bbox 2016 3562 2092 3638; x_wconf 88' lang='lat' dir='ltr'>loco,</span> 
     </span>
     <span class='ocr_line' id='line_1_94' title="bbox 1345 3655 2092 3732; baseline 0 -16"><span class='ocrx_word' id='word_1_539' title='bbox 1345 3672 1360 3716; x_wconf 94' lang='lat' dir='ltr'>a</span> <span class='ocrx_word' id='word_1_540' title='bbox 1381 3655 1523 3730; x_wconf 79' lang='lat' dir='ltr'>collegio,</span> <span class='ocrx_word' id='word_1_541' title='bbox 1546 3671 1561 3714; x_wconf 93' lang='lat' dir='ltr'>a</span> <span class='ocrx_word' id='word_1_542' title='bbox 1584 3655 1671 3716; x_wconf 90' lang='lat' dir='ltr'>nobis</span> <span class='ocrx_word' id='word_1_543' title='bbox 1692 3670 1747 3732; x_wconf 89' lang='lat' dir='ltr'>per</span> <span class='ocrx_word' id='word_1_544' title='bbox 1774 3661 1951 3732; x_wconf 89' lang='lat' dir='ltr'>praesentes</span> <span class='ocrx_word' id='word_1_545' title='bbox 1978 3663 2092 3729; x_wconf 86' lang='lat' dir='ltr'>erecto,</span> 
     </span>
     <span class='ocr_line' id='line_1_95' title="bbox 1344 3747 2094 3826; baseline -0.003 -17"><span class='ocrx_word' id='word_1_546' title='bbox 1344 3749 1473 3810; x_wconf 88' lang='lat' dir='ltr'>omnino</span> <span class='ocrx_word' id='word_1_547' title='bbox 1493 3754 1643 3826; x_wconf 89' lang='lat' dir='ltr'>separato,</span> <span class='ocrx_word' id='word_1_548' title='bbox 1665 3747 1722 3808; x_wconf 93' lang='lat' dir='ltr'>sibi</span> <span class='ocrx_word' id='word_1_549' title='bbox 1744 3763 1894 3826; x_wconf 83' lang='lat' dir='ltr'>quaerere</span> <span class='ocrx_word' id='word_1_550' title='bbox 1914 3748 2044 3810; x_wconf 88' lang='lat' dir='ltr'>debeant</span> <span class='ocrx_word' id='word_1_551' title='bbox 2062 3757 2094 3810; x_wconf 87' lang='lat' dir='ltr'>et</span> 
     </span>
     <span class='ocr_line' id='line_1_96' title="bbox 1345 3841 2094 3918; baseline 0.003 -16"><span class='ocrx_word' id='word_1_552' title='bbox 1345 3849 1523 3904; x_wconf 90' lang='lat' dir='ltr'>teneantur.</span> <span class='ocrx_word' id='word_1_553' title='bbox 1548 3843 1590 3903; x_wconf 79' lang='lat' dir='ltr'>nc</span> <span class='ocrx_word' id='word_1_554' title='bbox 1611 3841 1802 3915; x_wconf 68' lang='lat' dir='ltr'>demanant</span> <span class='ocrx_word' id='word_1_555' title='bbox 1823 3841 1991 3918; x_wconf 84' lang='lat' dir='ltr'>collegium</span> <span class='ocrx_word' id='word_1_556' title='bbox 2009 3859 2094 3904; x_wconf 91' lang='lat' dir='ltr'>ano-</span> 
     </span>
     <span class='ocr_line' id='line_1_97' title="bbox 1345 3935 2093 4014; baseline 0 -18"><span class='ocrx_word' id='word_1_557' title='bbox 1345 3937 1390 3996; x_wconf 91' lang='lat' dir='ltr'>bis</span> <span class='ocrx_word' id='word_1_558' title='bbox 1411 3951 1465 4014; x_wconf 90' lang='lat' dir='ltr'>per</span> <span class='ocrx_word' id='word_1_559' title='bbox 1486 3942 1665 4014; x_wconf 89' lang='lat' dir='ltr'>praesentes</span> <span class='ocrx_word' id='word_1_560' title='bbox 1686 3942 1824 3997; x_wconf 88' lang='lat' dir='ltr'>erectum</span> <span class='ocrx_word' id='word_1_561' title='bbox 1846 3935 1969 4012; x_wconf 86' lang='lat' dir='ltr'>aliquod</span> <span class='ocrx_word' id='word_1_562' title='bbox 1984 3951 2093 4013; x_wconf 89' lang='lat' dir='ltr'>peren·</span> 
     </span>
     <span class='ocr_line' id='line_1_98' title="bbox 1345 4028 2091 4107; baseline -0.003 -17"><span class='ocrx_word' id='word_1_563' title='bbox 1345 4046 1386 4091; x_wconf 92' lang='lat' dir='ltr'>ne</span> <span class='ocrx_word' id='word_1_564' title='bbox 1407 4031 1487 4105; x_wconf 82' lang='lat' dir='ltr'>grati</span> <span class='ocrx_word' id='word_1_565' title='bbox 1508 4030 1604 4091; x_wconf 90' lang='lat' dir='ltr'>animi</span> <span class='ocrx_word' id='word_1_566' title='bbox 1623 4028 1808 4107; x_wconf 90' lang='lat' dir='ltr'>obsequium</span> <span class='ocrx_word' id='word_1_567' title='bbox 1822 4044 1897 4105; x_wconf 80' lang='lat' dir='ltr'>ergo</span> <span class='ocrx_word' id='word_1_568' title='bbox 1912 4029 2091 4090; x_wconf 88' lang='lat' dir='ltr'>monasterii</span> 
     </span>
     <span class='ocr_line' id='line_1_99' title="bbox 1344 4121 2095 4201; baseline -0.003 -17"><span class='ocrx_word' id='word_1_569' title='bbox 1344 4123 1466 4184; x_wconf 90' lang='lat' dir='ltr'>abbates</span> <span class='ocrx_word' id='word_1_570' title='bbox 1501 4129 1665 4201; x_wconf 91' lang='lat' dir='ltr'>perpetuos</span> <span class='ocrx_word' id='word_1_571' title='bbox 1699 4121 1976 4184; x_wconf 88' lang='lat' dir='ltr'>commendatarios</span> <span class='ocrx_word' id='word_1_572' title='bbox 2008 4122 2095 4182; x_wconf 91' lang='lat' dir='ltr'>exbi-</span> 
     </span>
     <span class='ocr_line' id='line_1_100' title="bbox 1344 4214 2092 4291; baseline -0.005 -11"><span class='ocrx_word' id='word_1_573' title='bbox 1344 4218 1418 4280; x_wconf 90' lang='lat' dir='ltr'>bere</span> <span class='ocrx_word' id='word_1_574' title='bbox 1446 4217 1555 4291; x_wconf 88' lang='lat' dir='ltr'>valeat,</span> <span class='ocrx_word' id='word_1_575' title='bbox 1579 4231 1674 4276; x_wconf 90' lang='lat' dir='ltr'>unam</span> <span class='ocrx_word' id='word_1_576' title='bbox 1702 4215 1813 4276; x_wconf 89' lang='lat' dir='ltr'>libram</span> <span class='ocrx_word' id='word_1_577' title='bbox 1841 4231 1928 4277; x_wconf 87' lang='lat' dir='ltr'>cerae</span> <span class='ocrx_word' id='word_1_578' title='bbox 1952 4214 2037 4277; x_wconf 89' lang='lat' dir='ltr'>albae</span> <span class='ocrx_word' id='word_1_579' title='bbox 2060 4215 2092 4276; x_wconf 94' lang='lat' dir='ltr'>in</span> 
     </span>
     <span class='ocr_line' id='line_1_101' title="bbox 1344 4307 2093 4372; baseline -0.004 0"><span class='ocrx_word' id='word_1_580' title='bbox 1344 4312 1394 4372; x_wconf 88' lang='lat' dir='ltr'>die</span> <span class='ocrx_word' id='word_1_581' title='bbox 1421 4309 1498 4372; x_wconf 89' lang='lat' dir='ltr'>lesto</span> <span class='ocrx_word' id='word_1_582' title='bbox 1528 4309 1558 4372; x_wconf 90' lang='lat' dir='ltr'>S.</span> <span class='ocrx_word' id='word_1_583' title='bbox 1584 4307 1742 4370; x_wconf 89' lang='lat' dir='ltr'>Benedicti</span> <span class='ocrx_word' id='word_1_584' title='bbox 1769 4307 1840 4370; x_wconf 92' lang='lat' dir='ltr'>dare</span> <span class='ocrx_word' id='word_1_585' title='bbox 1867 4307 1974 4370; x_wconf 91' lang='lat' dir='ltr'>debeat</span> <span class='ocrx_word' id='word_1_586' title='bbox 1995 4315 2027 4370; x_wconf 88' lang='lat' dir='ltr'>et</span> <span class='ocrx_word' id='word_1_587' title='bbox 2048 4314 2093 4369; x_wconf 91' lang='lat' dir='ltr'>te-</span> 
     </span>
     <span class='ocr_line' id='line_1_102' title="bbox 1345 4393 1517 4466; baseline 0.006 -2"><span class='ocrx_word' id='word_1_588' title='bbox 1345 4413 1465 4466; x_wconf 91' lang='lat' dir='ltr'>neatur.</span> <span class='ocrx_word' id='word_1_589' title='bbox 1512 4393 1517 4401; x_wconf 82' lang='lat'>&#39;</span> 
     </span>
    </p>

    <p class='ocr_par' dir='ltr' id='par_1_11' title="bbox 1342 4496 2094 5978">
     <span class='ocr_line' id='line_1_103' title="bbox 1384 4496 2093 4575; baseline -0.004 -15"><span class='ocrx_word' id='word_1_590' title='bbox 1384 4499 1402 4572; x_wconf 66' lang='grc' dir='ltr'><strong>ἓ</strong></span> <span class='ocrx_word' id='word_1_591' title='bbox 1425 4499 1451 4560; x_wconf 88' lang='grc'>7.</span> <span class='ocrx_word' id='word_1_592' title='bbox 1481 4499 1707 4574; x_wconf 88' lang='lat' dir='ltr'>Decernentes,</span> <span class='ocrx_word' id='word_1_593' title='bbox 1737 4496 1901 4575; x_wconf 90' lang='lat' dir='ltr'>praemissa</span> <span class='ocrx_word' id='word_1_594' title='bbox 1929 4496 2033 4558; x_wconf 91' lang='lat' dir='ltr'>omnia</span> <span class='ocrx_word' id='word_1_595' title='bbox 2061 4502 2093 4557; x_wconf 89' lang='lat' dir='ltr'>el</span> 
     </span>
     <span class='ocr_line' id='line_1_104' title="bbox 1343 4589 2092 4669; baseline -0.005 -15"><span class='ocrx_word' id='word_1_596' title='bbox 1343 4593 1466 4668; x_wconf 79' lang='lat' dir='ltr'>singula</span> <span class='ocrx_word' id='word_1_597' title='bbox 1496 4609 1530 4653; x_wconf 92' lang='lat' dir='ltr'>ac</span> <span class='ocrx_word' id='word_1_598' title='bbox 1561 4593 1683 4653; x_wconf 90' lang='lat' dir='ltr'>easdem</span> <span class='ocrx_word' id='word_1_599' title='bbox 1714 4596 1889 4669; x_wconf 87' lang='lat' dir='ltr'>praesentes</span> <span class='ocrx_word' id='word_1_600' title='bbox 1920 4589 2008 4652; x_wconf 92' lang='lat' dir='ltr'>nullo</span> <span class='ocrx_word' id='word_1_601' title='bbox 2036 4606 2092 4651; x_wconf 90' lang='lat' dir='ltr'>un-</span> 
     </span>
     <span class='ocr_line' id='line_1_105' title="bbox 1344 4683 2093 4764; baseline -0.007 -16"><span class='ocrx_word' id='word_1_602' title='bbox 1344 4701 1435 4763; x_wconf 86' lang='lat' dir='ltr'>quam</span> <span class='ocrx_word' id='word_1_603' title='bbox 1459 4693 1597 4764; x_wconf 90' lang='lat' dir='ltr'>tempore</span> <span class='ocrx_word' id='word_1_604' title='bbox 1619 4701 1657 4746; x_wconf 87' lang='lat' dir='ltr'>ex</span> <span class='ocrx_word' id='word_1_605' title='bbox 1678 4684 1925 4761; x_wconf 90' lang='lat' dir='ltr'>quibuscumque</span> <span class='ocrx_word' id='word_1_606' title='bbox 1945 4683 2042 4746; x_wconf 89' lang='lat' dir='ltr'>causis</span> <span class='ocrx_word' id='word_1_607' title='bbox 2056 4683 2093 4744; x_wconf 89' lang='lat' dir='ltr'>de</span> 
     </span>
     <span class='ocr_line' id='line_1_106' title="bbox 1343 4777 2093 4856; baseline -0.003 -16"><span class='ocrx_word' id='word_1_608' title='bbox 1343 4779 1554 4856; x_wconf 89' lang='lat' dir='ltr'>subreptionis</span> <span class='ocrx_word' id='word_1_609' title='bbox 1575 4785 1627 4840; x_wconf 90' lang='lat' dir='ltr'>aut</span> <span class='ocrx_word' id='word_1_610' title='bbox 1655 4777 1845 4855; x_wconf 89' lang='lat' dir='ltr'>obreptionis</span> <span class='ocrx_word' id='word_1_611' title='bbox 1865 4793 1920 4840; x_wconf 88' lang='lat' dir='ltr'>seo</span> <span class='ocrx_word' id='word_1_612' title='bbox 1943 4777 2093 4840; x_wconf 88' lang='lat' dir='ltr'>nullitatis</span> 
     </span>
     <span class='ocr_line' id='line_1_107' title="bbox 1343 4871 2093 4948; baseline 0.001 -17"><span class='ocrx_word' id='word_1_613' title='bbox 1343 4872 1431 4946; x_wconf 89' lang='lat' dir='ltr'>vitio,</span> <span class='ocrx_word' id='word_1_614' title='bbox 1455 4881 1508 4932; x_wconf 92' lang='lat' dir='ltr'>aut</span> <span class='ocrx_word' id='word_1_615' title='bbox 1530 4871 1715 4934; x_wconf 89' lang='lat' dir='ltr'>intentionis</span> <span class='ocrx_word' id='word_1_616' title='bbox 1738 4879 1860 4934; x_wconf 91' lang='lat' dir='ltr'>nostrae</span> <span class='ocrx_word' id='word_1_617' title='bbox 1881 4871 1930 4932; x_wconf 85' lang='lat' dir='ltr'>vel</span> <span class='ocrx_word' id='word_1_618' title='bbox 1944 4887 2093 4948; x_wconf 90' lang='lat' dir='ltr'>quocum-</span> 
     </span>
     <span class='ocr_line' id='line_1_108' title="bbox 1343 4965 2094 5043; baseline 0.003 -19"><span class='ocrx_word' id='word_1_619' title='bbox 1343 4981 1404 5042; x_wconf 92' lang='lat' dir='ltr'>que</span> <span class='ocrx_word' id='word_1_620' title='bbox 1424 4965 1482 5026; x_wconf 91' lang='lat' dir='ltr'>alio</span> <span class='ocrx_word' id='word_1_621' title='bbox 1504 4965 1625 5028; x_wconf 89' lang='lat' dir='ltr'>deiectu</span> <span class='ocrx_word' id='word_1_622' title='bbox 1657 4965 1770 5040; x_wconf 91' lang='lat' dir='ltr'>notari,</span> <span class='ocrx_word' id='word_1_623' title='bbox 1793 4965 1983 5043; x_wconf 80' lang='lat' dir='ltr'>impugnari,</span> <span class='ocrx_word' id='word_1_624' title='bbox 2009 4965 2094 5026; x_wconf 87' lang='lat' dir='ltr'>inra-</span> 
     </span>
     <span class='ocr_line' id='line_1_109' title="bbox 1344 5057 2092 5134; baseline 0 -16"><span class='ocrx_word' id='word_1_625' title='bbox 1344 5057 1443 5134; x_wconf 91' lang='lat' dir='ltr'>lidari,</span> <span class='ocrx_word' id='word_1_626' title='bbox 1467 5059 1637 5132; x_wconf 90' lang='lat' dir='ltr'>retractari,</span> <span class='ocrx_word' id='word_1_627' title='bbox 1661 5059 1693 5120; x_wconf 91' lang='lat' dir='ltr'>in</span> <span class='ocrx_word' id='word_1_628' title='bbox 1716 5059 1764 5120; x_wconf 89' lang='lat' dir='ltr'>ius</span> <span class='ocrx_word' id='word_1_629' title='bbox 1785 5059 1835 5120; x_wconf 93' lang='lat' dir='ltr'>vel</span> <span class='ocrx_word' id='word_1_630' title='bbox 1849 5057 2092 5120; x_wconf 90' lang='lat' dir='ltr'>controversiam</span> 
     </span>
     <span class='ocr_line' id='line_1_110' title="bbox 1343 5149 2089 5224; baseline 0.001 -15"><span class='ocrx_word' id='word_1_631' title='bbox 1343 5151 1457 5224; x_wconf 89' lang='lat' dir='ltr'>vocari,</span> <span class='ocrx_word' id='word_1_632' title='bbox 1479 5152 1513 5212; x_wconf 90' lang='lat' dir='ltr'>ad</span> <span class='ocrx_word' id='word_1_633' title='bbox 1536 5151 1619 5212; x_wconf 93' lang='lat' dir='ltr'>viam</span> <span class='ocrx_word' id='word_1_634' title='bbox 1640 5158 1670 5211; x_wconf 92' lang='lat' dir='ltr'>et</span> <span class='ocrx_word' id='word_1_635' title='bbox 1694 5151 1842 5212; x_wconf 90' lang='lat' dir='ltr'>terminos</span> <span class='ocrx_word' id='word_1_636' title='bbox 1874 5151 1951 5211; x_wconf 92' lang='lat' dir='ltr'>iuris</span> <span class='ocrx_word' id='word_1_637' title='bbox 1972 5149 2089 5224; x_wconf 88' lang='lat' dir='ltr'>reduci,</span> 
     </span>
     <span class='ocr_line' id='line_1_111' title="bbox 1342 5241 2093 5321; baseline -0.003 -19"><span class='ocrx_word' id='word_1_638' title='bbox 1342 5249 1394 5302; x_wconf 94' lang='lat' dir='ltr'>aut</span> <span class='ocrx_word' id='word_1_639' title='bbox 1416 5243 1562 5304; x_wconf 90' lang='lat' dir='ltr'>adversus</span> <span class='ocrx_word' id='word_1_640' title='bbox 1584 5260 1633 5304; x_wconf 90' lang='lat' dir='ltr'>eas</span> <span class='ocrx_word' id='word_1_641' title='bbox 1655 5245 1872 5321; x_wconf 89' lang='lat' dir='ltr'>quodcumque</span> <span class='ocrx_word' id='word_1_642' title='bbox 1892 5241 1968 5304; x_wconf 92' lang='lat' dir='ltr'>iuris</span> <span class='ocrx_word' id='word_1_643' title='bbox 1986 5241 2037 5302; x_wconf 90' lang='lat' dir='ltr'>vel</span> <span class='ocrx_word' id='word_1_644' title='bbox 2051 5241 2093 5301; x_wconf 87' lang='lat' dir='ltr'>la-</span> 
     </span>
     <span class='ocr_line' id='line_1_112' title="bbox 1342 5335 2092 5413; baseline 0 -17"><span class='ocrx_word' id='word_1_645' title='bbox 1342 5335 1394 5409; x_wconf 91' lang='lat' dir='ltr'>cti,</span> <span class='ocrx_word' id='word_1_646' title='bbox 1417 5343 1471 5398; x_wconf 91' lang='lat' dir='ltr'>aut</span> <span class='ocrx_word' id='word_1_647' title='bbox 1491 5335 1608 5410; x_wconf 80' lang='lat' dir='ltr'>gratiae</span> <span class='ocrx_word' id='word_1_648' title='bbox 1639 5335 1813 5398; x_wconf 88' lang='lat' dir='ltr'>remedium</span> <span class='ocrx_word' id='word_1_649' title='bbox 1845 5335 2016 5413; x_wconf 89' lang='lat' dir='ltr'>impetrari,</span> <span class='ocrx_word' id='word_1_650' title='bbox 2037 5343 2092 5397; x_wconf 80' lang='lat' dir='ltr'>aut</span> 
     </span>
     <span class='ocr_line' id='line_1_113' title="bbox 1343 5428 2093 5508; baseline -0.003 -18"><span class='ocrx_word' id='word_1_651' title='bbox 1343 5429 1435 5490; x_wconf 90' lang='lat' dir='ltr'>etiam</span> <span class='ocrx_word' id='word_1_652' title='bbox 1456 5437 1543 5490; x_wconf 91' lang='lat' dir='ltr'>motu</span> <span class='ocrx_word' id='word_1_653' title='bbox 1565 5429 1689 5507; x_wconf 92' lang='lat' dir='ltr'>proprio</span> <span class='ocrx_word' id='word_1_654' title='bbox 1710 5431 1808 5508; x_wconf 84' lang='lat' dir='ltr'>deque</span> <span class='ocrx_word' id='word_1_655' title='bbox 1836 5428 2017 5507; x_wconf 87' lang='lat' dir='ltr'>apostolicae</span> <span class='ocrx_word' id='word_1_656' title='bbox 2038 5443 2093 5505; x_wconf 82' lang='lat' dir='ltr'>po·</span> 
     </span>
     <span class='ocr_line' id='line_1_114' title="bbox 1343 5521 2093 5600; baseline -0.001 -18"><span class='ocrx_word' id='word_1_657' title='bbox 1343 5524 1460 5584; x_wconf 86' lang='lat' dir='ltr'>testatis</span> <span class='ocrx_word' id='word_1_658' title='bbox 1488 5522 1681 5600; x_wconf 89' lang='lat' dir='ltr'>plenitudine</span> <span class='ocrx_word' id='word_1_659' title='bbox 1710 5523 1845 5596; x_wconf 90' lang='lat' dir='ltr'>concedi,</span> <span class='ocrx_word' id='word_1_660' title='bbox 1869 5537 1925 5583; x_wconf 88' lang='lat' dir='ltr'>nec</span> <span class='ocrx_word' id='word_1_661' title='bbox 1945 5521 2004 5583; x_wconf 91' lang='lat' dir='ltr'>sub</span> <span class='ocrx_word' id='word_1_662' title='bbox 2024 5521 2093 5598; x_wconf 91' lang='lat' dir='ltr'>qui-</span> 
     </span>
     <span class='ocr_line' id='line_1_115' title="bbox 1343 5614 2092 5691; baseline -0.004 -14"><span class='ocrx_word' id='word_1_663' title='bbox 1343 5615 1446 5678; x_wconf 90' lang='lat' dir='ltr'>busvis</span> <span class='ocrx_word' id='word_1_664' title='bbox 1467 5617 1621 5678; x_wconf 93' lang='lat' dir='ltr'>similium</span> <span class='ocrx_word' id='word_1_665' title='bbox 1642 5616 1693 5677; x_wconf 93' lang='lat' dir='ltr'>vel</span> <span class='ocrx_word' id='word_1_666' title='bbox 1709 5615 1905 5678; x_wconf 91' lang='lat' dir='ltr'>dissimilium</span> <span class='ocrx_word' id='word_1_667' title='bbox 1922 5614 2092 5691; x_wconf 80' lang='lat' dir='ltr'>gratiarum</span> 
     </span>
     <span class='ocr_line' id='line_1_116' title="bbox 1343 5707 2093 5788; baseline -0.003 -20"><span class='ocrx_word' id='word_1_668' title='bbox 1343 5710 1602 5783; x_wconf 89' lang='lat' dir='ltr'>revocationibus,</span> <span class='ocrx_word' id='word_1_669' title='bbox 1618 5708 1883 5788; x_wconf 91' lang='lat' dir='ltr'>suspensionibus,</span> <span class='ocrx_word' id='word_1_670' title='bbox 1901 5707 2093 5768; x_wconf 90' lang='lat' dir='ltr'>limitationi·</span> 
     </span>
     <span class='ocr_line' id='line_1_117' title="bbox 1343 5801 2093 5880; baseline -0.005 -17"><span class='ocrx_word' id='word_1_671' title='bbox 1343 5802 1409 5876; x_wconf 91' lang='lat' dir='ltr'>bus,</span> <span class='ocrx_word' id='word_1_672' title='bbox 1433 5811 1485 5865; x_wconf 90' lang='lat' dir='ltr'>aut</span> <span class='ocrx_word' id='word_1_673' title='bbox 1507 5804 1573 5864; x_wconf 89' lang='lat' dir='ltr'>aliis</span> <span class='ocrx_word' id='word_1_674' title='bbox 1595 5802 1758 5864; x_wconf 92' lang='lat' dir='ltr'>contrariis</span> <span class='ocrx_word' id='word_1_675' title='bbox 1772 5801 2023 5880; x_wconf 90' lang='lat' dir='ltr'>dispositionibus</span> <span class='ocrx_word' id='word_1_676' title='bbox 2037 5815 2093 5879; x_wconf 90' lang='lat' dir='ltr'>per</span> 
     </span>
     <span class='ocr_line' id='line_1_118' title="bbox 1342 5895 2092 5978; baseline 0 -22"><span class='ocrx_word' id='word_1_677' title='bbox 1342 5912 1554 5978; x_wconf 89' lang='lat' dir='ltr'>quoscumque</span> <span class='ocrx_word' id='word_1_678' title='bbox 1575 5897 1728 5958; x_wconf 85' lang='lat' dir='ltr'>Romanos</span> <span class='ocrx_word' id='word_1_679' title='bbox 1756 5895 1919 5959; x_wconf 83' lang='lat' dir='ltr'>Pontifices</span> <span class='ocrx_word' id='word_1_680' title='bbox 1939 5909 2092 5956; x_wconf 90' lang='lat' dir='ltr'>successo·</span> 
     </span>
    </p>
   </div>
   <div class='ocr_carea' id='block_1_8' title="bbox 0 0 2422 6998">
    <p class='ocr_par' dir='ltr' id='par_1_12' title="bbox 0 0 2422 6998">
     <span class='ocr_line' id='line_1_119' title="bbox 0 0 2422 6998; baseline 0 0"><span class='ocrx_word' id='word_1_681' title='bbox 0 0 2422 6998; x_wconf 95' lang='lat' dir='ltr'> </span> 
     </span>
    </p>
   </div>
  </div>
 </body>
</html>
