4878 6982
982 541 1190 588 innocusvlvs
1213 541 1268 586 xll.

354 664 395 726 ris
415 662 586 744 apostolicis
606 663 637 726 in
653 661 844 726 contrarium
859 662 1097 740 praemissorum

353 757 583 836 quomodolibet
606 757 767 829 concessis,
790 757 979 820 consumatis
1001 764 1031 817 et
1052 757 1097 816 in·

353 851 489 925 novatis3
515 851 625 928 quibus
650 851 793 912 omnibus
813 857 845 914 et
865 850 1008 928 siugulis,
1032 850 1096 912 illo·

353 959 422 1004 rum
446 950 567 1004 tenores
589 945 800 1022 praesentibus
815 961 870 1022 pro
885 945 975 1023 plene
990 954 1020 1006 et
1035 943 1096 1007 sul-

354 1037 493 1098 licienter
518 1038 670 1114 expressis
695 1055 728 1099 ac
753 1038 942 1099 adverbum
976 1038 1098 1099 insertis

352 1129 510 1202 babentes,
534 1129 594 1190 illis
616 1129 688 1190 alias
707 1131 739 1192 in
760 1147 815 1190 suo
831 1130 942 1192 robore
957 1147 1098 1209 perman-

351 1223 445 1296 suris,
467 1222 502 1284 ad
524 1223 762 1301 praemissorum
783 1223 1097 1298 ascomannorum

354 1317 527 1389 dumtaxat,
557 1316 729 1394 specialiter
752 1325 784 1378 et
805 1331 948 1394 expresse
973 1317 1098 1395 deroga-

354 1425 439 1486 mus3
461 1410 633 1487 ceterisque
655 1411 817 1472 contrariis
838 1411 1094 1490 quibuscumque.

150 3015 281 3056 Decretum
299 3021 337 3054 ro·

124 3065 208 3109 terlur.

395 1503 505 1564 Datum
537 1502 665 1576 Romae,
697 1503 775 1582 apud
804 1502 835 1566 S.
859 1504 984 1566 Mariam
1010 1507 1099 1568 llaio·

353 1613 431 1668 rem,
453 1596 512 1658 sub
534 1596 650 1658 annullo
675 1595 844 1670 Piscatoris,
874 1597 924 1659 die
946 1614 989 1660 rx.
1018 1607 1100 1660 octo·

355 1689 416 1750 bris
437 1705 607 1763 noevum,
632 1689 824 1766 pontificatus
845 1692 940 1752 nostri
956 1708 1038 1754 anno
1053 1708 1096 1754 rx.

607 1851 845 1862 a—u——u—-n-

658 1971 794 2038 xxvru.

358 2159 532 2238 Confirntnt
556 2161 717 2224 decretum
740 2162 922 2239 prouinciae
947 2163 977 2224 S.
996 2163 1099 2224 Eron-

394 2253 470 2333 pelit'
489 2254 525 2314 in
548 2253 635 2316 Nocti
656 2254 813 2332 Hisponid
844 2256 975 2318 Ordinis
999 2257 1099 2319 dlino-

395 2363 468 2408 rnnr
490 2347 525 2408 de
556 2346 765 2410 Obseruantia
793 2347 1042 2410 Recollectornnt
1064 2347 1100 2410 dc

361 2501 366 2512 ,
394 2441 535 2519 elipendo
567 2456 632 2502 ono
663 2439 828 2518 definitorc
859 2442 998 2504 eiusdem
1030 2457 1100 2518 pro-

396 2534 520 2596 uinciae
539 2533 596 2611 (l).

528 2701 782 2772 llllloofllllllls
799 2704 858 2772 ΡΡ.
874 2704 930 2772 llll.

499 2825 952 2895 mmmmmwm

394 3003 462 3077 §t
488 3003 607 3080 Exponi
635 3003 722 3065 uobis
753 3019 855 3082 nuper
886 3004 1028 3066 lecerunt
1055 3005 1097 3066 di-

356 3097 425 3160 lecti
458 3097 513 3158 filii
544 3097 652 3158 iratres
683 3098 859 3174 provinciae
881 3098 912 3161 S.
937 3099 1097 3177 Evangelii

355 3198 548 3266 nuncupatae
570 3190 602 3250 in
625 3189 709 3252 Nova
736 3189 876 3268 Hispania
902 3190 1024 3254 Ordinis
1046 3192 1099 3252 lli·

355 3299 466 3344 norum
490 3283 592 3346 Sancti
609 3284 760 3346 l'rancisci
775 3287 812 3346 de
829 3284 1026 3346 Obseruantia
1041 3285 1098 3348 lle·

353 3375 554 3438 collectorum
576 3385 839 3455 nuncupatorum,
861 3379 942 3454 quod
965 3377 1050 3454 (cum
1066 3379 1096 3440 in

352 3469 625 3530 constitutionibus
653 3471 848 3546 generallbus
877 3471 948 3533 dicti
976 3471 1098 3534 Ordinis

353 3562 544 3639 disponatur,
563 3571 597 3626 ut
618 3564 649 3624 in
670 3563 802 3640 singulis
817 3564 956 3640 capitulis
973 3565 1096 3643 provin-

352 3655 479 3717 cialibus
501 3657 729 3734 provinciarum
750 3657 882 3720 familiae
897 3657 1096 3720 ultramonta-

353 3765 409 3810 nae
440 3749 580 3811 eiusdem
611 3751 733 3814 Ordinis
764 3768 818 3830 pro
850 3760 990 3829 tempore
1018 3751 1098 3812 cele-

353 3841 475 3904 brandis
498 3859 577 3904 unus
599 3845 761 3920 religiosus
783 3862 821 3906 ex
841 3852 922 3908 statu
945 3845 1100 3906 Recollec-

353 3935 444 3997 tionis
465 3937 586 4000 Ordinis
618 3939 793 4000 huiusmodi
816 3947 989 4001 assumatur
1010 3947 1042 4002 et
1065 3939 1095 4000 in

352 4027 552 4092 definitorem
574 4032 703 4094 omnino
724 4033 868 4108 eligatur,
888 4032 1025 4109 haecque
1040 4031 1097 4094 dis-

353 4123 462 4199 positio
484 4123 515 4185 in
538 4125 616 4186 dicta
643 4125 799 4202 provincia
828 4143 885 4187 usu
908 4135 1028 4203 recepta
1051 4141 1097 4186 re-

353 4216 501 4293 periatur,
527 4217 609 4279 inter
631 4217 740 4280 iratres
762 4233 848 4292 vero,
871 4220 922 4297 qui
939 4218 976 4280 (lo
992 4219 1098 4282 Obser-

353 4310 456 4370 uantia
483 4311 642 4384 dictantur,
667 4310 827 4373 incudem
854 4313 1012 4390 provincia
1034 4313 1100 4374 exi-

352 4411 479 4476 stentes,
493 4405 641 4482 quaedam
656 4405 782 4482 vigeant
797 4406 1007 4484 partialitates,
1024 4423 1097 4483 quas

354 4495 462 4558 lratres
481 4497 518 4558 de
534 4498 730 4560 Obseruantia
747 4499 894 4578 praedicti
909 4501 1000 4560 etiam
1017 4499 1098 4560 inter

354 4591 432 4669 ipsos
464 4600 655 4668 exponentes
692 4590 887 4656 introducere
925 4591 1098 4669 tentarunt)

355 4683 444 4746 iidem
464 4695 667 4762 exponentes,
684 4695 885 4762 agnoscentes
900 4686 1097 4764 partialitates

353 4776 530 4840 huiusmodi
551 4795 662 4840 eorum
683 4781 780 4858 quieti
798 4789 828 4842 et
844 4780 995 4856 religiosis
1011 4779 1097 4840 insti-

354 4870 429 4932 tutis
457 4887 643 4949 repugnare‚
666 4889 728 4934 non
760 4874 860 4936 solum
892 4889 942 4936 eas
970 4874 1098 4935 omnino

353 4964 540 5039 reiecerunt,
564 4981 674 5028 verum
697 4967 801 5041 etiam,
824 4984 885 5046 quo
908 4967 1027 5030 firmius
1045 4984 1097 5029 sua

354 5057 420 5120 iura
443 5066 623 5133 tuerentur,
655 5071 805 5124 curarunt
827 5069 860 5122 ut
882 5063 931 5123 die
954 5078 1022 5122 xrn.
1048 5063 1097 5122 de-

354 5151 485 5212 cembris
507 5167 658 5216 uocxevr.
684 5158 745 5216 total
770 5155 925 5232 provincia
947 5155 1097 5232 praedicta

354 5243 499 5323 illiusque
515 5247 690 5308 definitorio
704 5247 969 5309 consentientibus
985 5254 1015 5310 et
1028 5248 1099 5308 sub-

286 5335 300 5346 ’“
352 5340 569 5414 scribentibus,
592 5342 675 5402 inter
696 5341 752 5402 alia
774 5340 922 5402 ederetur
938 5341 1097 5402 decretum

356 5435 471 5495 tenoris
492 5433 545 5510 qui
566 5435 718 5511 sequitur,
741 5434 897 5496 videlicet:
922 5435 1033 5496 sltem
1049 5435 1099 5495 de·
1151 5431 1322 5508 suflragari,
1340 5441 1370 5494 et
1385 5433 1479 5495 abeis
1495 5433 1665 5510 respective
1681 5431 1900 5494 inviolabiliter

355 5527 556 5588 terminatum
577 5526 647 5602 luit,
668 5529 760 5606 quod,
776 5528 847 5604 quia
861 5535 1098 5605 sempersaocta
1124 5508 1126 5579 l
1152 5525 1322 5599 observari,
1348 5525 1452 5604 sicque
1477 5526 1508 5586 in
1533 5525 1708 5603 praemissis
1734 5541 1789 5604 per
1810 5540 1901 5603 quos-

353 5619 539 5682 Recollectio
575 5620 662 5682 istius
697 5620 872 5698 provinciae
902 5620 1097 5682 definitorem
1124 5598 1126 5695 l
1152 5635 1284 5697 cumque
1316 5619 1430 5682 iudices
1461 5619 1632 5681 ordinarios
1662 5628 1693 5682 et
1724 5618 1897 5694 delegatos,

353 5721 502 5793 perpetuo
535 5721 650 5788 teneat,
683 5713 884 5776 conformiter
915 5715 952 5776 acl
979 5719 1098 5774 nostras
1124 5708 1127 5778 i
1152 5713 1244 5773 etiarn
1266 5727 1427 5774 causarum
1446 5711 1547 5791 palatii
1562 5711 1714 5791 apostolici
1732 5712 1897 5785 auditores,

1153 659 1237 737 leges
1258 662 1391 739 eligatur
1416 677 1541 742 semper
1569 678 1648 726 unus
1675 661 1821 726 delinitor
1841 662 1899 726 lle-

1153 753 1342 817 collectiouis
1363 756 1477 834 absque
1498 773 1534 818 eo
1555 755 1636 834 quod
1665 756 1841 818 attendatur
1862 757 1897 817 ad

1153 847 1286 925 aliquam
1310 848 1540 925 partialitatem3
1563 856 1594 910 et
1615 865 1697 922 casu,
1720 865 1781 926 quo
1796 848 1845 910 vel
1860 863 1898 908 ex

1154 950 1254 1002 morte
1275 941 1324 1002 vel
1347 941 1461 1004 exalia
1492 959 1687 1021 quacumque
1717 941 1805 1005 causa
1825 941 1898 1004 defi-

1152 1035 1262 1096 nitoris
1294 1035 1525 1097 llecollectionis
1556 1045 1664 1098 votum
1687 1044 1817 1114 vacaret,
1840 1043 1897 1096 sta·

1154 1135 1258 1190 tutum
1280 1129 1423 1206 generale
1446 1131 1483 1192 tle
1504 1130 1561 1191 boc
1582 1139 1695 1208 puncto
1711 1135 1898 1208 pertractans

1153 1222 1326 1285 servabitur
1340 1239 1369 1283 a.

1192 1315 1261 1388 52.
1286 1316 1364 1378 Garat
1386 1325 1501 1390 autem,
1523 1318 1603 1380 sicut
1623 1316 1730 1379 eadem
1752 1316 1899 1394 expositio

1154 1409 1369 1486 subiungebat,
1387 1409 1478 1471 variis
1498 1411 1614 1472 artibus
1637 1419 1667 1472 et
1682 1409 1834 1472 coloribus
1849 1411 1899 1472 de

1153 1509 1274 1563 cretum
1295 1503 1472 1565 huiusmodi
1495 1503 1527 1565 in
1550 1504 1721 1566 maximum
1747 1491 1900 1566 lle'collere

1155 1595 1245 1657 tionis
1267 1596 1350 1657 inter
1372 1605 1559 1674 exponentes
1581 1597 1730 1675 praelatos
1752 1597 1900 1660 stabilitae

1154 1689 1375 1766 praeiudicium
1397 1690 1480 1752 eludi
1503 1707 1546 1764 ae,
1566 1691 1674 1752 saltem
1696 1691 1855 1764 indirecte,
1871 1707 1902 1749 a·

1156 1782 1235 1844 verti
1256 1789 1410 1844 tentatum
1434 1783 1542 1860 luerit3
1566 1802 1598 1846 ac
1618 1783 1747 1862 proinde
1761 1784 1832 1847 dicti
1848 1800 1900 1846 ex·
1919 1772 1936 1796 '⁸

1155 1881 1305 1952 ponentes
1326 1875 1414 1948 illud,
1437 1892 1500 1955 quo
1521 1885 1698 1956 perpetuam
1718 1878 1834 1940 roboris
1849 1878 1900 1939 ob-

1157 1970 1251 2031 lineat
1266 1971 1458 2044 firmitatem,
1474 1989 1529 2034 nec
1544 1989 1559 2031 a
1575 1988 1741 2051 quoquam,
1754 1971 1812 2032 sub
1826 1987 1900 2048 quo·

1156 2065 1201 2124 vis
1222 2073 1396 2142 praetextu,
1424 2066 1540 2128 directe
1566 2065 1614 2127 vel
1645 2065 1804 2138 indirecte,
1828 2082 1901 2128 con-

1156 2157 1241 2230 velli,
1263 2166 1316 2219 aut
1337 2173 1430 2235 prave
1449 2160 1624 2237 detorqueri
1641 2175 1778 2236 unquam
1794 2159 1898 2236 possit,

1155 2251 1335 2327 apostolicae
1362 2251 1604 2314 confirmationis
1630 2261 1751 2314 nostrae
1773 2253 1901 2330 patroci-

1156 2344 1209 2404 nio
1223 2345 1411 2406 communiri
1424 2361 1621 2424 summopere
1632 2343 1818 2406 desiderent:
1833 2361 1899 2418 nos,

1155 2437 1233 2514 ipsos
1260 2447 1451 2515 exponentes
1480 2438 1661 2515 specialibus
1688 2437 1843 2500 favoribus
1871 2448 1901 2498 et

1155 2530 1262 2606 gratiis
1293 2532 1435 2610 prosequi
1465 2532 1619 2606 volentes,
1648 2539 1680 2593 et
1708 2547 1817 2594 eorum
1838 2531 1902 2594 sin-

1155 2622 1277 2699 gulares
1292 2640 1437 2702 personas
1452 2642 1467 2685 a
1482 2625 1640 2704 quibusvis
1655 2625 1901 2688 excommunica-

1156 2717 1258 2790 tionis,
1288 2718 1496 2795 suspensionis
1524 2729 1554 2780 et
1582 2717 1750 2791 interdicti,
1774 2718 1902 2796 aliisque

1155 2809 1363 2872 ecclesiasticis
1385 2812 1559 2885 sententiis,
1582 2811 1720 2873 censuris
1735 2819 1765 2872 et
1780 2811 1899 2888 poenis,

1154 2921 1170 2963 a
1193 2904 1259 2964 iure
1282 2903 1329 2965 vel
1350 2905 1387 2965 ab
1402 2905 1539 2979 bomine,
1556 2905 1664 2982 quavis
1680 2903 1836 2966 occasione
1852 2903 1900 2966 vel

1154 2999 1240 3058 causa
1262 2997 1342 3071 latis,
1357 2999 1382 3060 si
1404 2999 1516 3076 quibus
1531 2998 1759 3077 quomodolibet
1774 2997 1901 3060 innoda-

1156 3099 1201 3152 tae
1216 3091 1365 3165 exlstunt,
1377 3093 1412 3154 od
1428 3093 1572 3154 ellectum
1588 3091 1798 3170 praesentium
1813 3093 1901 3153 dum-

1155 3191 1235 3245 taxat
1266 3187 1530 3263 consequendum,
1563 3187 1672 3247 barum
1704 3186 1784 3248 serie
1805 3185 1900 3246 absol-

1155 3287 1262 3339 ventes
1291 3287 1322 3339 et
1349 3279 1501 3340 absolutas
1534 3278 1599 3340 lore
1630 3287 1806 3351 censentes,
1829 3293 1899 3353 sup-

1154 3371 1368 3448 plicationibus
1399 3388 1506 3434 eorum
1539 3372 1666 3434 nomine
1695 3371 1782 3434 nobis
1808 3386 1901 3447 super

1154 3465 1209 3526 boc
1230 3465 1393 3529 humiliter
1415 3467 1563 3544 porrectis
1585 3467 1736 3539 inclinati,
1757 3467 1793 3526 de
1808 3479 1902 3526 vene-

1152 3559 1297 3620 rabilium
1320 3560 1450 3622 iratrum
1474 3570 1651 3624 nostrorum
1673 3560 1704 3623 S.
1723 3562 1757 3623 n.
1777 3562 1811 3623 Ε.
1830 3560 1900 3622 Car·

1152 3653 1304 3714 dinalium
1327 3655 1459 3730 negotiis
1481 3663 1511 3716 et
1532 3656 1808 3718 consultationibus
1831 3655 1900 3732 Epi-

1151 3763 1315 3824 scoporum
1346 3758 1377 3811 et
1409 3749 1610 3826 Regularium
1642 3749 1897 3828 praepositorum,

1151 3843 1204 3920 qui
1227 3842 1374 3904 dilectum
1396 3845 1488 3906 etiam
1521 3843 1620 3906 lulium
1652 3843 1900 3906 commissarium

1153 3938 1329 4013 generalem
1353 3938 1463 4001 Curiae
1484 3939 1555 4000 dicti
1571 3938 1693 4000 Ordinis
1708 3955 1801 4014 super
1815 3952 1899 4014 prae·

1153 4029 1251 4092 missis
1269 4030 1466 4105 audiverunt,
1483 4032 1621 4104 consilio,
1638 4033 1797 4093 decretum
1814 4045 1899 4108 prae-

1153 4123 1324 4198 insertum,
1361 4126 1542 4187 auctoritate
1574 4124 1756 4202 apostolica,
1791 4133 1899 4186 tenore

1153 4217 1373 4293 praesentium,
1397 4218 1615 4279 conllrmamus
1637 4225 1667 4278 et
1682 4216 1897 4294 approbamus,

1154 4309 1259 4388 illique
1282 4310 1468 4372 inviolabilis
1484 4311 1665 4388 apostolicae
1682 4309 1836 4371 firmitatis
1851 4325 1900 4370 ro·

1152 4404 1210 4465 bur
1230 4403 1403 4476 adlicimus,
1426 4422 1459 4465 ac
1481 4420 1587 4464 omnes
1609 4412 1639 4465 et
1660 4403 1801 4478 singulos
1824 4401 1899 4466 luris

1151 4503 1182 4557 et
1205 4496 1272 4558 lacti
1295 4497 1442 4570 delectus,
1465 4498 1489 4558 si
1512 4499 1565 4574 qui
1585 4496 1717 4574 desuper
1732 4497 1901 4574 quomodo·

1152 4589 1225 4650 libet
1241 4589 1481 4665 intervenerint,
1494 4593 1689 4671 supplerous;
1703 4589 1784 4652 solvil
1798 4597 1899 4650 tamen

1150 4699 1274 4761 semper
1297 4684 1327 4744 in
1345 4685 1517 4762 praemissis
1532 4685 1711 4748 auctoritate
1728 4685 1900 4760 Congrege-

1154 4777 1245 4840 tionis
1266 4777 1448 4840 eorumdem
1470 4779 1692 4842 Catulinalium.

1192 4871 1210 4944 §
1232 4871 1260 4932 3.
1284 4871 1503 4947 Oecernentes,
1523 4873 1643 4934 easdem
1660 4878 1834 4952 praesentes
1850 4869 1899 4931 lit·

1153 4973 1232 5026 teras
1246 4981 1368 5042 semper
1383 4969 1498 5040 sirmas,
1515 4966 1627 5028 validas
1642 4975 1673 5028 et
1687 4967 1821 5028 efficaces
1837 4966 1901 5027 exi-

1151 5067 1234 5120 stere
1254 5068 1285 5120 et
1307 5059 1382 5132 lore,
1398 5075 1531 5138 suosque
1546 5059 1700 5138 plenarios
1715 5069 1746 5121 et
1762 5059 1899 5135 integros

1152 5153 1276 5214 ellectus
1296 5153 1400 5214 sortiri
1422 5162 1453 5214 et
1468 5154 1621 5227 obtinere,
1637 5171 1669 5216 ao
1685 5153 1755 5226 illle,
1773 5152 1807 5214 ad
1823 5168 1900 5230 quos

1823 480 1880 584 lssss
1930 518 1983 572 Ata.
1999 520 2028 570 O.
2050 517 2117 570 1699

1966 1315 2130 1361 condrmstlo

1920 1369 1992 1416 relati
2008 1367 2109 1415 decretl.

1946 4869 2088 4918 Clausulas.

1151 5253 1266 5322 spectat
1281 5255 1311 5308 et
1323 5262 1378 5324 pro
1392 5253 1531 5324 tempore
1545 5247 1803 5325 quandocumque
1816 5261 1899 5323 spec·
1976 5316 1979 5322 ¹

1154 5339 1238 5413 tabit,
1262 5340 1293 5400 in
1316 5340 1460 5401 omnibus
1481 5346 1511 5399 et
1531 5357 1586 5418 per
1600 5340 1705 5402 omnia
1720 5339 1899 5417 plenissime

864 5852 923 5858 -—-
937 5851 1065 5858 --..-—-
1075 5850 1193 5857 .---
1225 5849 1316 5856 --·-----
1331 5851 1369 5856 ...-
1385 5851 1392 5856 .

395 5929 424 5984 (l)
440 5931 477 5974 ux
492 5929 594 5984 aegest.
611 5927 638 5973 in
653 5928 727 5974 arob.
743 5931 815 5974 Brev.
