4880 6982
172 4525 320 4573 Clausulae.

1034 595 1175 642 CLEMENS
1198 595 1240 640 nl·
1335 605 1341 623 i

368 713 487 789 tudine,
510 713 648 777 edictum
674 729 729 776 seu
756 713 914 776 decretum
941 712 1111 792 praeinser-

367 814 447 883 tum,
469 823 540 870 cum
562 805 708 869 omuibus
729 813 760 868 et
780 807 912 882 singulis
934 806 965 868 in
986 821 1024 866 eo
1040 821 1112 870 con-

367 902 461 964 tentis
482 907 514 962 et
545 901 715 978 expressis,
748 907 857 962 tenore
887 898 1109 978 praesentium,

367 994 571 1072 approbamus
591 999 623 1056 et
634 994 867 1066 confirmamus,
883 991 989 1070 illique
1010 991 1112 1052 invio-

367 1083 466 1149 labilis
484 1099 515 1150 et
529 1086 748 1164 irrefragabilis
763 1085 943 1165 apostolicae
957 1083 1111 1146 llrmitatis

368 1181 445 1256 vim,
468 1180 565 1244 robur
586 1187 617 1242 et
636 1179 824 1260 praesidium
844 1179 1055 1256 adiungimus,
1078 1193 1111 1241 ac

368 1289 478 1336 omnes
499 1281 530 1335 et
549 1274 689 1352 singulos
715 1273 791 1336 iuris
811 1280 843 1335 et
864 1273 934 1334 lacti
962 1270 1109 1346 defectus,

368 1364 393 1426 si
408 1364 462 1442 qui
476 1363 608 1442 desuper
622 1361 853 1442 quomodolibet
868 1361 1109 1435 intervenerint,

367 1456 558 1534 supplemus.
583 1455 755 1529 Praeterea,
777 1459 877 1529 motu,
900 1451 1037 1526 scientia,
1061 1453 1113 1514 de-

369 1547 551 1610 liberatione
571 1557 601 1612 ct
623 1547 779 1628 potestatis
790 1545 983 1626 plenitudine
1003 1543 1111 1629 simili-

368 1641 437 1716 bus,
459 1641 564 1703 omnia
586 1649 616 1703 et
637 1639 771 1714 singula,
787 1655 867 1717 quae
887 1639 920 1701 in
942 1637 1041 1701 edicto
1055 1652 1111 1699 seu

367 1735 492 1796 decreto
513 1733 679 1813 praedicto,
700 1749 794 1812 super
815 1731 938 1795 licentia
962 1731 1034 1794 dicti
1056 1731 1112 1795 ca-

368 1826 426 1887 roli
448 1827 586 1888 Thomas
606 1825 774 1890 cardinalis
794 1825 995 1889 commissarii
1016 1831 1046 1886 et
1067 1823 1112 1884 vi·

367 1919 502 1983 sitatoris
534 1919 684 1996 generalis
712 1919 749 1981 ab
781 1919 835 1995 iis,
865 1920 919 1997 qui
949 1917 1112 1980 missiones

367 2013 478 2075 siuicas
497 2013 684 2093 supradictas
704 2013 838 2089 ingredi,
853 2013 967 2074 sivein
983 2013 1026 2074 eis
1040 2009 1112 2072 mis-

365 2105 493 2166 sionarii
513 2121 630 2169 munus
644 2121 790 2169 exercere
811 2105 934 2180 volunt,
951 2103 1112 2184 requiren-

367 2198 403 2261 da
422 2209 455 2264 ct
475 2201 652 2276 obtinenda,
668 2203 747 2265 sicut
763 2201 984 2283 praemittitur,
999 2205 1111 2262 statuta

366 2301 398 2356 et
417 2295 532 2358 sancita
544 2295 686 2371 luerunt,
702 2297 882 2359 earumdem
904 2301 1012 2356 tenore
1027 2309 1112 2373 prae-

366 2390 503 2452 sentium
525 2392 566 2453 ita
593 2391 792 2454 extendimus
812 2405 847 2453 ac
870 2389 1041 2468 respective
1062 2389 1112 2450 de-

367 2481 530 2559 claramus,
543 2487 655 2546 utnon
677 2484 768 2546 modo
783 2482 882 2562 quoad
897 2483 1000 2562 ipsum
1021 2482 1113 2545 caro-

368 2576 434 2638 lum
463 2577 613 2642 Thomam
643 2575 837 2640 cardinalem
864 2575 1112 2640 commissarium

367 2677 398 2731 et
419 2669 611 2733 visitatorem
632 2671 809 2748 generalem
831 2685 993 2750 quousque
1003 2671 1036 2731 in
1052 2668 1112 2731 illis

367 2763 505 2840 partious
515 2765 732 2844 permanserit,
744 2765 796 2826 sed
809 2765 903 2826 etiam
915 2763 1013 2842 quoad
1025 2761 1110 2836 alios,

366 2859 420 2937 qui
440 2859 469 2920 ei
489 2875 624 2921 munere
654 2857 855 2920 commissarii
883 2863 914 2920 et
944 2855 1112 2918 visitatoris

367 2951 519 3028 generalis
529 2950 708 3014 huiusmodi
720 2967 774 3030 pro
786 2955 924 3030 tempore
934 2950 1110 3024 succedent,

367 3045 469 3108 locum
490 3053 522 3106 et
549 3043 710 3120 ellectum,
736 3045 773 3107 ad
801 3052 943 3108 nostrum
970 3052 1002 3107 et
1026 3043 1112 3108 Sedis

366 3137 559 3216 Apostolicae
580 3137 819 3216 beneplacitum,
835 3137 949 3199 habere
969 3136 1110 3214 debeant;

367 3229 446 3293 dicta
466 3245 542 3292 vero
563 3230 699 3303 licentia,
717 3229 813 3291 sivea
834 3230 988 3308 praedicto
1004 3229 1111 3294 carolo

367 3325 483 3386 Thema
505 3323 661 3387 cardinali
675 3323 775 3385 aliove
796 3323 1006 3385 commissario
1020 3331 1052 3386 et
1066 3323 1111 3386 vi·

366 3419 492 3482 sitatore
514 3418 651 3496 generali
672 3417 852 3480 earumdem
874 3417 1022 3496 partium,
1045 3417 1112 3480 sive

366 3529 382 3573 a
403 3511 541 3592 personis
562 3527 617 3592 per
637 3527 688 3574 eos
710 3517 883 3590 opportune
908 3509 1113 3587 subdelegan-

367 3606 424 3682 dis,
447 3613 481 3668 ut
502 3606 695 3684 praefertur,
718 3605 833 3681 danda,
856 3621 920 3667 non
945 3604 1017 3665 alias
1040 3619 1111 3666 con-

339 3697 499 3761 ·cedeuda
519 3699 571 3773 sit,
593 3698 653 3760 nisi
681 3699 829 3777 praestito
856 3699 941 3778 prius
971 3714 1027 3776 per
1048 3713 1110 3773 eos,

367 3789 479 3869 quibus
509 3791 708 3866 concedetur,
735 3791 910 3853 iuramento
941 3791 979 3853 de
1007 3799 1112 3853 exacte

367 3881 557 3946 observando
578 3881 700 3946 decreto
720 3899 815 3962 super
839 3883 950 3946 ritibus
970 3900 1026 3947 seu
1047 3899 1113 3946 cae·

367 3976 516 4038 remoniis
535 3976 640 4039 sinicis
661 3977 710 4040 die
730 3992 805 4038 xxv.
831 3977 1015 4056 septembris
1037 3978 1111 4039 anni

367 4069 507 4149 proxime
528 4068 622 4148 elapsi
636 4085 653 4130 a
667 4069 755 4132 nobis
776 4070 985 4149 promulgato;
1002 4069 1112 4150 quovis

367 4162 614 4238 contrafaciendi,
638 4163 733 4226 etiam
754 4168 933 4242 praetensae
948 4169 978 4224 et
993 4179 1008 4224 a
1024 4162 1112 4224 nobis

367 4256 557 4333 improbatae
576 4255 848 4318 conditionalitatis
869 4253 985 4316 decreti
1007 4255 1113 4317 buius-

367 4348 461 4423 modi,
485 4347 585 4410 aliove
599 4348 738 4426 quaesito
752 4348 853 4410 colore
867 4363 923 4409 seu
937 4353 1110 4424 praetentu,

366 4441 491 4520 penitus
513 4440 627 4503 reiecto
648 4447 742 4519 atque
761 4439 893 4504 sublato.

407 4533 426 4608 ἓ
447 4531 476 4594 3.
500 4533 719 4608 Decernentes,
734 4535 856 4596 easdem
874 4538 1052 4611 praesentes
1063 4531 1112 4592 lit-

367 4633 447 4688 teras
461 4633 492 4688 ct
506 4627 539 4688 in
553 4627 597 4687 eis
611 4634 757 4689 contenta
778 4641 1003 4705 quaecumque,
1020 4625 1112 4686 etiam

367 4737 405 4782 er
425 4721 559 4798 eoquod
580 4719 722 4797 quilibet,
740 4718 832 4779 etiam
851 4715 987 4780 cuiusvis
1001 4721 1110 4789 status,

367 4813 490 4891 gradus,
513 4813 641 4888 ordinis,
670 4810 933 4890 praeeminentiae
957 4819 988 4872 et
1010 4808 1113 4885 digni-

368 4907 447 4982 tatis,
462 4921 517 4969 seu
532 4905 590 4968 allai
603 4904 727 4986 speciali
738 4913 769 4967 et
780 4905 938 4968 individui
951 4903 1112 4965 mentione

366 5007 397 5060 et
409 4999 606 5078 expressione
617 4999 715 5076 digni,
732 5000 764 5060 in
779 4997 951 5077 praemissis
963 4997 1112 5058 interesse

366 5091 514 5154 babentes
527 5109 583 5157 seu
596 5092 708 5174 babere
722 5092 953 5170 quomodolibet
970 5099 1111 5170 praeten-

366 5187 486 5261 dentes,
510 5185 570 5247 illis
592 5201 656 5249 nou
684 5186 914 5260 consenseriut,
941 5201 998 5246 uec
1019 5185 1055 5247 ad
1077 5201 1111 5246 ea

366 5279 573 5354 vocati,citati
595 5289 626 5341 et
646 5278 755 5352 auditi,
778 5294 880 5357 neque
901 5293 1007 5340 causae
1021 5291 1111 5354 prop·

366 5379 414 5434 ter
434 5389 508 5452 quas
524 5379 700 5451 praesentes
715 5371 901 5446 emanarint,
919 5372 1110 5434 sufficienter

365 5465 524 5541 adductae,
547 5465 720 5528 verificatae
735 5473 766 5528 et
780 5465 960 5528 iustificatae
979 5463 1109 5539 luerint,

365 5565 417 5621 aut
438 5575 477 5620 ex
498 5558 555 5620 alid
576 5558 713 5636 qualibet
734 5558 934 5637 quantumvis
958 5557 1048 5634 iusta,
1064 5558 1110 5620 iu-

365 5650 471 5726 ridici,
492 5650 647 5728 legitima,
676 5651 724 5729 pia
745 5658 776 5713 et
796 5650 990 5730 privilegiata
1011 5653 1109 5727 causa,

364 5742 478 5818 colore,
501 5749 665 5821 praetextu
687 5750 718 5803 et
739 5744 847 5822 capite,
874 5743 967 5805 etiam
989 5743 1023 5804 in
1044 5759 1112 5805 cor-

364 5850 438 5912 pore
460 5835 536 5897 iuris
553 5833 668 5908 clauso,
684 5834 778 5895 etiam
792 5836 941 5912 enormis,
957 5835 1109 5897 enormis·

362 5927 459 5989 simae
480 5935 511 5989 et
532 5927 633 5990 totalis
665 5926 823 6003 laesionis,
852 5927 939 5991 nullo
968 5944 1108 6008 uuquam

1168 721 1308 792 tempore
1335 713 1373 776 de
1403 711 1611 792 subreptionis
1640 709 1691 773 vel
1722 707 1911 788 obreptionis

1167 817 1219 870 aut
1234 807 1387 870 nullitatis
1401 805 1489 881 vitio,
1504 823 1559 869 seu
1574 805 1758 869 intentionis
1773 811 1909 880 nostrae,

1167 901 1218 963 vel
1239 903 1387 963 interesse
1409 900 1593 963 habentium
1610 898 1787 974 consensis,
1809 898 1911 960 aliove

1167 993 1304 1073 quolibet
1325 992 1419 1056 etiam
1440 983 1641 1071 quantumvis
1662 1009 1776 1070 magno
1797 999 1828 1055 et
1850 991 1910 1053 ior-

1169 1087 1240 1150 mali
1262 1103 1295 1150 ac
1315 1085 1510 1150 substantiali
1536 1093 1567 1148 et
1596 1086 1761 1162 incogitata
1787 1085 1910 1148 inexco-

1169 1179 1350 1258 gitabilique
1369 1179 1492 1242 delectu
1513 1179 1625 1252 notari,
1652 1179 1840 1258 impugnari,
1863 1178 1912 1240 in-

1168 1271 1275 1348 fringi,
1298 1273 1473 1349 retractari,
1497 1272 1637 1348 limitari,
1665 1271 1854 1346 modificari,
1877 1271 1910 1332 in

1167 1366 1410 1428 controversiam
1430 1366 1546 1441 vocari,
1563 1372 1616 1428 aut
1637 1365 1673 1428 ad
1695 1364 1844 1428 terminos
1866 1363 1911 1426 iu·

1168 1457 1209 1519 ris
1237 1457 1359 1533 reduci,
1382 1475 1438 1521 seu
1462 1458 1610 1520 adversus
1635 1457 1701 1520 illas
1731 1456 1911 1536 aperitionis

1168 1551 1245 1626 oris,
1278 1551 1483 1614 restitutionis
1515 1551 1548 1613 in
1580 1551 1757 1627 integrum,
1787 1549 1912 1612 aliudve

1168 1645 1385 1724 quodcumque
1406 1644 1493 1720 iuris,
1511 1643 1637 1720 gratiae,
1654 1642 1704 1704 vel
1719 1641 1789 1704 lacti
1810 1658 1910 1705 reme·

1167 1739 1254 1802 dium
1285 1739 1435 1802 intentari
1456 1738 1506 1800 vel
1528 1736 1704 1817 impetrari,
1732 1751 1787 1798 seu
1815 1737 1912 1814 impe·

1168 1839 1259 1907 trata,
1275 1839 1328 1896 aut
1348 1833 1443 1894 etiam
1454 1839 1552 1906 motu,
1565 1829 1692 1893 scientia
1703 1837 1734 1891 et
1756 1831 1912 1908 potestatis

1167 1925 1361 2006 plenitudine
1377 1925 1530 1988 similibus
1544 1939 1687 1986 concesso
1698 1921 1746 1985 vel
1759 1929 1910 1997 emanato,

1167 2019 1346 2100 quempiam
1378 2017 1410 2080 in
1436 2017 1549 2080 iudicio
1574 2017 1624 2078 vel
1650 2024 1737 2079 entra
1765 2015 1842 2079 illud
1864 2015 1911 2078 uti

1166 2127 1221 2174 seu
1242 2127 1275 2174 se
1296 2111 1404 2175 iuvare
1426 2110 1491 2172 ullo
1513 2111 1603 2172 modo
1630 2125 1735 2188 posse3
1757 2109 1809 2172 sed
1832 2108 1909 2186 ipsas

1167 2215 1343 2288 praesentes
1355 2207 1474 2269 litteras
1487 2220 1611 2284 semper
1622 2204 1737 2279 llrmas,
1754 2203 1867 2265 validas
1881 2209 1912 2264 et

1168 2299 1302 2362 efficaces
1323 2299 1457 2361 existere
1475 2305 1507 2362 et
1519 2297 1596 2372 lore,
1612 2311 1746 2376 suosque
1760 2295 1913 2374 plenarios

1167 2403 1198 2456 et
1219 2394 1358 2471 integros
1379 2393 1506 2455 effectus
1525 2392 1631 2456 sortiri
1651 2399 1683 2454 et
1704 2390 1858 2465 obtinere,
1879 2407 1913 2452 ac

1167 2486 1205 2548 ab
1215 2486 1287 2562 illis,
1297 2488 1333 2550 ad
1344 2502 1420 2564 quos
1430 2493 1544 2564 spectat
1556 2491 1586 2548 et
1598 2499 1653 2564 pro
1665 2491 1805 2562 tempore
1815 2498 1913 2561 quan·

1167 2580 1340 2658 documque
1371 2577 1534 2657 spectabit,
1564 2577 1597 2638 in
1624 2577 1768 2639 omnibus
1797 2583 1827 2638 et
1856 2591 1913 2654 per

1168 2671 1272 2735 omnia
1301 2670 1521 2734 inviolabiliter
1549 2678 1581 2734 et
1608 2671 1788 2732 inconcusse
1809 2669 1912 2730 obser·

1168 2767 1245 2842 vari,
1261 2765 1366 2845 sicque
1380 2766 1413 2828 in
1429 2763 1604 2842 praemissis
1625 2779 1680 2842 per
1700 2777 1913 2841 quoscumque

1168 2859 1283 2922 iudices
1307 2857 1478 2920 ordinarios
1494 2864 1524 2919 et
1545 2856 1710 2932 delegatos,
1733 2856 1828 2916 etiam
1842 2870 1912 2916 cau-

1167 2967 1271 3016 sarum
1282 2951 1384 3030 palatii
1396 2951 1553 3031 apostolici
1564 2950 1731 3026 auditores,
1740 2965 1773 3012 ac
1785 2948 1909 3012 cicc.

1167 3045 1337 3125 praedictos
1358 3043 1546 3118 cardinales,
1567 3044 1662 3105 etiam
1682 3044 1720 3104 de
1742 3041 1837 3104 latere
1856 3043 1911 3104 Le-

1168 3145 1253 3215 gatos
1275 3146 1306 3201 et
1327 3138 1425 3200 dictae
1442 3137 1532 3200 Sedis
1560 3135 1706 3210 Nuucios,
1727 3133 1847 3197 sublati
1868 3133 1911 3195 eis

1167 3238 1329 3294 eteorum
1358 3230 1486 3293 cuilibet
1510 3229 1618 3308 quavis
1646 3228 1736 3290 aliter
1757 3227 1911 3290 iudicandi

1167 3333 1198 3386 et
1225 3323 1453 3403 interpretandi
1485 3321 1628 3384 facultate
1652 3331 1683 3384 et
1710 3321 1911 3396 auctoritate,

1167 3419 1295 3481 iudicari
1317 3425 1347 3481 et
1369 3417 1491 3481 deliniri
1522 3417 1648 3492 debere3
1678 3432 1710 3478 ao
1732 3415 1858 3477 irritum
1879 3421 1911 3476 et

1166 3511 1271 3586 inane,
1286 3511 1312 3572 si
1333 3527 1422 3573 secus
1442 3509 1596 3589 superbis
1617 3526 1633 3570 a
1651 3523 1819 3588 quoquam,
1836 3523 1911 3585 qua-

1167 3605 1214 3667 vis
1238 3606 1437 3682 auctoritate,
1466 3607 1601 3668 scienter
1629 3605 1678 3666 vel
1710 3605 1910 3682 ignoranter,

1166 3699 1333 3774 contigerit
1353 3701 1510 3761 attentari.

1208 3791 1276 3865 §la
1300 3789 1370 3853 Non
1391 3791 1584 3855 obstantibus
1605 3791 1789 3871 apostolicis,
1812 3808 1856 3869 ac,
1879 3791 1910 3851 iu
1931 3797 2144 3907 dfflffiffffium

1167 3883 1394 3948 universalibus
1415 3884 1718 3964 provincialibusque
1733 3893 1764 3949 et
1784 3887 1912 3966 synoda-

1167 3977 1247 4039 libus
1268 3977 1407 4040 conciliis
1427 3977 1534 4052 editis,
1557 3978 1753 4056 generalibus
1774 3979 1824 4042 vel
1845 3995 1912 4057 spe·

1166 4070 1293 4133 cialibus
1315 4070 1588 4136 constitutionibus
1609 4080 1639 4134 et
1654 4071 1910 4146 ordinationibus,

1168 4179 1308 4240 necnon,
1344 4169 1497 4243 quatenus
1532 4181 1607 4242 opus
1637 4165 1693 4239 sit,
1729 4165 1912 4242 quorumvis

1168 4256 1387 4332 ecclesiarum,
1421 4257 1577 4333 ordinum,
1611 4257 1909 4334 congregationum,

1168 4349 1361 4424 societatum,
1378 4350 1472 4412 etiam
1492 4349 1572 4426 lesu,
1595 4349 1823 4423 institutorum,
1844 4365 1913 4428 pro-

1168 4441 1352 4516 vinciarum,
1374 4451 1601 4516 conventuum,
1618 4441 1832 4518 collegiorum,
1848 4457 1912 4502 mo-

1169 4533 1387 4610 nasteriorum,
1403 4542 1434 4596 et
1456 4533 1596 4596 locorum
1618 4534 1741 4611 piorum
1763 4549 1912 4612 quorum-

1167 4626 1428 4705 cumque,aliisve
1440 4627 1609 4706 quibusvis,
1620 4628 1713 4688 etiam
1725 4627 1911 4702 iuramento,

1167 4719 1402 4782 confirmatione
1423 4719 1597 4798 apostolici,
1619 4719 1669 4781 vel
1691 4719 1798 4798 quavis
1813 4719 1912 4780 sirmi-

1168 4819 1230 4873 tate
1251 4811 1307 4872 alia
1329 4812 1493 4887 roboratis,
1516 4812 1638 4876 statutis
1662 4821 1693 4875 et
1714 4812 1913 4876 consuetudi-

1168 4905 1271 4978 nibus,
1302 4903 1472 4982 privilegiis
1494 4921 1628 4986 quoque,
1657 4906 1788 4969 indultis
1808 4913 1839 4968 et
1862 4906 1912 4967 lit·

1168 4997 1242 5058 teris
1264 4996 1446 5076 apostolicis,
1470 4997 1616 5072 ecclesiis,
1646 4999 1816 5074 ordinibus,
1839 5015 1912 5061 con-

1168 5089 1411 5168 gregationibus,
1434 5091 1640 5167 societatibuS,
1653 5092 1747 5152 etiam
1768 5091 1847 5166 lesu,
1865 5093 1911 5153 in·

1166 5185 1294 5258 stitutis‚
1318 5184 1497 5261 provinciis,
1519 5185 1737 5260 conventibus,
1761 5185 1909 5262 collegiis,

1167 5277 1362 5339 monasteriis
1388 5284 1420 5338 et
1451 5277 1524 5339 locis
1555 5278 1629 5357 piis,
1663 5277 1912 5358 quibuscumque

1167 5369 1336 5432 verborum
1348 5370 1508 5432 tenoribus
1522 5377 1552 5431 et
1567 5369 1685 5445 formis,
1702 5387 1735 5433 ac
1749 5387 1821 5434 cum
1842 5373 1910 5450 qui-

1166 5462 1271 5524 busvis
1292 5463 1386 5526 etiam
1407 5463 1673 5539 derogatoriarum
1698 5465 1910 5541 derogatoriis,

1167 5555 1423 5634 irritantibusque
1435 5563 1466 5618 et
1477 5556 1543 5618 aliis
1554 5557 1798 5633 decretis,etiam
1810 5566 1910 5633 motu,

1165 5647 1292 5711 scientia
1308 5657 1339 5711 et
1353 5651 1510 5727 potestatis
1525 5649 1719 5728 plenitudiue
1730 5650 1865 5730 paribus,
1878 5669 1912 5714 ac

1166 5742 1427 5817 consistorialiter,
1440 5758 1496 5804 seu
1510 5743 1545 5804 ad
1562 5757 1829 5821 quarumcumque
1841 5760 1912 5823 per-

1164 5851 1324 5912 sonarum,
1347 5838 1440 5899 etiam
1462 5852 1572 5914 regum
1591 5844 1623 5898 et
1644 5839 1832 5924 principum,
1855 5857 1910 5902 seu

1164 5927 1236 5990 alias
1258 5945 1453 6009 quacumque
1474 5931 1630 5994 mundani
1646 5931 1696 5993 vel
1710 5931 1911 5994 ecclesiastica

1833 569 1893 633 283
1943 565 1997 621 An.
2012 570 2041 622 c.
2064 573 2129 625 1711
