4836 6998
2098 545 2153 598 Au.
2168 547 2203 598 O.
2229 543 2310 594 1721

297 551 395 606 lud.
417 551 485 604 1721
537 550 597 613 348
1042 565 1107 610 ran.
1132 565 1222 610 rour.
1246 565 1287 609 na
1308 565 1336 608 r.
1362 565 1390 610 r.
1414 565 1497 610 rans
1518 565 1539 609 r.

516 687 666 763 ningere,
689 685 740 746 rel
760 685 788 748 ei
809 701 885 748 ausu
907 684 1072 746 temerario
1097 683 1260 746 contraire.
1322 683 1466 762 praedicti
1490 683 1728 760 congregationi
1751 699 1847 746 reon.
1866 683 1996 746 fratrum
2013 700 2067 746 no·

518 779 550 842 Sl
568 779 637 857 quis
651 785 755 840 autern
770 779 828 840 boa
842 784 997 840 attentare
1011 775 1263 856 praesumpserit,
1314 783 1468 852 -strorom,
1494 787 1570 839 tunc
1596 793 1738 852 suorum,
1766 779 1905 840 eiusdem
1927 777 2012 841 SR.
2031 777 2064 838 E.

325 2946 469 2994 Exordium.

285 4027 349 4074 colle

517 872 764 948 indignationem
780 870 1003 949 omnipotentis
1018 870 1085 943 Dei,
1097 879 1128 931 et
1140 869 1198 932 Bu.
1213 869 1265 930 Pe·

517 964 558 1026 tri
580 971 611 1026 et
632 964 718 1026 Pauli
740 967 843 1043 Apost.
868 964 945 1037 eiua,
967 979 1000 1024 se
1022 963 1145 1024 noverit
1161 963 1264 1024 iocur·

515 1074 636 1120 surum.

557 1153 670 1214 Datum
691 1151 804 1212 Romae
825 1152 904 1230 apud
921 1151 951 1214 S.
968 1151 1098 1212 Petrum
1120 1165 1201 1211 anno
1216 1150 1265 1211 ln-

516 1245 702 1306 carnationis
729 1245 906 1307 bominicae
935 1259 1104 1318 uaccam,
1135 1260 1186 1304 xv.
1211 1243 1265 1304 ka-

518 1337 621 1400 lendas
644 1337 735 1412 iunii,
758 1338 955 1416 pontificatus
977 1339 1076 1400 nostri
1097 1352 1178 1398 anno
1201 1352 1222 1395 r.

775 1498 1014 1508 ——..-—-—

867 1622 916 1684 lll.

520 1809 696 1887 Confirmat
729 1808 868 1888 nepotas
905 1807 1037 1886 Collepii
1074 1806 1264 1870 Missionum

559 1902 592 1965 S.
618 1903 742 1966 Mariae
763 1903 857 1980 culpo
881 1900 962 1964 delle
978 1899 1107 1962 Tornaci
1133 1898 1264 1961 Ordinis

559 1994 676 2059 sanae
702 1996 876 2058 Trinitatis
899 1993 1136 2070 Redemptionis
1154 1992 1265 2069 Capti-

556 2105 690 2160 vorum·
721 2088 895 2167 Collegium
916 2085 1050 2148 subiicit
1081 2085 1264 2146 immediato

556 2183 708 2243 ministro
734 2181 877 2259 pancrati
903 2179 1034 2242 Ordinis
1062 2175 1121 2240 sub
1143 2185 1265 2255 protec-

557 2274 643 2336 tioue
664 2281 694 2334 el
717 2271 926 2350 dependenlid
946 2272 975 2334 S.
997 2271 1264 2351 Conpmpationis

557 2366 593 2428 de
607 2367 641 2427 P.
652 2367 685 2428 F.
696 2374 726 2429 et
739 2365 968 2428 Procuratoris
981 2365 1170 2426 missionum
1182 2366 1264 2425 eius-

557 2460 625 2520 dem
652 2458 783 2521 Ordinis
806 2461 818 2537 (
839 2459 861 2537 ).

576 2664 581 2676 -
685 2627 931 2698 indocibiles
949 2629 1007 2695 ΡΡ.
1027 2627 1097 2695 lllll.

656 2751 1123 2818 mmmmmmm

557 2925 601 2988 lid
614 2927 773 3005 pastoralis
785 2928 943 3004 dignitatis
955 2927 1110 3004 fastigium
1123 2942 1178 3006 per
1190 2926 1266 2988 inel-

515 3019 640 3081 labllem
655 3021 778 3082 divinae
792 3022 962 3098 sapientiae
976 3030 1067 3099 alque
1083 3021 1267 3082 clementiae

516 3111 735 3175 abundantiam
763 3115 882 3188 erecti,
910 3115 979 3188 illa,
1003 3129 1081 3194 quae
1107 3113 1264 3192 protolici

517 3207 720 3282 collegiorum
742 3225 797 3269 seu
823 3209 1074 3283 seminationem,
1098 3209 1130 3269 in
1153 3207 1265 3284 quibus

517 3298 653 3375 religiosi
675 3301 710 3361 ad
733 3299 932 3362 christianam
955 3301 1048 3362 tidem
1070 3299 1265 3362 catholicam·

517 3407 580 3470 que
600 3391 784 3468 religionem
806 3393 1032 3471 propagandam
1052 3393 1200 3454 mittendi
1213 3409 1265 3470 op-

517 3494 650 3563 portune
673 3486 886 3560 instituantur,
910 3487 1063 3562 regimine
1078 3495 1109 3546 et
1124 3486 1265 3548 directio-

518 3593 558 3638 ne
579 3579 708 3656 prorrde
729 3580 895 3642 constituta
918 3589 948 3640 et
969 3581 1108 3641 ordinata
1131 3595 1195 3640 esse
1211 3596 1265 3640 no·

517 3680 661 3746 scuntur,
672 3687 733 3750 quo
745 3673 866 3734 firmius
876 3672 1087 3734 subsistantet
1098 3681 1265 3735 serventur

518 3765 673 3839 exactius,
703 3764 860 3843 apostolici
881 3765 1067 3828 muniminis
1096 3767 1193 3828 nostri
1215 3783 1266 3844 pa-

517 3857 649 3918 trocinio
671 3857 805 3920 libenter
825 3858 1067 3920 constabilimus.

323 3973 498 4022 mmm„
557 3951 576 4024 5
599 3951 626 4010 l.
647 3950 729 4012 Aliis
749 3952 903 4029 siquidem
918 3951 1102 4015 ielrrecord.
1121 3953 1264 4016 Clemens

351 4029 385 4086 gu
414 4027 499 4074 ΜΨ
517 4042 593 4121 Papa
609 4043 660 4104 Xl.
678 4043 891 4120 praedecessor
905 4053 1010 4107 noster
1021 4046 1180 4108 ecclesiam
1193 4047 1265 4108 Bea-

516 4143 565 4197 tae
586 4135 699 4197 blariae
720 4135 859 4213 Virginis
880 4137 915 4198 ad
937 4139 1088 4202 Fornaces
1117 4155 1212 4218 prope
1233 4145 1263 4200 et

517 4233 603 4290 extra
625 4229 749 4290 moenia
770 4229 872 4304 Urbis,
894 4246 968 4292 cum
991 4230 1073 4292 illius
1096 4232 1195 4306 bonis,
1218 4233 1264 4294 io·

516 4320 600 4382 ribus
621 4327 653 4381 et
682 4321 827 4382 oneribus
853 4321 1018 4396 universis
1047 4323 1166 4385 dilectis
1192 4325 1263 4384 filiis

515 4411 663 4475 iratribus
684 4413 807 4476 Ordinis
829 4413 934 4477 Ssrirae
957 4415 1118 4477 Trinitatis
1133 4416 1262 4479 Redem-

515 4506 630 4583 ptionis
653 4508 854 4584 Captivorum
877 4508 1061 4570 Excalceatis
1077 4511 1262 4587 nuncupatis

515 4601 764 4676 congregationis
795 4601 1029 4680 Hispaniarum,
1052 4606 1088 4664 ad
1117 4603 1262 4665 ellectum

515 4692 591 4754 inibi
620 4693 795 4770 Collegium
815 4708 871 4755 seu
896 4695 1101 4757 seminariam
1122 4698 1264 4776 apostoli-

514 4800 586 4846 cum
616 4785 883 4848 missiouariorum
906 4803 961 4865 pro
989 4788 1138 4864 religiosis
1166 4788 1261 4850 diotae

515 4878 766 4955 congregationis
779 4880 920 4956 erigendi
935 4887 966 4942 et
981 4881 1176 4956 instituendi,
1194 4899 1262 4960 per-

514 4979 609 5048 petuo
631 4972 783 5034 concessit
804 4981 835 5033 et
856 4974 1032 5050 assignavit,
1055 4977 1112 5036 sub
1133 4975 1262 5038 diversis

515 5069 618 5124 tamen
647 5065 877 5126 conditionibus
898 5083 913 5126 a
936 5067 1006 5128 bon.
1028 5082 1123 5130 mem.
1148 5067 1261 5130 Ioanne

514 5155 674 5218 Dominico
707 5157 737 5219 S.
761 5157 797 5218 ll.
822 5159 855 5218 Ε.
892 5159 1045 5222 Cardinali
1082 5161 1261 5222 Paracciano

514 5258 712 5328 nuncupato,
742 5249 817 5312 dum
840 5252 918 5313 viril
938 5253 971 5314 io
993 5253 1099 5316 eddom
1129 5254 1210 5316 Urbe
1231 5263 1262 5316 et

514 5340 581 5402 eius
602 5343 744 5405 districtu
773 5342 895 5406 Vicarlo
917 5345 950 5406 in
978 5346 1188 5424 spiritualibus
1210 5363 1261 5423 ge·

514 5435 628 5511 nerall,
653 5435 762 5498 iisdem
790 5436 935 5500 iratribus
958 5441 1152 5518 praescriptis
1174 5447 1204 5502 et
1226 5442 1262 5503 ab

514 5529 624 5590 eodem
646 5529 808 5594 Clemente
823 5533 1055 5610 praedecessore
1075 5535 1257 5612 approbatis:

513 5639 547 5683 aa
567 5624 741 5702 praecipue,
764 5627 844 5704 quod
868 5631 931 5688 tam
950 5625 1122 5702 Collegium
1144 5644 1200 5689 seu
1215 5643 1262 5690 se-

513 5715 737 5780 minariumsic
748 5719 945 5796 erigendum,
963 5736 1056 5797 quam
1075 5721 1260 5783 missionarii

1322 871 1533 936 Cardinalium
1569 873 1701 948 negotiis
1736 871 1950 950 Propagandae
1982 871 2067 933 Fidei

1321 965 1520 1046 praepositae,
1548 963 1580 1026 in
1608 965 1753 1026 omnibus
1774 973 1805 1026 et
1831 981 1885 1042 per
1907 965 2009 1027 omnia
2031 965 2067 1025 ad

1322 1060 1417 1121 instar
1444 1059 1577 1120 aliorum
1598 1059 1751 1120 similium
1779 1058 1990 1134 collegiorum
2011 1072 2067 1118 seu

1321 1152 1559 1213 seminariorum
1579 1151 1845 1212 missionariorum
1861 1149 2065 1226 regularium,

1321 1261 1434 1323 nempe
1456 1247 1488 1307 in
1511 1245 1543 1307 S.
1557 1245 1639 1306 Petri
1654 1245 1686 1304 in
1703 1245 1806 1306 blonte
1827 1247 1931 1305 Aureo
1946 1241 2068 1306 Ordinis

1322 1337 1452 1400 fratrum
1484 1338 1640 1399 blinorum
1662 1337 1692 1400 S.
1717 1337 1869 1398 Francisci
1898 1338 1936 1398 de
1960 1335 2067 1398 Obser-

1321 1433 1424 1494 vantid
1443 1430 1694 1492 Reformatorum
1709 1436 1971 1508 nuncupatorum,
1988 1439 2019 1492 et
2034 1428 2066 1490 in

1321 1525 1352 1587 S.
1377 1523 1603 1586 Bartboiomaei
1627 1525 1659 1586 in
1688 1523 1790 1586 lnsula
1813 1522 1852 1583 de
1875 1522 1958 1583 Urbe
1983 1537 2067 1600 prae-

1321 1618 1399 1679 dicta
1421 1616 1543 1679 Ordinis
1565 1617 1747 1678 eorumdem
1761 1615 1892 1677 fratrum
1911 1615 2067 1676 Minorum

1322 1709 1423 1772 Sancti
1442 1709 1593 1772 Francisoi
1608 1711 1646 1772 de
1663 1709 1863 1772 Obseruantia
1878 1708 1970 1770 etiam
1987 1721 2069 1769 nun-

1321 1810 1516 1882 cupatorum,
1530 1803 1737 1864 conventibus
1757 1802 1928 1880 respective
1943 1801 2068 1863 institu-

1321 1903 1446 1970 torum,
1468 1896 1593 1958 subesse
1624 1894 1788 1970 deberent,
1812 1912 1845 1958 ac
1865 1894 1988 1971 regulas
2012 1910 2069 1973 pro

1320 1990 1435 2052 salubri
1447 2005 1558 2051 eorum
1573 1989 1743 2051 directione
1758 1989 1795 2050 ab
1810 1989 1916 2050 eadem
1933 1989 2069 2064 Congre-

1322 2083 1446 2159 gatlone
1467 2081 1678 2146 Cardinalium
1705 2081 1841 2160 accipere
1868 2089 2066 2156 tenerentur,

1321 2182 1352 2235 et
1372 2175 1444 2236 alias
1465 2183 1558 2253 prout
1579 2176 1612 2237 in
1634 2174 1774 2236 eiusdem
1789 2175 1961 2237 Clementis
1982 2189 2068 2252 prac-

1321 2269 1487 2330 decessoris
1508 2269 1541 2329 in
1562 2268 1656 2330 simili
1678 2267 1777 2330 torma
1798 2268 1905 2329 Brevis
1926 2268 1975 2330 die
1996 2283 2063 2328 rrrr.

1322 2363 1500 2424 novembris
1521 2363 1662 2440 proxime
1684 2363 1841 2439 praeteriti
1864 2362 1996 2440 desuper
2016 2379 2069 2423 er-

1321 2457 1430 2533 peditis
1453 2457 1562 2530 literis,
1579 2473 1711 2534 arrarum
1734 2465 1877 2518 tenorem
1899 2457 2068 2534 praesenti-

1321 2549 1378 2610 bus
1400 2565 1454 2627 pro
1482 2550 1574 2628 plene
1596 2558 1626 2610 et
1650 2549 1842 2611 sufficienter
1867 2563 2013 2626 expresso
2035 2565 2068 2610 ao

1322 2643 1359 2704 de
1379 2643 1475 2704 aerbo
1496 2644 1531 2704 ad
1554 2643 1686 2704 verbum
1709 2644 1826 2704 inserto
1851 2642 1956 2704 baberi
1979 2640 2067 2703 rolu-

1322 2752 1402 2809 mus‚
1428 2737 1554 2798 uberius
1575 2737 1763 2798 continetur.
1781 2737 1784 2742 '

1361 2829 1429 2903 §2-
1454 2828 1543 2891 Nunc
1564 2845 1649 2903 roro,
1672 2829 1751 2891 sicut
1779 2829 1942 2890 memorati
1965 2828 2069 2891 Cardi-

1322 2923 1407 2983 nales
1429 2923 1516 2984 nobis
1539 2937 1640 3000 nuper
1654 2931 1878 3001 exposuerunt,
1895 2923 2066 3000 praedictae

1321 3015 1458 3091 Regulae
1479 3031 1535 3094 pro
1557 3031 1639 3076 novo
1662 3015 1799 3092 Collegio
1823 3032 1877 3077 seu
1899 3016 2067 3076 seminario

1321 3108 1472 3169 eiusmodi
1499 3125 1608 3170 eorum
1631 3109 1716 3170 lassu
1736 3109 1908 3182 conlectae,
1931 3109 2066 3186 ipsisque

1323 3201 1544 3276 Cardinalibus,
1569 3209 1603 3263 ut
1625 3203 1661 3263 ab
1682 3201 1719 3262 iis
1740 3201 1995 3280 approbarentur,
2015 3217 2067 3262 eu-

1322 3295 1435 3356 bibitae
1463 3295 1608 3370 luerunt,
1634 3297 1748 3357 tenoris
1769 3295 1822 3374 qui
1846 3295 1998 3373 sequitur,
2021 3294 2067 3354 vi-

1321 3389 1444 3450 delitet:

1321 3536 1459 3616 liupalde
1481 3553 1537 3614 pro
1560 3554 1637 3600 alona
1661 3537 1796 3618 Collepio
1816 3556 1872 3600 seu
1893 3538 2067 3602 seminario

1361 3631 1562 3702 naissionum,
1585 3631 1672 3708 apud
1694 3632 1856 3694 ecclesiam
1882 3630 1917 3692 B.
1944 3631 2067 3695 Mariae

1366 3723 1506 3802 i'irpinis
1538 3724 1579 3788 ad
1612 3723 1793 3796 Fornaces,
1826 3723 1976 3803 erigendo
2009 3739 2067 3802 pro

1361 3815 1423 3878 ΡΡ.
1450 3817 1654 3880 Onaolreutis
1680 3817 1811 3880 Ordinis
1836 3816 2067 3879 Sanctissimae

1366 3911 1541 3974 Trinitatis
1584 3909 1822 3987 Redemptionis
1859 3910 2067 3987 Captivorum

1364 4004 1629 4084 Conprepnlioais
1652 4003 1898 4082 Hispaniarum.

1360 4155 1380 4198 l.
1406 4139 1494 4200 Pater
1510 4138 1670 4215 generalis
1693 4139 1774 4200 intra
1794 4141 1930 4218 spatium
1944 4158 1997 4203 sex
2013 4158 2066 4204 an·

1320 4245 1432 4291 norum
1455 4237 1597 4292 teneatur
1619 4231 1738 4307 erigere
1758 4231 1876 4294 dictum
1892 4233 2066 4310 Collegium

1318 4339 1372 4384 seu
1400 4323 1622 4398 seminarium,
1646 4324 1677 4384 in
1699 4339 1762 4401 quo
1783 4341 1837 4384 sex
1866 4325 1974 4386 saltem
1995 4325 2066 4386 rell-

1319 4415 1407 4492 giosi,
1431 4416 1602 4493 exquibus
1624 4417 1684 4478 diro
1706 4431 1828 4494 semper
1852 4417 1929 4492 ltali,
1945 4433 2066 4496 perma-

1319 4525 1394 4570 nere
1416 4517 1447 4570 et
1468 4510 1638 4570 sustentari
1660 4509 1803 4584 debeant,
1826 4510 1879 4588 qui
1904 4511 2014 4572 studiis
2035 4519 2064 4573 et

1318 4602 1499 4680 apostolicae
1521 4602 1698 4680 disciplinae
1720 4612 1840 4677 vacent,
1857 4619 1914 4665 nec
1929 4619 1992 4664 noo
2007 4603 2067 4666 lec-

1319 4703 1399 4756 tores
1427 4695 1512 4756 iuxta
1540 4709 1709 4756 numeram
1737 4694 1866 4756 inlerlus
1896 4697 2066 4773 praesigen-

1318 4786 1403 4848 dum.
1436 4788 1494 4861 Qui
1521 4787 1647 4865 quidem
1678 4787 1888 4864 collegialium
1914 4805 2066 4852 numerus

1318 4887 1492 4958 opportuno
1514 4889 1654 4960 tempore
1675 4881 1802 4944 arbitrio
1818 4898 1847 4960 p.
1865 4883 2017 4959 generalis
2033 4897 2066 4943 ac

1318 4973 1487 5034 delinitorii
1509 4975 1616 5050 augeri
1631 4973 1741 5050 valeat,
1758 4975 1799 5035 ita
1822 4981 1926 5036 tamen
1942 4984 1977 5038 ut
1991 4977 2066 5038 duo-

1318 5067 1481 5129 denariam
1512 5083 1577 5128 non
1607 5067 1742 5129 excedat.
1774 5067 1808 5128 ln
1830 5067 1903 5129 diali
1935 5067 2066 5145 Collegit

1318 5167 1422 5221 autem
1444 5170 1477 5221 et
1497 5161 1656 5222 seminarii
1677 5161 1787 5240 aptiori
1810 5161 1875 5223 loco
1895 5169 2065 5240 apponatur

1318 5252 1495 5332 inscriptio:

1452 5417 1629 5464 contuerunt
1651 5419 1706 5464 SEU
1729 5419 1932 5468 santuanlltll

1544 5514 1604 5558 Plio
1627 5513 1836 5560 ullssloululls.

1359 5647 1392 5691 rr.
1418 5632 1498 5695 Cam
1519 5633 1784 5696 missionariorum
1806 5649 1922 5696 munos
1944 5650 2063 5697 verea-

1317 5723 1500 5801 poslolicum
1521 5725 1572 5800 sit,
1589 5726 1683 5803 patris
1705 5727 1859 5800 generalis
1874 5727 2063 5789 conscientia

555 5929 585 5986 (l)
601 5930 638 5974 llx
652 5927 718 5974 Ball.
733 5931 759 5974 1³.
775 5930 807 5976 de
821 5933 894 5989 Prop.
910 5931 980 5990 Fide,
995 5933 1044 5980 rol.
1061 5937 1100 5993 ll.,
1115 5947 1171 5994 pag.
1187 5939 1222 5994 ld,
1236 5937 1323 5984 collat.
1339 5941 1387 5984 eto.
