4880 6982
329 549 516 605 xn.c.1v1e
566 559 624 622 tle

547 694 676 770 tructus,
689 693 805 758 reditus
816 699 846 756 et
858 698 1026 772 proventus
1041 693 1208 773 percipere,
1226 693 1289 755 exi·

547 803 631 864 gere,
654 787 773 861 levare,
797 787 911 861 locare,
935 786 1098 862 dislocare,
1124 789 1288 850 arrendare

546 889 577 944 et
598 879 714 943 indicti
730 879 858 958 Collegii
874 895 928 942 seu
944 881 1120 957 Seminarii,
1144 882 1288 961 illiusque

546 975 757 1050 alumnorum,
768 974 997 1048 ministrorum,
1014 974 1207 1054 aliarumque
1222 992 1290 1054 per·

544 1085 689 1131 sonarum
705 1069 737 1129 in
754 1085 789 1130 eo
804 1085 890 1130 nunc
901 1076 930 1130 et
946 1085 1000 1148 pro
1022 1076 1161 1146 tempore
1175 1069 1289 1146 degen-

546 1163 637 1238 tium,
660 1163 750 1240 eique
771 1163 941 1239 respective
962 1163 1212 1238 inservientium,
1236 1180 1290 1225 ne·

544 1256 688 1318 cessarios
706 1272 779 1317 usus
794 1262 825 1318 et
846 1255 1015 1318 utilitatem
1036 1264 1229 1331 convertere,
1248 1257 1290 1318 ei·

545 1349 678 1426 demque
707 1349 842 1424 collegio
870 1364 924 1412 seu
957 1349 1128 1413 Seminario
1160 1349 1287 1428 eiusque

545 1443 670 1517 rectori,
699 1441 926 1520 superioribus,
950 1443 1118 1518 ministris,
1141 1442 1286 1519 alumnis,

544 1537 672 1614 aliisque
692 1535 831 1615 personis
854 1543 885 1597 et
905 1536 1151 1598 deservientibus
1163 1544 1193 1598 et
1206 1537 1235 1598 in
1250 1552 1288 1596 eo

543 1631 728 1708 degentibus
753 1630 928 1692 huiusmodi
958 1631 1072 1692 1111111
1101 1637 1287 1709 perpetuum

544 1725 601 1801 uti,
625 1724 685 1786 lrui
707 1732 739 1786 et
760 1725 894 1800 gaudere
915 1732 1063 1802 perpetuo
1084 1724 1286 1800 assignamus,

544 1817 730 1896 applicamus
752 1823 783 1878 11
804 1816 1050 1896 appropriamus;
1070 1833 1206 1883 111111
1223 1833 1288 1879 rec-

544 1911 615 1985 tori,
637 1909 860 1989 superioribus,
883 1909 1046 1986 ministris,
1069 1909 1198 1988 aliisque
1220 1925 1287 1988 per·

543 2003 626 2066 sonis
648 2003 820 2080 praedictis,
842 2009 876 2062 ut
897 2003 976 2063 bona
998 2003 1137 2064 eiusdem
1159 2003 1287 2080 collegii

543 2113 597 2159 seu
620 2095 783 2160 Seminarii
808 2102 869 2157 tam
891 2095 1008 2158 stabilia
1030 2112 1122 2174 quam
1145 2097 1286 2172 mobilia,

544 2189 659 2250 reditus
675 2196 705 2249 et
720 2195 889 2266 proventus
911 2187 1100 2263 huiusmodi,
1125 2195 1188 2250 tam
1211 2195 1288 2251 tem-

543 2281 662 2360 porales
693 2297 784 2360 quam
806 2289 988 2359 perpetuos,
1018 2280 1119 2343 eidem
1148 2282 1287 2359 collegio

543 2392 597 2438 seu
619 2373 806 2449 Seminario,
829 2381 864 2436 ut
885 2374 1069 2453 praefertur,
1084 2375 1235 2451 assignata
1257 2384 1287 2437 11

543 2472 669 2544 donata,
697 2485 730 2530 ac
758 2467 926 2544 assignatos
947 2475 979 2529 et
1007 2467 1150 2542 donatos,
1183 2469 1232 2530 vel
1255 2469 1286 2530 iu

543 2570 701 2641 posterum
729 2560 910 2637 assignanda
932 2567 962 2622 et
983 2561 1138 2636 donanda,
1161 2579 1196 2623 11
1216 2563 1288 2624 assi-

543 2657 680 2734 gnandos
692 2663 723 2716 et
737 2654 893 2716 donandos
915 2655 1025 2732 quovis
1046 2657 1148 2730 111111,
1164 2663 1216 2718 111
1231 2655 1288 2718 sub

542 2749 651 2829 quovis
672 2755 833 2826 praetextu
849 2747 898 2809 vel
914 2747 1018 2822 titulo,
1035 2748 1128 2810 etiam
1149 2765 1221 2817 cum
1237 2765 1287 2811 cu-

542 2845 726 2920 iuscumque
737 2841 844 2904 iudicis
857 2856 912 2904 seu
927 2843 1093 2920 superioris
1108 2844 1286 2906 auctoritate

541 2945 573 2998 et
594 2935 738 2998 facultate
759 2933 892 2996 alienare
908 2934 957 2996 vel
978 2934 1201 2997 dismembrare
1223 2951 1286 2998 non

543 3029 659 3110 possint
671 3029 784 3106 absque
799 3029 940 3106 expressi
956 3029 1100 3090 nostriset
1113 3029 1287 3109 Sedisdpo-

492 3165 497 3178 .
542 3122 665 3185 stolicae
686 3121 809 3184 licentiat
831 3121 998 3184 districtius
1017 3121 1205 3184 inhibemus.

582 3217 650 3292 §3-
683 3215 843 3277 Praeterea
875 3215 987 3276 rectori
1015 3222 1044 3276 et
1076 3216 1286 3293 superioribus

542 3309 687 3390 praedicti
700 3308 828 3384 Collegii
843 3323 897 3368 seu
911 3307 1071 3370 Seminarii
1087 3325 1171 3371 nunc
1185 3317 1217 3370 et
1231 3327 1286 3388 pro

543 3413 683 3482 tempore
705 3401 921 3475 existentibus,
939 3408 973 3462 ut
996 3418 1049 3480 111
1070 3402 1186 3464 salubri
1208 3403 1288 3465 eius·

542 3500 612 3560 dent
642 3494 769 3572 Collegii
795 3511 850 3555 seu
878 3494 1043 3558 Seminarii
1074 3495 1286 3558 bonorumet

541 3607 651 3654 rerum
667 3589 846 3667 iuriumque
870 3587 1083 3666 temporalium
1099 3596 1129 3650 et
1143 3589 1285 3668 spiritua-

541 3686 619 3747 lium
647 3683 881 3746 conservatione
908 3697 1103 3756 oeconomos,
1127 3684 1286 3760 deputatos

541 3788 573 3840 et
593 3785 806 3857 procuratores
820 3775 853 3837 in
868 3791 904 3837 eo
919 3775 1065 3853 deputare
1079 3785 1111 3836 11
1129 3793 1283 3852 amovere,

541 3881 572 3934 et
593 3871 667 3933 11111
688 3871 721 3930 11
742 3884 850 3931 eorum
878 3868 980 3932 locum
1007 3869 1206 3944 substituere,
1229 3869 1285 3931 dil-

540 3965 695 4038 lerentias,
713 3963 783 4024 lites
804 3970 834 4024 et
855 3963 1078 4024 controversias
1094 3963 1175 4025 inter
1196 3979 1284 4042 quas-

540 4074 675 4136 cumque
701 4071 844 4136 personas
871 4062 936 4116 tam
959 4055 1160 4119 alumnorum
1191 4073 1283 4134 quam

540 4152 757 4216 ministrorum
779 4148 924 4228 praedicti
951 4148 1081 4225 collegit
1102 4167 1157 4212 seu
1186 4149 1284 4214 Semi-

540 4247 620 4310 narii
640 4243 818 4308 huiusmodi
840 4249 902 4304 tam
917 4242 1101 4305 clericorum
1122 4259 1216 4323 quam
1231 4243 1283 4306 lai·

540 4357 647 4406 corum
669 4345 789 4401 exortas
808 4337 988 4412 summarie,
1005 4337 1186 4416 simpliciter
1200 4344 1231 4400 11
1245 4339 1283 4401 de

539 4436 629 4515 plano
651 4433 717 4494 sine
739 4429 837 4508 figura
858 4437 889 4492 et
903 4430 1033 4509 strepitu
1048 4431 1164 4506 iudicii,
1181 4431 1282 4512 appel-

539 4529 654 4592 latione
674 4539 870 4604 quacumque
887 4531 1017 4599 remota,
1041 4523 1192 4600 decidere,
1208 4526 1281 4588 deii-

539 4622 607 4684 nire
629 4637 662 4682 ac
676 4617 856 4693 terminare,
873 4632 1008 4678 necnon
1023 4631 1077 4694 pro
1093 4616 1174 4679 lelici
1186 4625 1280 4694 statu,

538 4714 718 4787 directione,
735 4709 888 4788 gubernio
902 4717 933 4770 et
947 4711 1182 4772 conservatione
1196 4727 1278 4790 prae

538 4808 611 4872 dieti
633 4804 825 4881 Collegiiseu
842 4802 1019 4878 Seminarii,
1035 4819 1068 4866 11
1082 4803 1281 4868 alumnorum

539 4913 569 4966 et
589 4913 793 4982 personarum
815 4898 847 4960 in
869 4913 905 4958 eo
927 4912 981 4974 pro
1005 4903 1146 4974 tempore
1167 4899 1280 4976 degen-

537 4999 629 5072 tium,
652 5007 866 5075 quaecumque
886 4997 1010 5066 statuta,
1027 4990 1109 5054 licita
1131 4999 1234 5054 tamen
1250 5001 1281 5056 et

537 5093 665 5154 honesta
686 5090 723 5151 ad
750 5087 882 5148 lormam
907 5084 1040 5146 aliorum
1071 5085 1281 5162 collegiorum

536 5201 593 5248 seu
614 5179 861 5247 Seminariorum
876 5179 984 5240 inillis
999 5179 1135 5258 partibus
1146 5181 1281 5244 existen-

540 5280 634 5354 tium,
666 5277 831 5354 eidemque
863 5273 999 5351 Collegio
1023 5290 1080 5336 seu
1108 5273 1281 5338 Seminario

537 5371 766 5444 convenientia,
779 5377 809 5430 et
830 5366 922 5430 sacris
937 5367 1115 5443 canonibus
1131 5369 1281 5432 constitu-

539 5467 674 5530 tionibus
701 5462 873 5544 apostolicis
894 5468 925 5524 11
948 5462 1079 5525 Concilii
1106 5463 1281 5525 Tridentini

538 5561 668 5624 decretis
698 5557 859 5638 praedictis
880 5557 1010 5617 minime
1038 5556 1206 5630 contraria,
1228 5555 1280 5617 sed

537 5670 610 5717 cum
631 5653 692 5715 illis
712 5650 883 5715 conlormia
904 5651 1048 5726 condere,
1064 5648 1155 5712 edere
1178 5657 1208 5712 et
1221 5657 1281 5711 sta-

538 5754 638 5821 tuere,
660 5763 693 5808 11
720 5753 881 5824 postquam
905 5743 1040 5818 condita,
1070 5743 1149 5806 edita
1171 5751 1202 5805 et
1222 5751 1280 5806 sta-

538 5847 604 5902 tuta
615 5839 743 5914 luerint,
760 5839 850 5900 toties
864 5837 984 5916 quoties
999 5851 1053 5915 pro
1068 5852 1187 5912 rerum,
1203 5843 1282 5898 tem-

538 5949 650 6016 111111
671 5939 702 5996 11
723 5947 924 6013 personarum
946 5931 1093 6010 qualitate
1115 5933 1281 6012 expediens

1068 573 1133 618 tuit.
1157 570 1248 618 Portv.
1272 568 1311 614 lte
1334 569 1362 614 1³.
1386 568 1416 616 F·
1439 571 1522 618 PARS
1545 572 1564 618 l.

1344 691 1515 769 videbitur,
1539 695 1710 771 corrigere,
1738 694 1887 770 limitare,
1917 697 2087 772 moderare,

1345 787 1376 850 in
1399 794 1463 850 toto
1485 789 1536 851 vel
1557 796 1643 866 parte
1664 804 1810 852 revocare
1824 796 1854 851 et
1869 789 1925 851 alla
1947 790 1985 853 de
2007 808 2088 853 novo

1345 883 1435 944 edere
1446 889 1477 944 et
1489 882 1600 961 exequi
1616 882 1724 959 lacere,
1742 883 1826 946 iuxta
1841 883 2001 962 providam
2015 885 2086 948 dicti

1345 975 1473 1037 concilii
1495 974 1740 1056 dispositionem,
1763 977 1881 1055 possint
1901 985 1932 1039 et
1953 977 2085 1054 valeant,

1344 1067 1502 1131 licentiam
1524 1077 1555 1131 et
1575 1069 1752 1132 facultatem
1774 1071 1970 1134 concedimus
1984 1079 2015 1134 et
2032 1072 2089 1134 111-

1344 1163 1507 1240 partimur,
1521 1165 1665 1241 quodque
1679 1170 1793 1226 statuta
1809 1163 1986 1227 huiusmodi
2008 1172 2087 1244 post·

1344 1272 1435 1336 quam
1457 1257 1595 1330 condita,
1618 1256 1699 1319 edita
1719 1267 1751 1319 et
1774 1258 1921 1333 stabilita,
1946 1275 2086 1322 necnon

1344 1366 1398 1428 pro
1411 1357 1589 1429 temporum
1600 1347 1748 1412 varietate
1760 1359 1906 1426 correcta,
1919 1353 2085 1428 moderata,

1343 1441 1457 1516 addita,
1490 1448 1629 1506 revocata
1651 1451 1681 1506 et
1709 1443 1746 1505 de
1767 1460 1849 1506 novo
1876 1446 1939 1507 iarn
1966 1447 2086 1509 condita

1344 1534 1471 1610 luerint,
1495 1553 1618 1615 semper
1640 1543 1670 1598 et
1691 1539 1778 1600 omni
1808 1546 1947 1618 tempore
1967 1549 2086 1619 aposto·

1344 1627 1399 1689 lici
1434 1631 1614 1691 auctoritate
1649 1632 1811 1710 approbata
1847 1641 1877 1696 et
1908 1634 2087 1696 confirmata

1343 1728 1540 1798 censeantur,
1556 1739 1590 1784 11
1604 1724 1641 1785 ab
1655 1725 1799 1788 omnibus
1817 1732 1847 1787 et
1866 1725 1999 1804 singulis
2014 1728 2085 1806 dictj

1344 1813 1473 1890 Collegii
1488 1830 1543 1876 seu
1557 1817 1720 1879 Seminarii
1733 1817 1868 1880 alumnis
1879 1821 2009 1898 aliisque
2019 1838 2086 1900 per·

1342 1907 1424 1968 sonis
1447 1907 1608 1985 praedictis
1629 1909 1661 1970 11
1684 1925 1720 1970 11
1742 1911 1927 1987 degentibus
1954 1914 2087 1976 tirmiter

1342 1999 1497 2061 observari
1513 2001 1655 2077 debeant,
1673 2003 1817 2066 volumus
1839 2012 1869 2066 et
1891 2007 2083 2069 mandamus.

1382 2093 1400 2168 ἕ
1422 2092 1451 2154 1.
1468 2091 1531 2156 Ν11
1543 2111 1606 2156 111
1619 2095 1795 2173 Collegium
1805 2103 1859 2161 se'u
1876 2099 2086 2162 Seminarium

1342 2185 1544 2262 praedictum,
1574 2187 1703 2266 eiusque
1725 2190 1896 2266 ecclesiam,
1920 2199 2085 2266 rectorem,

1344 2276 1513 2352 ministros,
1537 2279 1671 2358 aliasque
1697 2297 1840 2358 personas
1862 2283 1894 2344 in
1916 2300 1952 2345 eo
1973 2285 2088 2361 degen-

1344 2376 1399 2441 tes,
1422 2370 1469 2432 uti
1489 2379 1590 2433 cetera
1612 2372 1770 2436 Societatis
1791 2377 1859 2438 lesu
1874 2377 2012 2454 collegia,
2035 2378 2086 2439 do-

1343 2475 1412 2522 mus
1439 2469 1471 2523 et
1497 2464 1643 2526 ecclesiae
1666 2467 1704 2529 ab
1729 2466 1881 2530 Ordinarii
1912 2470 2087 2532 visitatione

1343 2564 1485 2634 exempta
1513 2565 1639 2620 suntet
1668 2559 1838 2637 immunia,
1861 2562 2086 2628 1111111101·-

1343 2647 1453 2711 dinarii
1476 2647 1532 2712 loci
1556 2651 1733 2722 visitatione
1754 2655 1921 2717 eximimus
1933 2663 1963 2717 et
1978 2656 2086 2718 libera-

1343 2757 1429 2818 mus,
1458 2742 1639 2823 dictumque
1671 2745 1845 2824 Collegium
1870 2765 1925 2812 seu
1948 2749 2086 2813 Semina-

1343 2834 1442 2912 rium,
1464 2853 1497 2898 ac
1518 2836 1660 2900 alumnos
1681 2847 1712 2900 et
1736 2855 1882 2918 personas
1909 2843 2087 2908 huiusmodi

1342 2929 1540 3006 provincialis
1561 2948 1594 2991 ac
1616 2931 1781 2995 visitatoris
1809 2935 1906 2998 dictae
1927 2937 2086 3000 Societatis

1343 3021 1375 3082 in
1397 3023 1530 3098 Austrii,
1553 3024 1607 3102 qui
1627 3025 1665 3086 ab
1686 3025 1824 3088 eiusdem
1847 3027 2005 3092 societatis
2019 3032 2086 3094 lesu

1343 3115 1512 3194 praeposito
1534 3117 1671 3194 generali
1694 3135 1748 3196 pro
1770 3125 1909 3199 tempore
1930 3124 2087 3202 deputabi-

1344 3213 1405 3282 tur,
1429 3225 1461 3270 ac
1482 3209 1741 3273 extraordinarios
1763 3229 1818 3291 pro
1840 3223 1980 3295 tempore
2008 3219 2085 3278 exis-

1343 3302 1436 3363 tentis
1458 3303 1557 3364 nostri
1568 3311 1599 3364 et
1614 3303 1804 3382 spostolicae
1820 3307 1905 3370 Sedis
1927 3309 2037 3372 Nuntii
2053 3313 2085 3373 in

1341 3394 1403 3456 illis
1424 3395 1562 3473 partibus
1576 3399 1794 3460 commorantis
1808 3401 1976 3465 visitationi
1991 3405 2085 3468 subti-

1341 3489 1450 3550 cimus.

1381 3584 1399 3658 5
1420 3583 1448 3644 o.
1474 3583 1631 3646 Postremo
1652 3584 1750 3648 eidem
1765 3587 1903 3664 Collegio
1917 3605 1972 3652 seu
1988 3590 2086 3653 Semi-

1342 3677 1440 3752 nario,
1462 3677 1607 3756 illiusque
1629 3681 1753 3754 rectori,
1775 3683 1997 3760 superioribus,
2019 3685 2083 3747 alu-

1341 3771 1421 3832 mnis
1449 3770 1577 3849 aliisque
1608 3773 1748 3849 personis
1777 3775 1809 3835 in
1837 3791 1874 3834 eo
1901 3777 2083 3852 degentibus

1341 3863 1512 3942 praedictis,
1535 3873 1570 3927 ut
1591 3866 1736 3928 omnibus
1756 3875 1787 3929 et
1808 3867 1939 3944 singulis
1959 3871 2084 3948 privile-

1341 3957 1408 4034 giis,
1422 3957 1628 4034 facultatibus,
1642 3959 1902 4037 immunitatibus,
1915 3966 2083 4042 exemptio-

1340 4051 1443 4126 nibus,
1464 4052 1695 4130 praerogativis,
1711 4055 1975 4133 praeeminentiis,
1998 4065 2083 4121 ante·

1340 4144 1516 4220 lationibus,
1540 4147 1801 4226 concessionibus,
1819 4149 1959 4226 indultis,
1982 4153 2083 4216 indul-

1339 4239 1463 4317 gentiis,
1486 4239 1642 4303 favoribus
1663 4247 1693 4302 et
1715 4243 1820 4318 gratiis
1837 4244 2003 4320 universis,
2021 4255 2081 4309 tam

1338 4333 1548 4412 spiritualibus
1579 4350 1672 4412 quam
1704 4337 1941 4415 temporalibus,
1970 4339 2082 4417 quibus

1338 4427 1395 4489 alia
1417 4426 1553 4504 Collegia
1574 4435 1604 4490 et
1626 4429 1795 4492 Seminaria
1822 4430 1959 4494 eiusdem
1982 4431 2081 4496 Socie-

1338 4522 1408 4584 tatis
1429 4521 1463 4584 in
1484 4521 1545 4583 illis
1566 4523 1703 4601 partibus
1724 4530 1823 4586 erecta
1844 4524 1877 4585 in
1899 4540 2015 4602 genere
2029 4528 2080 4590 vel

1337 4615 1370 4678 in
1391 4617 1506 4696 specie,
1529 4617 1621 4678 etiam
1642 4634 1697 4696 per
1718 4619 1801 4679 viam
1832 4619 1978 4698 simplicis
1998 4637 2081 4684 com-

1337 4712 1567 4788 municationis,
1586 4729 1620 4776 ac
1640 4713 1713 4775 alias
1735 4715 1965 4792 quomodolibet
1987 4725 2081 4780 utun·

1338 4813 1401 4881 tur,
1414 4805 1574 4880 fruuntur,
1591 4807 1756 4885 potiuntur
1767 4815 1798 4870 et
1813 4809 1962 4886 gaudent,
1974 4827 2007 4872 ac
2022 4813 2079 4888 uti,

1336 4898 1409 4974 lrui,
1432 4898 1524 4977 potiri
1539 4907 1570 4962 et
1585 4899 1718 4976 gaudere
1739 4908 1867 4978 possunt
1888 4911 1920 4964 et
1933 4911 2081 4981 poterunt

1337 4991 1566 5072 quomodolibet
1587 4993 1621 5054 in
1642 4993 1801 5072 loturum,
1823 4995 1979 5072 similitor,
2002 4999 2081 5077 pari·

1337 5086 1478 5148 dormiter
1488 5085 1602 5166 absque
1613 5085 1675 5150 ulla
1685 5104 1810 5168 prorsus
1824 5089 2007 5166 dilierentiai,
2020 5093 2078 5168 uti,

1337 5177 1409 5256 irui,
1432 5180 1525 5258 potiri
1547 5189 1578 5243 et
1600 5183 1733 5258 gaudere
1755 5183 1871 5261 possint
1892 5191 1923 5246 et
1945 5185 2078 5261 valeant,

1336 5273 1369 5334 in
1400 5273 1544 5336 omnibus
1566 5281 1598 5336 et
1620 5291 1674 5354 per
1702 5277 1822 5352 omnia,
1852 5277 1980 5356 perinde
2000 5294 2033 5340 11
2053 5279 2080 5339 11

1336 5367 1388 5431 1111
1413 5367 1566 5447 praedicto
1593 5367 1729 5445 Collegio
1757 5385 1812 5432 seu
1834 5369 2020 5448 seminario,
2044 5371 2079 5433 il·

1336 5461 1458 5540 liusque
1468 5462 1591 5536 rectori,
1603 5461 1823 5541 superioribus,
1840 5463 2002 5542 ministris,
2015 5465 2079 5526 alu·

1336 5555 1418 5616 mnis
1439 5555 1567 5636 aliisque
1581 5555 1720 5634 personis
1731 5557 1893 5635 praedictis
1907 5557 2080 5638 specialiter

1337 5653 1368 5708 et
1389 5663 1532 5727 expresse
1559 5663 1699 5711 concessa
1727 5656 1757 5711 et
1783 5649 1912 5729 elargita
1935 5652 2077 5727 luissent,

1336 5741 1534 5804 concedimus
1555 5749 1586 5804 et
1608 5742 1817 5820 indulgemus.

1375 5836 1395 5910 5
1415 5835 1444 5897 6.
1468 5836 1675 5899 Decernentes
1700 5837 1823 5899 easdem
1844 5846 2022 5917 praesentes
2042 5837 2077 5900 li-

1338 5937 1416 5994 teras
1437 5937 1469 5992 et
1484 5929 1517 5992 in
1532 5929 1575 5992 eis
1596 5937 1741 5994 contenta
1756 5947 1970 6010 quaecumque
1984 5932 2078 5996 etiam

2068 597 2074 604 .
2119 555 2173 610 An.
2188 558 2219 610 O.
2242 557 2314 608 1715
