4880 6982
149 569 250 621 61110.
272 567 340 620 1715

1036 587 1241 640 6161616111.
1272 570 1277 580 ’

369 715 612 791 promovendae,
634 715 768 776 11611116
791 714 967 776 necessariis
991 714 1112 776 imbua-

370 815 431 881 tur,
447 807 503 868 sub
516 809 656 885 auspiciis
678 809 776 870 616166
797 809 965 870 memoriae
980 809 1109 885 losepbi,

367 899 441 960 vium
465 902 597 975 viveret,
620 900 831 964 Romanorum
847 901 939 978 Regis
961 902 992 962 in
1013 901 1109 978 Impe-

369 1001 502 1056 ratorem
531 994 637 1068 electi,
660 1011 693 1056 ac
714 995 771 1058 sub
795 997 867 1058 cura
888 1002 919 1057 et
940 994 1111 1058 directione

367 1087 552 1150 clericorum
566 1088 756 1164 regularium
772 1088 931 1152 Societatis
946 1090 1013 1152 lesu
1028 1105 1112 1151 erec-

370 1188 436 1242 tum
458 1188 489 1241 et
511 1181 689 1244 institutum
705 1181 810 1256 luerit,
827 1181 966 1260 illudque
981 1183 1110 1244 dilectus

369 1273 449 1334 lilius
464 1281 569 1336 noster
581 1263 705 1338 Carolus
719 1273 888 1336 modernus
899 1275 1110 1338 Romanorum

367 1365 431 1428 Rex
452 1367 484 1428 in
514 1367 733 1446 imperatorem
761 1367 894 1442 electus,
924 1384 988 1430 non
1018 1370 1110 1430 modo

366 1475 504 1520 caesareo
526 1477 582 1523 suo
603 1461 774 1539 patrocinio
797 1463 947 1524 tuendum
969 1478 1111 1540 suscepe-

367 1553 419 1627 rit,
442 1569 552 1616 verum
568 1555 659 1616 etiam
674 1555 767 1616 certis
782 1555 893 1616 annuis
908 1556 1111 1634 proventibus

364 1647 409 1754 fta
431 1647 598 1708 liberaliter
624 1649 762 1724 auxerit,
785 1656 820 1710 ut
842 1650 923 1726 quod
952 1649 1023 1712 boic
1044 1649 1110 1728 piae

367 1757 473 1825 pausae
494 1758 510 1800 6
530 1740 593 1802 solo
614 1741 780 1802 austriacae
797 1743 905 1806 domus
926 1743 1112 1806 munificen-

369 1833 405 1892 tia
428 1840 460 1894 et
480 1833 593 1910 pietate
615 1834 789 1910 obvenerit,
803 1835 863 1896 iam
878 1835 1015 1897 valorem
1037 1853 1109 1914 qua-

366 1925 505 2002 draginta
528 1925 662 1988 millium
685 1929 874 1990 lloreuorum
895 1931 1036 2004 excedat3
1059 1946 1112 1991 cu-

366 2019 414 2080 ius
433 2019 578 2098 exemplo
593 2036 656 2082 161
671 2022 758 2099 pauci
782 2029 847 2084 tum
869 2021 1038 2084 saeculares
1052 2022 1110 2084 llo-

366 2111 450 2172 mani
484 2113 610 2191 lmperii
641 2114 793 2192 principes
814 2115 908 2190 moti,
931 2105 1014 2176 inter
1035 2132 1111 2194 quos

366 2204 484 2266 domini
504 2213 601 2268 status
623 2207 789 2285 superioris
811 2208 962 2282 austriae,
990 2208 1037 2270 vel
1060 2210 1110 2270 de-

368 2298 549 2360 terminatos
565 2300 595 2359 in
612 2300 708 2360 smem
730 2301 920 2378 praedictum
934 2301 1111 2363 alumnatus

366 2390 571 2466 instituerint,
595 2391 644 2453 vel
666 2400 765 2455 certos
786 2411 904 2456 annuos
925 2396 1042 2456 reditus
1061 2395 1111 2472 pie

367 2491 397 2545 et
419 2483 586 2546 liberaliter
608 2485 757 2563 impertiti
781 2486 909 2561 luerint,
923 2494 957 2549 ut
980 2488 1039 2548 iana
1056 2488 1112 2550 ibi-

365 2576 436 2638 dem
468 2593 531 2640 non
567 2579 815 2642 contemnendus
849 2582 1049 2644 alumnorum
1081 2591 1111 2644 et

365 2672 581 2734 ministrorum
604 2689 755 2735 numerus
780 2675 977 2736 manuteneri
999 2676 1109 2751 valeat,

366 2773 396 2826 61
411 2765 437 2824 si
448 2765 522 2842 quid
537 2767 691 2845 supererit
706 2768 738 2828 in
754 2767 937 2830 missionum
953 2785 1008 2846 pro
1023 2769 1111 2831 dictis

366 2859 471 2934 reguis
492 2869 524 2922 et
552 2861 719 2938 provinciis
749 2862 1027 2924 substentationem
1055 2862 1112 2924 im·

366 2951 459 3027 pendi
489 2955 601 3030 possit;
624 2969 696 3014 cum
722 2955 816 3019 etiam
839 2955 950 3017 lubrica
972 2956 1109 3016 eiusdem

366 3045 494 3122 Collegii
526 3063 581 3108 scu
612 3047 777 3110 Seminarii
810 3049 841 3110 in
873 3049 1109 3128 amplitudinem

365 3140 492 3201 aedilicii
520 3141 654 3214 redacta,
683 3141 821 3216 ecclesia,
846 3143 980 3221 speciem
1004 3143 1108 3220 templi

365 3235 565 3298 Betblecmici
587 3235 742 3310 reterens,
768 3237 926 3311 officinae,
957 3236 1107 3312 cubicula,

365 3327 484 3406 aliaque
506 3344 560 3406 pro
587 3329 747 3390 commoda
769 3339 799 3390 et
820 3331 941 3392 decenti
969 3331 1109 3392 alumno-

365 3437 447 3496 rum,
465 3423 682 3484 ministrorum
697 3423 891 3502 aliarumque
905 3439 1108 3502 personarum

364 3516 396 3577 in
418 3517 527 3579 eodem
554 3515 689 3594 collegio
715 3533 770 3580 seu
800 3517 975 3580 Seminario
996 3519 1110 3594 degen-

365 3610 446 3671 tium
468 3610 667 3686 habitatione,
685 3628 718 3673 ac
733 3625 788 3689 pro
809 3612 973 3687 regimine,
998 3613 1109 3688 guber-

364 3703 418 3764 nio
439 3709 470 3764 et
484 3703 611 3766 servitio
632 3705 705 3767 dicti
721 3703 849 3781 Collegit
871 3721 925 3767 seu
944 3705 1109 3768 Seminarii

364 3797 533 3858 necessaria
554 3797 689 3860 absoluta
711 3797 838 3873 luerint,
855 3799 1019 3878 ipsumque
1040 3799 1109 3860 Col-

363 3889 482 3965 legium
503 3906 557 3950 seu
579 3889 788 3953 Seminarium
810 3892 988 3954 necessariis
1008 3891 1109 3970 supel-

363 3982 528 4058 lectilibus,
542 3983 743 4046 benedicente
755 3987 897 4060 Domino,
915 3986 975 4046 iam
986 3987 1026 4046 sit
1041 4001 1109 4064 pro-

363 4093 482 4140 visum:

143 4187 197 4231 ero
213 4187 343 4232 emonam
403 4171 472 4245 52.
496 4169 556 4233 Nos
578 4173 773 4234 attendentes
794 4173 924 4250 collegii
939 4189 994 4236 seu
1011 4173 1111 4238 Semi-

127 4240 201 4286 11616
233 4241 345 4298 disposi-

127 4297 224 4340 tiones.

365 4265 445 4326 narii
466 4264 656 4326 erectionem
683 4265 859 4328 buiusmodi
881 4267 914 4328 in
936 4267 1108 4329 maximum

363 4357 528 4420 catholicae
540 4357 610 4420 srdei
622 4358 852 4420 incrementum
864 4359 930 4421 lore
941 4375 1107 4435 cessuram,

364 4452 567 4530 volentesque
601 4457 664 4512 tam
694 4451 782 4529 pium
820 4461 945 4531 tamque
972 4453 1108 4515 salutare

364 4559 456 4623 opus,
488 4552 640 4622 quantum
669 4561 740 4606 cum
768 4545 900 4608 Domino
926 4561 1106 4624 possumus,

363 4646 512 4716 perpetuo
534 4644 639 4699 nostro
661 4646 691 4700 et
713 4639 903 4717 spostolicae
932 4639 1018 4703 Sedis
1040 4657 1108 4702 rnu-

364 4731 484 4792 nimine
499 4731 659 4808 roborare3
683 4739 771 4794 motu
786 4734 910 4812 proprio
924 4749 989 4796 uon
1003 4732 1040 4794 ad
1054 4734 1109 4794 ali-

363 4826 451 4886 cuius
482 4825 570 4888 nobis
598 4840 691 4904 super
718 4827 775 4889 boc
806 4826 924 4888 oblatae
951 4827 1108 4906 petitionis

364 4918 559 4990 instantiam,
582 4918 633 4980 sed
655 4920 794 4980 61661161
815 4920 1109 5000 16161116111616616

364 5012 584 5074 deliberatione
604 5014 715 5074 nostris
737 5013 836 5092 deque
855 5014 1036 5092 apostolicae
1057 5031 1108 5093 po-

363 5106 481 5167 testatis
511 5106 721 5184 plenitudine,
744 5105 778 5166 ad
805 5107 859 5170 Dei
884 5108 1109 5186 omnipotentis

364 5198 498 5274 laudem,
520 5199 702 5279 sanctaeque
723 5200 818 5278 ipsius
834 5201 987 5264 Ecclesiae
1010 5203 1109 5264 incre-

364 5300 523 5368 mentum,
546 5293 801 5372 praecipuamque
828 5295 1003 5357 animarum
1028 5295 1110 5356 salu-

363 5391 440 5459 tem,
464 5385 592 5463 collegii
606 5403 661 5448 seu
676 5387 840 5455 Seminarii
860 5388 1003 5468 praedicti
1024 5405 1108 5451 erec-

365 5479 492 5554 tionem,
514 5481 557 5542 sic
578 5489 613 5542 11
634 5480 818 5560 praelector,
834 5483 956 5559 iactam,
973 5499 1108 5545 necnon

364 5573 466 5634 omnia
488 5580 518 5635 et
536 5573 657 5652 singula
672 5575 705 5638 in
720 5575 929 5638 instrumento
944 5593 1000 5638 seu
1014 5576 1107 5655 scrip

363 5668 441 5730 turis
460 5685 555 5746 super
575 5669 751 5732 huiusmodi
765 5669 955 5732 erectionem
969 5669 1107 5732 conlecto

360 5778 415 5824 seu
437 5761 595 5836 conlectis,
611 5777 747 5840 quorum
762 5771 886 5826 tenores
900 5781 934 5827 66
947 5764 973 5825 si
987 5765 1024 5826 de
1038 5780 1107 5826 ver-

362 5855 399 5916 bo
414 5853 597 5916 adverbum
612 5855 827 5918 insererentur
841 5856 946 5918 haberi
961 5857 1106 5919 volumus

361 5965 417 6029 pro
438 5951 601 6030 expressis,
617 5959 773 6028 contenta,
790 5951 871 6014 licita
887 5950 1105 6014 1611616116-

1167 721 1262 788 uesta‚
1279 729 1311 774 ac
1325 713 1417 775 sacris
1438 711 1616 786 canonibus,
1633 710 1761 775 concilii
1783 710 1909 772 Triden-

1167 805 1223 867 tini
1247 806 1376 868 decretis
1397 821 1429 866 ac
1451 805 1724 867 constitutionibus
1738 803 1909 882 apostolicis

1165 899 1297 961 minime
1319 899 1483 972 contraria,
1500 907 1530 960 61
1551 897 1624 960 inde
1646 898 1786 974 legitime
1807 903 1909 960 secuta

1166 1007 1389 1071 quaecumque,
1412 990 1573 1070 apostolica
1594 991 1785 1066 auctoritate,
1802 997 1910 1052 tenore

1165 1087 1387 1164 praesentium,
1404 1094 1552 1164 perpetuo
1573 1084 1776 1164 approbamus
1794 1091 1909 1146 61661-

1167 1179 1344 1253 firmamus,
1379 1179 1500 1257 illisque
1528 1185 1693 1257 perpetuae
1725 1177 1909 1240 inviolabilis

1166 1273 1347 1350 apostolicae
1373 1273 1526 1334 firmitatis
1555 1271 1650 1333 robur
1671 1270 1849 1345 adiicimus,
1876 1289 1909 1332 ac

1166 1383 1275 1428 omnes
1299 1375 1330 1428 et
1355 1366 1493 1442 singulos
1524 1373 1586 1426 tam
1613 1365 1688 1426 iuris
1716 1381 1808 1443 quam
1840 1364 1909 1426 lacti

1165 1469 1196 1522 et
1218 1461 1449 1524 solemnitatum
1472 1462 1503 1521 in
1529 1459 1573 1522 eis
1594 1459 1694 1520 lorsan
1727 1459 1909 1521 emissarum

1166 1554 1312 1630 delectus,
1333 1556 1358 1616 si
1384 1555 1437 1634 qni
1459 1555 1590 1632 desuper
1611 1553 1842 1631 quomodolibet
1863 1554 1909 1614 in-

1167 1649 1372 1722 tervenerint,
1391 1649 1423 1710 in
1445 1647 1560 1710 eisdem
1582 1646 1773 1726 supplemus,
1795 1645 1910 1707 eidem*-

1166 1758 1226 1818 que
1248 1742 1452 1818 Collegioseu
1474 1739 1646 1804 Seminario
1668 1737 1909 1802 deservientium

1166 1842 1196 1896 et
1218 1835 1250 1896 in
1271 1851 1307 1895 eo
1328 1834 1497 1913 respective
1518 1833 1700 1910 degentium
1721 1835 1856 1910 cortgruai
1877 1840 1908 1892 61

1166 1928 1287 1990 decenti
1318 1930 1559 2002 sustentatione,
1582 1944 1616 1989 66
1637 1927 1806 1990 officiorum
1838 1926 1909 1988 alia-

1166 2037 1299 2099 rumque
1321 2021 1531 2100 impensarum
1553 2020 1784 2099 quomodolibet
1805 2036 1910 2082 neces·

1165 2114 1315 2176 sariorum
1339 2115 1585 2193 supportatione,
1609 2113 1712 2175 omnia
1735 2121 1765 2176 ct
1786 2113 1907 2190 singula

1165 2208 1243 2269 bona
1264 2209 1389 2270 mobilia
1409 2217 1441 2270 61
1461 2207 1590 2282 stabilia,
1613 2223 1696 2268 sacra
1718 2215 1748 2268 61
1769 2206 1906 2284 prolana,

1165 2300 1274 2364 domus
1295 2302 1451 2376 videlicet,
1474 2302 1606 2379 praedia,
1622 2300 1768 2374 aedificia,
1791 2301 1907 2376 vineas,

1167 2395 1299 2469 reditus,
1322 2402 1509 2472 proventus,
1533 2396 1617 2470 iura,
1641 2395 1774 2454 actiones
1800 2393 1908 2454 etalio

1166 2505 1379 2566 quaecumque
1406 2489 1541 2552 cuiusvis
1572 2488 1713 2564 generis,
1744 2487 1855 2565 speciei
1877 2495 1909 2548 61

1166 2582 1319 2660 qualitatis
1339 2583 1413 2658 sint,
1430 2599 1463 2644 ac
1480 2581 1667 2660 ubicumque
1690 2581 1907 2643 1666111611-

1165 2683 1259 2750 stant,
1285 2693 1363 2754 quae
1378 2675 1479 2737 cidem
1500 2675 1638 2751 Collegio
1658 2690 1713 2736 scu
1736 2673 1909 2736 Seminario

1166 2769 1397 2847 quomodolibet
1423 2777 1453 2830 et
1475 2784 1671 2847 quocumque
1702 2768 1793 2829 titulo
1824 2784 1910 2831 nuno

1165 2870 1302 2940 spectant
1317 2869 1347 2923 et
1362 2861 1597 2940 quomodolibet
1608 2862 1641 2921 in
1660 2860 1802 2923 futurum
1824 2877 1909 2940 spec-

1168 2964 1230 3016 tare
1262 2962 1293 3016 et
1324 2955 1483 3034 pertinere
1517 2961 1645 3032 possunt
1675 2961 1706 3016 et
1737 2961 1907 3032 poterunt,

1165 3049 1286 3108 etiamsi
1318 3048 1387 3110 talia
1408 3048 1510 3110 lorcnt
1532 3063 1609 3126 qnae
1630 3047 1793 3126 specialem
1820 3063 1908 3108 men-

1167 3142 1284 3202 tionem
1305 3140 1514 3219 requirerent,
1531 3139 1623 3202 611611
1646 3141 1696 3202 1116
1718 3140 1819 3203 eidem
1841 3140 1908 3202 Col·

1165 3233 1246 3310 legio
1276 3249 1330 3295 seu
1363 3233 1535 3296 seminario
1566 3251 1581 3296 a
1613 3233 1765 3312 praedicto
1801 3233 1908 3295 Garolo

1165 3327 1377 3389 Romanorum
1404 3343 1478 3403 rege
1500 3327 1532 3388 in
1555 3328 1775 3406 imperatorem
1797 3326 1906 3399 electo,

1164 3420 1300 3499 dictique
1321 3420 1451 3482 Romani
1480 3421 1604 3499 lmperii
1633 3419 1822 3499 principibus
1845 3427 1906 3481 tam

1165 3513 1373 3576 ecclesiasticis
1401 3531 1493 3594 quam
1521 3515 1746 3589 saecularibus,
1780 3513 1907 3592 aliisque

1164 3608 1413 3671 christifidelibus
1434 3624 1488 3687 per
1510 3608 1593 3670 viam
1615 3609 1803 3684 testamenti,
1826 3607 1906 3670 codi-

1164 3701 1320 3776 cillorum,
1337 3702 1521 3778 legatorum,
1537 3701 1751 3778 donationum,
1774 3703 1908 3764 eleemo-

1164 3809 1326 3872 synarum,
1339 3794 1532 3873 aliarumque
1543 3795 1664 3872 piarum
1675 3795 1905 3872 elargiticnum,

1164 3904 1196 3949 ac
1218 3887 1289 3948 alias
1311 3887 1541 3966 quomodolibet
1563 3888 1622 3948 iana
1644 3888 1760 3964 relicta,
1783 3891 1904 3964 donata,

1164 3979 1232 4042 data
1253 3987 1284 4042 et
1306 3981 1443 4058 elargita,
1461 3996 1555 4060 quam
1577 3982 1608 4043 in
1631 3989 1787 4060 posterum
1810 3999 1907 4060 quan·

1163 4073 1337 4153 ducumque
1357 4083 1388 4136 61
1409 4076 1700 4153 quomodocumque
1727 4073 1907 4152 relinquen-

1164 4169 1210 4244 da,
1228 4170 1379 4243 donanda,
1402 4169 1499 4230 danda
1520 4175 1551 4229 et
1566 4167 1752 4244 elargienda,
1767 4169 1810 4229 ita
1824 4172 1904 4247 quod

1163 4265 1252 4327 liceat
1283 4277 1405 4340 semper
1427 4269 1457 4322 et
1478 4261 1564 4324 omni
1595 4269 1733 4339 tempore
1759 4263 1905 4341 praedicti

1165 4357 1294 4434 Collegii
1318 4372 1374 4418 seu
1399 4355 1564 4418 seminarii
1585 4356 1718 4430 rectori,
1739 4357 1907 4434 superiori·

1163 4452 1235 4526 bus,
1260 4449 1429 4524 ministris,
1452 4448 1581 4526 aliisque
1604 4449 1744 4526 personis
1768 4448 1804 4510 ad
1825 4449 1906 4510 eius-

1163 4547 1234 4608 dem
1256 4543 1384 4621 Collegii
1405 4557 1459 4606 seu
1482 4543 1644 4606 seminarii
1660 4543 1776 4606 reditus
1791 4550 1822 4605 et
1836 4559 1905 4622 pro·

1163 4648 1275 4702 ventus
1297 4637 1487 4714 exigendum
1511 4639 1672 4716 deputatis,
1695 4640 1745 4701 vel
1767 4642 1799 4704 iu
1821 4643 1906 4708 iutu-

1163 4751 1234 4797 rum
1248 4749 1303 4813 pro
1325 4741 1466 4811 tempore
1486 4731 1666 4810 deputandis
1682 4736 1811 4798 nomine
1832 4741 1905 4803 dicti

1164 4829 1292 4906 collegii
1313 4844 1367 4890 scu
1390 4826 1556 4891 Seminarii
1583 4828 1727 4890 omnium
1748 4841 1778 4894 61
1798 4833 1906 4912 singu·

1163 4923 1264 4986 lorum
1286 4922 1440 4984 bonorum
1461 4921 1632 4998 tractuum,
1650 4925 1817 5001 redituum,
1836 4944 1906 5005 pro-

1164 5025 1328 5091 ventuum,
1361 5015 1594 5091 elargitionum,
1625 5016 1903 5096 eleemosynarum,

1163 5109 1365 5172 donationum
1387 5108 1579 5188 aliarumque
1594 5127 1701 5172 rerum
1721 5111 1822 5174 eidem
1838 5115 1907 5176 Col·

1163 5203 1242 5279 legio
1263 5219 1317 5264 seu
1333 5202 1507 5265 seminario
1528 5204 1710 5266 donatarum
1725 5221 1758 5266 66
1771 5206 1908 5283 assigna-

1164 5301 1276 5369 tarum,
1299 5311 1332 5355 ac
1354 5295 1386 5355 in
1413 5301 1571 5372 posterum
1603 5297 1833 5374 quomodolibet
1854 5301 1907 5362 do-

1163 5390 1335 5450 nandarum
1351 5396 1381 5450 61
1395 5389 1647 5466 assignandarum
1662 5390 1789 5465 realem,
1805 5399 1908 5454 actua·

1164 5483 1224 5544 lem
1240 5490 1271 5544 61
1282 5485 1471 5562 corporalem
1486 5485 1720 5562 possessionem,
1736 5501 1790 5546 seo
1806 5486 1904 5563 quasi,

1163 5578 1282 5655 propria
1303 5579 1484 5640 auctoritate
1505 5585 1535 5639 et
1556 5579 1594 5640 de
1615 5577 1691 5640 lacto
1719 5578 1831 5656 absque
1852 5581 1905 5642 Or·

1162 5669 1271 5731 dinarii
1285 5669 1340 5732 loci
1352 5687 1407 5732 seu
1421 5670 1548 5734 alterius
1559 5671 1782 5750 cuiuscumque
1796 5671 1905 5735 iudicis

1162 5764 1303 5839 decreto,
1332 5764 1485 5826 sententia
1514 5765 1578 5826 sive
1607 5765 1779 5826 ministerio
1808 5765 1905 5828 libere

1161 5859 1390 5938 apprehendere
1412 5867 1443 5920 et
1463 5859 1601 5938 adipisci,
1625 5875 1659 5920 66
1683 5860 1905 5940 apprehensam

1162 5961 1193 6014 et
1214 5951 1354 6033 adeptam
1369 5953 1516 6030 retinere,
1533 5953 1721 6034 illorumque
1735 5956 1904 6034 respective

1831 575 1886 638 311
1939 573 1992 624 aa.
2007 574 2037 626 c.
2060 574 2127 625 1116
