4844 6990
351 532 406 597 16.
421 541 451 599 e.
473 530 541 598 1717
590 531 649 608 186

570 687 638 757 166;
655 678 757 742 eidem
772 673 913 738 1161161111
929 673 1065 752 dictique
1084 671 1214 748 Collegii
1230 687 1314 750 prae·

570 773 628 836 6111
643 789 698 851 666
709 780 849 849 tempore
860 769 1007 830 existenti
1020 783 1074 845 pro
1085 767 1152 828 eius
1163 781 1313 842 congrua,

570 871 655 931 iuxta
676 867 859 947 pontificalis
873 864 1032 942 dignitatis
1048 863 1248 940 exigentiam,
1265 879 1315 924 su·

570 961 759 1024 stentatione
779 974 976 1036 onerantque
997 957 1222 1035 praedictorum
1244 972 1317 1034 sup-

571 1055 757 1133 portatione,
781 1051 1008 1114 monasterium
1034 1049 1225 1129 praedictum
1248 1064 1315 1126 666-

571 1155 665 1225 petuo
697 1145 886 1218 alliceretur,
916 1151 951 1206 ut
982 1160 1020 1204 ex
1046 1142 1254 1220 praefectione
1285 1150 1315 1202 et

571 1239 732 1301 allectione
760 1237 936 1300 huiusmodi
963 1243 1030 1298 tum
1060 1234 1221 1312 temporali
1247 1241 1315 1296 turn

571 1331 723 1411 spirituali
744 1331 884 1392 eiusdem
907 1329 1035 1406 Collegit
1057 1329 1200 1390 61161166
1221 1327 1323 1388 11616-Ι

572 1439 699 1502 graecae
721 1423 824 1500 gentis
846 1421 1234 1484 huiusmodiindemnitati
1249 1435 1318 1497 per·

571 1526 745 1597 opportune
767 1516 943 1578 consultum
966 1515 1064 1590 foret,
1090 1513 1317 1576 monasterium

572 1611 763 1688 praedictum
784 1616 842 1671 etc.
866 1609 900 1669 61
922 1607 1112 1670 saecularem
1133 1613 1247 1666 statum
1270 1621 1316 1665 re-

573 1705 697 1766 dactum
728 1702 782 1764 661
815 1701 1050 1780 archiepiscopo
1080 1717 1136 1762 seu
1168 1700 1317 1778 Episcopo

573 1795 651 1858 ritus
673 1794 819 1873 praedicti
842 1794 975 1872 dictique
1003 1793 1132 1869 collegii
1155 1809 1210 1871 pro
1240 1801 1317 1854 tem·

573 1906 647 1968 pore
668 1888 813 1950 existenti
840 1885 987 1965 praesidi,
1017 1902 1072 1964 per
1100 1885 1172 1946 allas
1199 1892 1317 1946 nostras

574 1983 678 2044 literas
698 1981 756 2042 sub
783 1981 889 2042 datram
911 1995 953 2040 vv.
979 1979 1046 2041 idos
1069 1977 1147 2040 iunii
1176 1980 1318 2056 proxime

574 2074 744 2154 praeteriti,
758 2079 909 2150 perpetuo
923 2071 1117 2132 affecerimus
1132 2077 1162 2132 et
1174 2071 1316 2132 affectum

574 2183 639 2229 esse
666 2173 698 2228 et
719 2165 802 2239 fore,
825 2166 915 2242 eique
943 2173 1060 2225 elnon
1089 2164 1177 2225 alteri
1206 2163 1243 2224 16
1265 2163 1317 2224 1116

573 2275 629 2337 666
650 2266 790 2336 tempore
812 2264 939 2318 vacante
961 2257 1115 2334 provideri
1131 2256 1254 2330 debere,
1271 2257 1320 2318 61-

573 2353 646 2414 alem
677 2349 838 2428 apostolica
866 2349 1047 2410 auctoritate
1075 2348 1266 2410 voluerimus
1287 2356 1319 2410 et

573 2443 813 2519 decreverimus.
839 2441 876 2502 Et
890 2457 930 2502 ne
946 2442 1074 2502 iuvenes
1096 2441 1318 2516 italo-graecae

575 2536 675 2614 gentis
696 2535 874 2596 huiusmodi
895 2535 930 2594 61
953 2532 1048 2600 dictos
1068 2549 1167 2594 sacros
1189 2534 1319 2596 Ordines

574 2646 607 2696 se
628 2628 804 2708 promoveri
827 2627 926 2688 facere
947 2627 1117 2704 cupientes,
1137 2636 1167 2688 et
1190 2643 1245 2706 pro
1266 2629 1319 2692 Or·

575 2721 697 2784 dinibus
726 2720 798 2798 ipsis
825 2719 1028 2798 suscipiendis
1056 2721 1093 2784 61
1121 2720 1235 2783 Urbem
1265 2737 1319 2782 no-

574 2823 669 2876 stram
696 2813 782 2874 iuxta
809 2813 1067 2874 constitutionem
1090 2813 1142 2874 fel.
1166 2830 1227 2876 rec.
1253 2815 1319 2876 Cle-

575 2907 689 2968 mentis
700 2905 755 2966 PP.
771 2903 847 2966 Vlll.
863 2906 1104 2982 praedecessoris
1119 2906 1218 2968 nostri
1232 2907 1320 2966 desu-

575 3015 629 3078 per
651 2997 775 3072 editam,
793 2997 842 3058 eui
864 2997 963 3074 quoad
978 2998 1035 3059 froc
1050 3013 1194 3077 expresse
1209 3009 1239 3062 et
1254 3015 1321 3078 spe-

575 3092 694 3154 cialiter
725 3090 961 3166 derogavimus,
994 3091 1137 3154 accedere
1172 3092 1320 3154 debentes

575 3193 668 3264 prout
689 3184 836 3245 hactenus
857 3194 1062 3260 accesserunt,
1087 3185 1250 3248 ulteriores
1271 3203 1321 3248 66-

575 3277 716 3340 rumnosi
737 3276 858 3338 itineris
879 3290 1027 3352 expensas
1039 3277 1234 3356 periculaque
1256 3295 1322 3356 pas-

575 3371 640 3432 suri
664 3385 726 3430 non
748 3375 862 3442 essent,
876 3368 977 3430 eidem
1000 3371 1139 3432 antistiti
1161 3371 1235 3434 11611
1251 3372 1319 3436 Col·

575 3463 648 3539 legii
671 3461 799 3540 praesidi
821 3476 875 3538 pro
891 3469 1030 3539 tempore
1043 3463 1200 3539 existenti,
1215 3473 1248 3526 ut
1265 3467 1321 3544 ipsi

576 3557 608 3617 in
630 3555 703 3617 11611
726 3553 855 3629 collegit
876 3554 1002 3616 ecclesie
1022 3557 1126 3617 omnia
1148 3565 1178 3618 et
1199 3559 1320 3636 singula

576 3645 761 3726 pontificalia
785 3662 839 3724 pro
861 3646 949 3708 116116
969 3649 1062 3709 sacris
1083 3649 1243 3713 ordinibus
1259 3662 1320 3714 tam

575 3741 649 3804 11611
665 3738 794 3815 Collegii
809 3738 944 3801 alumnis
958 3757 1049 3817 quarn
1063 3741 1128 3804 aliis
1140 3744 1320 3822 italo-grae·

575 3835 618 3896 cis
640 3833 803 3910 utriusque
831 3832 921 3907 regni
944 3831 1064 3895 Siciliae
1085 3835 1159 3896 citra
1185 3845 1216 3898 61
1241 3838 1320 3900 61166

576 3927 710 3989 Pharum
723 3925 842 3999 incolis,
856 3931 887 3986 et
901 3927 998 4002 quoad
1016 3927 1129 3988 incolas
1144 3928 1319 3991 huiusmodi

577 4035 647 4080 cum
673 4019 769 4079 literis
802 4018 1055 4080 dimissorialibus
1086 4019 1320 4084 ordinariorum

576 4112 746 4189 respective
773 4127 916 4184 suorum,
945 4111 1150 4188 conferendis,
1177 4130 1320 4178 exercere

578 4205 673 4268 libere
688 4211 718 4266 et
735 4204 814 4266 licite
838 4203 967 4278 valeret,
992 4221 1047 4285 per
1067 4209 1251 4284 posteriores
1266 4226 1320 4272 66-

576 4305 653 4360 61666
675 4298 778 4359 literas
807 4297 962 4358 licentiam
988 4298 1175 4378 plenamque
1196 4301 1320 4364 faculta-

576 4392 767 4454 1616611616
796 4391 979 4452 auctoritate
1007 4393 1321 4469 66666666616666,61

577 4485 661 4558 alias,
684 4483 830 4562 6666116
852 4484 985 4559 singulis
1014 4486 1125 4546 nostris
1153 4487 1252 4549 literis
1274 4507 1321 4552 re-

576 4577 712 4654 spective
732 4577 864 4653 desuper
880 4577 1029 4655 expeditis
1044 4577 1165 4656 plenius
1181 4583 1322 4644 contine·

577 4677 640 4730 tor.
665 4667 725 4730 Nos
747 4669 861 4744 igitur,
884 4671 936 4747 qui
964 4686 1065 4748 nuper
1093 4671 1244 4736 Ecclesiae
1265 4678 1323 4738 Ar-

577 4761 804 4840 chiepiscopalis
826 4761 971 4822 Berroen.
989 4763 1067 4825 ritus
1089 4766 1189 4840 graeci
1213 4767 1321 4832 huius-

577 4857 672 4930 modi,
695 4854 827 4932 quaein
850 4855 985 4932 partibus
1012 4855 1184 4920 infidelium
1206 4863 1321 4922 consis-

578 4951 616 5012 tit
637 4959 707 5023 etc,
730 4955 815 5010 certo
833 4957 907 5008 tuuc
922 4964 1066 5027 expresso
1089 4953 1179 5013 morlo
1194 4956 1321 5031 pastoris

576 5043 684 5104 solatio
712 5043 870 5114 destituta,
900 5040 937 5102 de
959 5057 1088 5120 persona
1119 5061 1190 5106 ven.
1220 5047 1322 5110 fratris

577 5136 684 5198 Felicis
707 5133 859 5197 Samuelis
874 5133 988 5196 Rodota
1005 5137 1234 5218 archiepiscopi
1249 5141 1323 5202 Ber·

577 5245 664 5292 roen.
689 5230 777 5292 nobis
805 5236 836 5290 61
860 5227 1005 5290 iratribus
1038 5232 1150 5293 nostris
1182 5233 1220 5294 ob
1248 5234 1323 5296 insi-

577 5325 1320 5405 gnemmeritorumsuorumcumulumaccepto,

577 5421 613 5482 de
635 5421 818 5482 eorumdem
841 5418 972 5480 fratrum
993 5419 1138 5493 consilio,
1161 5421 1322 5496 6666161161

578 5514 759 5575 66616611616
785 5511 994 5590 providimus,
1018 5511 1181 5590 ipsumque
1204 5513 1266 5575 illic
1289 5513 1321 5574 in

577 5606 851 5684 airchiepiscopum
871 5611 903 5666 et
925 5612 1079 5683 pastorem
1101 5604 1320 5683 praefecimus,

579 5715 636 5761 666
662 5715 725 5761 666
746 5701 847 5761 eidem
875 5699 968 5762 Felici
1002 5698 1138 5762 Samueli
1164 5700 1323 5777 archiepi-

577 5793 725 5872 6666616
754 5794 834 5855 11616
856 5793 1044 5854 monasterio
1069 5793 1105 5854 61
1133 5792 1321 5864 saecularem

577 5894 693 5952 statum
716 5903 731 5947 6
754 5887 842 5949 nobis
863 5887 917 5964 sic,
941 5893 976 5949 ut
996 5886 1182 5966 praefertur,
1199 5888 1321 5949 redacto

1089 540 1269 600 1666661.
1294 547 1334 597 ne
1354 551 1383 596 6.
1408 539 1437 595 b.
1462 545 1544 596 6666
1566 541 1587 596 1.

1370 670 1552 748 affectuque,
1576 665 1832 746 116116666161161
1851 661 2118 740 66616611616666-

1371 764 1518 838 vidimus,
1542 762 1682 841 illudque
1705 761 1732 823 ei
1754 759 1955 834 contulimus,
1981 757 2115 834 6161166,

1371 865 1462 933 66661
1483 857 1515 917 16
1539 854 1766 933 praelectionis,
1779 853 1963 934 provisionis
1978 851 2118 914 6666116-

1374 950 1465 1012 tionis
1480 949 1707 1028 praedictarum
1722 947 1835 1009 nostris
1850 949 1983 1025 desuper
1998 961 2116 1024 respec-

1373 1043 1436 1104 tive
1456 1042 1609 1120 expeditis
1639 1041 1737 1102 literis
1757 1040 1901 1102 similiter
1924 1041 2115 1110 continetur,

1371 1135 1444 1198 dicti
1466 1135 1597 1212 collegii
1626 1135 1785 1212 regimen,
1807 1149 1914 1194 curam
1935 1141 1966 1196 et
1986 1133 2119 1195 admini-

1371 1229 1553 1290 strationem
1575 1228 1707 1307 praesidi
1731 1227 1800 1289 utili
1821 1244 1854 1289 ac
1875 1227 2045 1303 fructuoso,
2061 1245 2118 1307 666

1372 1340 1466 1402 quem
1488 1325 1572 1384 iuxta
1594 1323 1692 1385 ritum
1714 1323 1907 1400 praedictum
1928 1323 2118 1401 adspiritua-

1373 1418 1434 1479 lem
1455 1417 1593 1478 eiusdem
1610 1417 1782 1479 iuventutis
1805 1417 2118 1480 utilitatemcircum-

1374 1519 1488 1589 specte,
1512 1515 1604 1588 prout
1626 1511 1718 1572 enixe
1738 1509 1998 1588 concupiscimus,
2011 1511 2044 1572 in
2061 1512 2118 1572 bo·

1372 1604 1458 1666 mino
1481 1604 1547 1679 regi
1569 1611 1601 1664 61
1618 1602 1750 1664 feliciter
1765 1603 1934 1678 gubernari
1955 1603 2066 1677 valeat,
2083 1611 2119 1666 ut

1374 1697 1465 1771 infra,
1497 1696 1716 1770 committere,
1746 1698 1956 1774 eumdemque
1984 1697 2118 1758 Felicem

1374 1790 1549 1854 Samuelem
1561 1790 1835 1867 archiepiscopum
1848 1798 1921 1863 etc,
1937 1791 2119 1868 specialibus

1373 1882 1529 1945 favoribus
1550 1884 1694 1962 prosequi
1724 1882 1880 1957 volentes,
1904 1891 1935 1945 et
1955 1900 1971 1944 a
1993 1885 2119 1962 quibus-

1374 1977 1420 2037 vis
1441 1976 1783 2052 excommunicationis,
1801 1978 2012 2055 suspensionis
2027 1981 2119 2041 6116-

1374 2071 1513 2144 16611611,
1543 2071 1671 2148 61116666
1699 2071 1910 2134 ecclesiasticis
1935 2075 2117 2152 sententiis,

1374 2163 1511 2224 censuris
1533 2170 1564 2224 et
1584 2163 1704 2240 poenis,
1728 2181 1743 2224 a
1766 2165 1834 2224 iure
1848 2165 1898 2225 vel
1920 2165 1957 2225 ab
1979 2167 2118 2246 homine,

1374 2257 1482 2333 quavis
1504 2255 1662 2318 occasione
1687 2255 1737 2316 vel
1752 2258 1840 2318 causa
1865 2257 1944 2331 latis,
1960 2259 1986 2318 si
2006 2260 2120 2338 quibus

1374 2349 1603 2425 quomodolibet
1633 2349 1795 2410 innodatus
1822 2349 1941 2424 existit,
1967 2353 2002 2413 ad
2032 2353 2119 2416 61766-

1377 2449 1442 2502 tum
1457 2441 1666 2520 praesentium
1678 2441 1837 2503 dumtaxat
1851 2446 2118 2522 consequendum,

1375 2534 1486 2596 barum
1507 2535 1586 2595 serie
1606 2534 1799 2596 absolventes
1813 2539 1844 2597 et
1857 2537 2031 2600 absolutum
2054 2539 2119 2600 fore

1375 2636 1546 2701 censentes,
1569 2627 1857 2706 supplicationibus,
1886 2637 1973 2692 motu
1995 2633 2119 2710 proprio

1376 2728 1492 2793 nostro,
1517 2737 1555 2782 ex
1584 2721 1813 2782 6661166166111
1842 2723 2121 2800 166616661111666-

1376 2813 1460 2874 litate
1472 2813 1585 2874 nostris
1601 2823 1631 2874 61
1646 2813 1683 2874 16
1697 2814 1877 2890 66661611666
1888 2817 2046 2894 6616616116
2056 2817 2122 2895 ple-

1376 2905 1520 2967 nitudine
1554 2907 1745 2983 praedictum
1779 2907 1910 2970 Felicem
1942 2907 2120 2972 Samuelem

1376 2997 1646 3075 Archiepiscopum
1669 2998 1703 3060 in
1724 2999 1862 3062 eiusdem
1878 3000 2007 3077 Collegit
2022 3001 2120 3064 alum-

1376 3106 1501 3165 norum,
1528 3089 1757 3166 liagistrorum,
1785 3091 1949 3168 lectorum,
1974 3111 2122 3172 quorum-

1375 3199 1510 3261 cumque
1531 3183 1663 3244 aliorum
1685 3184 1900 3247 mirustrorum
1926 3195 1957 3248 61
1978 3203 2121 3265 persona-

1376 3291 1445 3337 rum
1468 3276 1569 3338 eidem
1590 3275 1728 3351 collegio
1750 3287 1887 3340 nuncet
1909 3294 1965 3358 pro
1981 3286 2121 3358 tempore

1376 3369 1606 3446 quomodolibet
1622 3369 1874 3444 inservientium,
1888 3369 2123 3451 liberumprae·

1376 3461 1473 3524 sidem
1495 3477 1567 3523 cum
1588 3460 1696 3535 liberat,
1718 3462 1862 3540 6166161
1883 3465 2122 3530 6666661116-

1377 3553 1554 3618 risdictione
1582 3554 1834 3632 6166616611616;
1861 3555 1903 3616 ita
1930 3559 2122 3636 6661116661

1375 3649 1530 3710 61661616
1558 3656 1590 3710 61
1619 3647 1740 3723 singula
1768 3649 1840 3712 dicti
1869 3649 2001 3726 Collegii
2029 3651 2120 3728 bona,

1376 3758 1425 3804 666
1446 3749 1478 3803 61
1504 3741 1707 3820 proprietates
1733 3740 1769 3802 ad
1797 3741 1914 3804 dictum
1946 3745 2122 3822 Collegium

1376 3835 1610 3912 quomodolibet
1633 3850 1717 3896 nunc
1738 3842 1769 3895 et
1790 3850 1846 3913 pro
1868 3844 2009 3914 tempore
2037 3854 2122 3916 spec-

1377 3927 1472 3989 tantia
1494 3935 1524 3988 et
1538 3928 1725 4006 ubicumque
1739 3928 1917 4002 existentia,
1930 3929 2121 4008 illorumque

1376 4019 1507 4095 fructus,
1524 4021 1642 4082 reditus
1657 4027 1688 4082 et
1702 4029 1884 4098 proventus,
1907 4023 1975 4084 iura
1990 4029 2021 4084 et
2035 4039 2123 4085 emo-

1376 4111 1514 4174 lumenta
1537 4129 1751 4192 quaecumque
1773 4129 1812 4174 ex
1833 4115 1877 4176 616
1891 4116 2123 4192 quomodolibet

1377 4205 1602 4284 provenientia,
1627 4205 1723 4267 libere
1735 4205 1960 4283 administrare,
1977 4209 2121 4288 611666

1377 4307 1526 4377 66616666
1547 4298 1619 4360 dicti
1650 4298 1779 4375 Collegit
1808 4315 1881 4362 usus
1902 4307 1933 4362 et
1955 4301 2120 4365 utilitatem

1376 4398 1573 4463 convertere,
1601 4389 1721 4467 aliaque
1748 4392 1853 4452 omnia
1875 4399 1905 4456 61
1935 4393 2058 4468 singula
2085 4398 2122 4458 61

1377 4483 1526 4544 maiorem
1548 4482 1621 4543 11611
1642 4482 1773 4558 Collegii
1794 4484 1994 4547 stabilitatem
2013 4503 2124 4566 perpe·

1379 4583 1468 4635 tuum
1494 4590 1527 4636 ac
1558 4573 1747 4648 feliciorem,
1780 4575 1950 4638 secundum
1984 4594 2037 4641 cor
2066 4597 2121 4642 no-

1376 4675 1493 4740 strum,
1521 4682 1696 4728 successum
1728 4683 1906 4746 procurare,
1936 4669 2124 4750 16666666-

1377 4776 1458 4835 rere,
1481 4760 1610 4836 666666
1634 4775 1691 4820 666
1710 4775 1772 4821 666
1796 4760 1939 4824 alumnos
1953 4763 1989 4824 ad
2004 4765 2123 4828 dictum

1378 4854 1552 4930 Collegium
1574 4853 1749 4926 admittere,
1773 4869 1887 4932 eosque
1909 4854 2055 4919 admissos
2070 4875 2124 4920 ex-

1378 4946 1512 5022 cludere,
1536 4946 1710 5022 magistros,
1727 4945 1856 5008 lectores
1871 4948 2008 5026 aliosque
2029 4950 2124 5012 mini·

1371 5043 1455 5100 61666
1476 5039 1577 5100 eidem
1600 5038 1737 5114 collegio
1759 5056 1814 5118 pro
1830 5048 1971 5119 tempore
1991 5043 2123 5104 inservi·

1379 5141 1475 5208 turos,
1505 5133 1639 5210 eligere,
1665 5149 1780 5210 eosque
1806 5135 1849 5196 sic
1876 5135 1988 5198 electos
2014 5144 2045 5198 61
2067 5153 2123 5214 666

1379 5234 1518 5305 tempore
1541 5227 1757 5302 inservientes,
1770 5229 1891 5305 quoties
1909 5230 1988 5291 ratio
2009 5230 2039 5292 id
2053 5247 2123 5293 sua-

1378 5319 1472 5394 16111,
1494 5321 1531 5381 ab
1552 5320 1661 5382 eodem
1682 5321 1809 5382 servitio
1831 5321 2010 5398 excludere,
2033 5323 2122 5387 alios—

1378 5429 1439 5490 que
1451 5415 1560 5489 dignos
1576 5413 1608 5474 in
1623 5429 1732 5475 eorum
1748 5415 1813 5476 loco
1829 5430 1961 5493 ponere:
1985 5433 2122 5482 necnon

1378 5522 1479 5568 unum
1500 5505 1718 5584 presbyterum
1741 5507 1900 5584 idoneum,
1912 5517 1947 5570 ut
1969 5510 2060 5586 infra,
2072 5529 2124 5591 ap·

1378 5601 1589 5678 probandum,
1619 5609 1650 5662 et
1674 5601 1712 5662 ab
1740 5602 1888 5681 Episcopo
1916 5603 2124 5666 bisinianensi

1378 5709 1464 5756 6666
1486 5702 1518 5755 61
1539 5710 1594 5773 666
1617 5702 1756 5771 tempore
1776 5695 2125 5770 existenteinstituen·

1377 5789 1452 5852 dum
1475 5778 1509 5852 16
1530 5787 1702 5865 praedictae
1717 5788 1897 5864 parochialis
1912 5789 2056 5850 ecclesiae
2070 5805 2123 5850 cu·

1377 5891 1480 5946 ratum
1502 5882 1539 5944 ad
1561 5882 1629 5969 eius
1650 5888 1766 5945 nutum
1793 5881 1995 5946 amovibilem
2023 5884 2124 5948 norni-

2149 519 2205 576 Διι.
2221 522 2254 576 O.
2277 514 2340 574 1731
