4836 6998
339 518 393 574 An.
408 521 438 576 c.
460 522 528 574 1732
578 519 637 582 tta

558 655 744 734 approbandi
766 663 798 717 et
819 653 1002 733 reprobandi
1014 655 1157 717 alumnos
1178 655 1303 733 presby·

559 756 640 812 teros
654 748 777 824 collegii
792 747 930 826 praelati,
946 755 1007 809 tarn
1023 749 1198 827 Europaeos
1209 765 1303 828 quam

558 842 715 916 Sirenses,
740 842 829 904 ludos
850 848 882 903 et
903 841 1039 904 cuiusvis
1054 841 1182 904 alterius
1204 842 1304 903 natio-

558 936 622 1009 nis,
655 943 817 1013 poslquam
845 934 972 998 Romam
1001 937 1222 1013 pervenerint,
1249 937 1303 1021 qui

556 1029 709 1105 evangelii
725 1029 919 1106 praedicandi
934 1030 1022 1090 causi
1037 1029 1068 1089 in
1089 1029 1199 1104 Indiae,
1216 1029 1303 1094 Sinas

557 1139 589 1184 ac
610 1138 705 1198 regua
727 1121 906 1196 adiacentia,
922 1121 1055 1199 aliasque
1072 1131 1171 1200 partes
1195 1121 1301 1184 inlide-

557 1216 634 1278 lium
656 1215 806 1294 proficisci
828 1214 956 1289 vellent,
981 1215 1120 1292 hancque
1144 1231 1230 1277 suam
1251 1231 1303 1277 vo·

556 1307 709 1370 tationem
737 1324 772 1370 ac
798 1305 992 1370 voluntatem
1022 1307 1117 1369 libere
1138 1316 1169 1369 et
1189 1307 1303 1386 absque

557 1402 620 1465 ullo
648 1399 850 1480 praecedente
878 1399 1054 1462 iuramento
1081 1400 1303 1479 explicaverint

555 1494 708 1572 superiori
723 1493 795 1556 dicti
812 1493 946 1570 collegii,
963 1493 1051 1554 cuius
1072 1499 1172 1570 partes
1195 1501 1300 1566 erunt,

555 1604 625 1650 cum
638 1587 701 1649 suis
712 1586 939 1649 consultoribus
951 1601 1005 1664 per
1015 1585 1225 1663 pluralitatem
1239 1585 1302 1646 sul-

556 1679 726 1756 lragiorum
748 1680 1001 1758 presbyterorum
1022 1678 1175 1739 vocalium
1197 1693 1303 1757 supra-

555 1773 653 1835 dictae
682 1771 936 1848 congregationis
958 1771 1065 1833 Sacrae
1091 1771 1237 1832 Familiae
1259 1771 1301 1832 le-

556 1867 665 1942 gitime
680 1865 797 1939 electis,
810 1880 919 1926 eorum
934 1863 1129 1925 vocationem
1144 1871 1175 1924 et
1190 1863 1300 1926 volun·

555 1965 651 2020 tatem
681 1957 858 2019 huiusmodi
891 1955 1092 2034 explorandi,
1124 1973 1157 2017 ac
1188 1955 1299 2018 deinde

555 2052 682 2114 nomina
703 2065 824 2124 corum,
847 2065 923 2128 quos
945 2050 980 2111 ad
999 2048 1192 2124 evangelicae
1214 2065 1299 2127 prae-

549 2144 712 2206 dicationis
734 2159 849 2204 munus
871 2141 1079 2204 exercendum
1106 2149 1191 2220 aptos
1211 2159 1298 2220 repe-

553 2238 647 2312 rerit,
680 2235 781 2297 eidem
813 2233 1055 2311 congregationi
1088 2235 1298 2297 cardinalium

555 2329 804 2404 transmittendi,
826 2329 862 2389 ad
884 2329 941 2388 hoc
965 2334 1000 2389 nt
1022 2328 1095 2389 dicti
1124 2327 1298 2390 cardinales

553 2423 621 2485 illos
648 2437 757 2484 omnes
778 2420 828 2482 vel
851 2437 960 2483 eorum
988 2421 1105 2499 aliquos
1130 2436 1297 2496 accersere,

552 2522 600 2590 et,
622 2532 700 2594 quos
726 2515 844 2576 habiles
865 2523 895 2576 et
922 2515 1048 2576 idoneos
1079 2515 1296 2589 iudicaverint,

551 2608 644 2670 sacris
666 2607 864 2670 missionibus
886 2609 964 2686 apud
987 2607 1147 2681 infideleS,
1169 2607 1298 2670 servatis

551 2703 645 2764 eliam
673 2701 919 2764 solemnitatibus
947 2702 979 2761 in
1001 2701 1154 2763 similibus
1180 2701 1297 2762 servari

551 2796 660 2870 solitis,
676 2794 831 2856 destinare
846 2794 974 2872 possint.
992 2795 1139 2856 ceterum
1160 2795 1194 2856 ad
1209 2809 1298 2856 eum-

494 2913 497 2923 ·
551 2886 1297 2965 demsuperioremcumsuisconsultoribusspe·

550 2989 633 3042 ctare
651 2980 773 3042 debebit
797 2995 927 3041 examen
953 2981 1095 3041 omnium
1121 2981 1153 3041 in
1178 2969 1296 3042 dictum

550 3073 717 3150 collegium
751 3073 846 3151 recipi
881 3073 1073 3152 petentium,
1108 3073 1296 3150 illorumque

550 3166 691 3228 admissio
712 3167 762 3226 vel
784 3165 930 3240 exclusio,
956 3172 1048 3243 prout
1076 3181 1148 3227 cum
1170 3165 1296 3243 plurali-

552 3267 612 3322 tate
638 3270 783 3322 votorum
806 3261 960 3324 dictorum
981 3260 1197 3322 consultorum
1213 3259 1297 3322 utili-

550 3351 605 3414 tati
621 3352 745 3432 praelati
761 3352 883 3429 collegii
899 3354 996 3430 magis
1011 3354 1043 3415 in
1058 3353 1190 3415 Domino
1205 3369 1296 3432 expe·

551 3447 617 3508 dire
638 3446 805 3508 censuerit.
1193 3461 1195 3466 ·

320 3607 325 3618 ,
363 3519 532 3620 concinatur
591 3539 659 3615 §2
683 3539 901 3614 comantem,
924 3539 1002 3601 sicut
1018 3538 1124 3600 eadem
1145 3539 1296 3616 expositio

318 3609 532 3718 critalant?

550 3632 767 3708 subiungebat,
785 3639 976 3693 memoratus
999 3631 1125 3694 carolus
1140 3648 1194 3693 rex
1210 3647 1296 3709 prae·

551 3726 640 3788 missa
656 3725 836 3802 apostolicae
848 3725 1091 3786 confirmationis
1106 3733 1229 3786 nostrae
1246 3741 1296 3803 pa-

550 3819 682 3881 trocinio
709 3816 896 3879 communiri
924 3817 1097 3894 plurimum
1125 3817 1291 3880 desideret:

549 3927 617 3987 nos,
639 3911 696 3989 piis
717 3909 811 3987 ipsius
823 3908 923 3971 caroli
939 3909 1020 3986 regis
1035 3910 1115 3971 votis
1129 3911 1185 3971 bac
1200 3912 1231 3971 in
1249 3926 1292 3984 re,

548 4011 702 4084 quantum
723 4018 795 4064 cum
816 4003 946 4064 Domino
969 4019 1144 4080 possumus,
1160 4003 1294 4080 benigne

548 4111 687 4158 annuere
719 4095 900 4174 cupientes,
932 4095 1112 4174 dictumque
1143 4095 1293 4158 allvarum

548 4187 741 4252 Cardinalem
763 4195 793 4248 et
815 4187 987 4265 praesulem
1007 4188 1189 4266 specialibus
1211 4187 1293 4250 lavo·

547 4282 633 4344 ribus
654 4288 685 4342 et
706 4281 976 4360 gratiisprosequi
1002 4281 1154 4356 volentes,
1177 4283 1293 4360 snppli-

547 4373 717 4436 cationibus
730 4372 869 4435 eiusdem
882 4371 984 4434 caroli
1000 4375 1081 4450 regis
1097 4375 1224 4436 nomine
1239 4389 1294 4436 no·

547 4467 592 4528 bis
613 4481 706 4544 super
727 4465 784 4527 boc
794 4464 957 4527 humiliter
978 4469 1126 4543 porrectis
1140 4467 1290 4541 inclinati,

547 4557 761 4620 fundationem
777 4555 929 4635 praelatae
944 4559 1199 4634 congregationis
1210 4575 1293 4637 pres·

547 4651 728 4729 byterorum
743 4649 958 4725 saecularium,
975 4666 1030 4712 seu
1048 4651 1168 4728 collegii
1186 4652 1293 4715 Sacrae

547 4743 694 4806 Familiae
716 4744 783 4805 lesu
806 4743 938 4819 christi,
960 4745 1040 4807 sicut
1068 4746 1291 4823 praemittitur,

546 4836 674 4911 factam,
703 4835 869 4898 dommodo
898 4837 979 4898 idem
1000 4837 1167 4914 collegium
1193 4855 1292 4901 rema·

547 4937 618 4991 neat
639 4930 813 4991 subiectum
841 4928 1012 5004 Ordinario,
1036 4931 1069 4992 in
1095 4931 1240 4993 omnibus
1261 4943 1291 4995 et

546 5037 602 5100 per
622 5023 741 5098 omnia,
769 5021 1031 5099 quemadmodum
1054 5024 1085 5084 in
1109 5031 1172 5085 tuto
1194 5041 1292 5100 regno

546 5113 690 5194 Neapolis
716 5121 789 5177 sunt
817 5113 977 5177 Ordinarlo
1005 5116 1159 5178 subiectae
1182 5119 1291 5179 domus

543 5213 577 5286 et
604 5205 748 5270 ecclesiae
769 5214 862 5286 atque
890 5223 1040 5285 personae
1071 5209 1293 5286 congregatio-

546 5315 624 5362 num
645 5299 775 5362 Oratorii
797 5299 828 5362 S.
854 5299 984 5379 Pbilippi
1010 5301 1095 5363 Nerii
1117 5319 1150 5365 ec
1165 5303 1291 5367 Piorum

545 5391 776 5471 Operariorum,
799 5398 829 5454 et
849 5393 907 5454 sub
927 5395 1119 5471 protectione
1139 5397 1224 5472 regit
1244 5413 1291 5459 so·

545 5485 612 5547 lum
640 5488 739 5564 quoad
769 5485 849 5547 bona
877 5487 1056 5565 temporalia
1088 5489 1234 5566 acquisita
1260 5499 1291 5553 et

545 5579 751 5656 acquirenda,
774 5580 955 5643 auctoritate
983 5581 1156 5659 apostolica,
1183 5589 1292 5646 tenore

546 5673 766 5752 praesentium,
780 5674 984 5754 approbamus
1004 5682 1037 5736 et
1057 5675 1290 5753 confirmamus,

587 5883 616 5942 (1)
631 5884 668 5926 lix
682 5885 785 5940 Regest.
801 5881 828 5928 in
842 5885 917 5930 arob.
933 5887 1004 5931 Brev.

1078 533 1142 582 lim.
1165 535 1257 580 PONT.
1281 533 1321 579 DE
1343 535 1371 579 Ρ.
1395 535 1424 580 F.
1450 537 1532 581 bans
1554 533 1575 579 1.

1359 653 1483 734 illisque
1513 656 1700 720 inviolabilis
1731 655 1913 737 apostolicae
1949 657 2105 719 firmitatis

1360 748 1454 811 robur
1472 749 1644 826 adiicimus,
1660 767 1693 814 ac
1713 767 1821 814 omnes
1842 759 1873 814 et
1886 750 2027 828 singulos
2043 758 2107 814 tam

1361 844 1435 904 luris
1464 859 1557 920 quam
1578 843 1649 906 lacti
1676 844 1824 920 delectus,
1847 846 1948 924 siqui
1975 846 2108 924 desuper

1360 935 1589 1014 quomodolibet
1610 937 1854 1013 intervenerint,
1878 937 2069 1016 supplemus.

1399 1029 1418 1103 ἓ
1432 1029 1460 1090 3.
1487 1029 1704 1106 Decernentes,
1721 1033 1843 1092 easdem
1864 1038 2042 1108 praesentes
2057 1030 2106 1094 lit·

1360 1127 1439 1182 teras
1461 1123 1575 1195 llrmas,
1593 1121 1706 1184 validas
1721 1131 1751 1184 et
1764 1122 1899 1190 efficaces
1920 1123 2054 1186 existere
2075 1131 2107 1186 et

1359 1211 1436 1290 lore,
1451 1230 1585 1292 suosque
1606 1213 1759 1292 plenarios
1780 1222 1811 1277 et
1825 1216 1966 1294 integros
1980 1215 2106 1278 effectus

1358 1307 1462 1366 sortiri
1484 1315 1515 1368 et
1536 1307 1690 1382 obtinere,
1707 1323 1740 1369 ac
1755 1307 1827 1384 illis,
1843 1311 1879 1371 ad
1895 1325 1971 1388 quos
1991 1317 2107 1388 spectat

1359 1404 1389 1459 et
1411 1414 1465 1476 pro
1494 1407 1634 1478 tempore
1660 1401 1917 1480 quandocumque
1945 1403 2104 1481 spectabit,

1358 1491 1390 1552 in
1406 1492 1551 1554 omnibus
1566 1500 1596 1554 et
1611 1509 1667 1572 per
1681 1495 1784 1555 omnia
1800 1494 1979 1572 plenissime
1996 1495 2106 1556 sullra-

1358 1584 1434 1659 garl,
1448 1592 1479 1646 et
1501 1585 1538 1646 ab
1558 1585 1602 1646 eis
1624 1587 1796 1664 respective
1818 1587 2038 1650 inviolabiliter
2053 1588 2107 1650 ob-

1358 1678 1488 1753 servari,
1509 1677 1614 1756 sicque
1629 1679 1659 1740 iu
1677 1679 1850 1757 praemissis
1871 1695 1926 1758 per
1941 1695 2105 1758 quoscum-

1357 1785 1418 1848 que
1439 1769 1565 1844 iudices,
1582 1771 1752 1832 ordinarios
1772 1779 1804 1832 et
1825 1771 1990 1849 delegatos,
2010 1773 2104 1835 etiam

1356 1878 1517 1924 causarum
1551 1862 1655 1939 palatii
1686 1864 1842 1941 apostolici
1876 1865 2040 1940 auditores,
2071 1881 2105 1927 ac

1356 1955 1453 2016 dictae
1482 1954 1513 2018 S.
1538 1956 1573 2018 ll.
1598 1955 1634 2017 Ε.
1661 1956 1854 2032 cardinales,
1881 1958 1973 2019 etlam
2003 1958 2041 2019 de
2062 1957 2105 2019 la-

1357 2053 1422 2109 tere
1451 2049 1590 2125 Legatos,
1622 2054 1651 2110 et
1678 2049 1763 2112 Sedis
1795 2049 1986 2128 Apostolicae
2014 2050 2104 2114 Nun·

1354 2140 1427 2216 clos,
1451 2141 1568 2204 sublata
1588 2142 1631 2203 eis
1653 2149 1684 2203 et
1703 2157 1815 2204 eorum
1843 2141 1969 2204 cullibet
1994 2146 2103 2221 quavis

1355 2234 1443 2296 aliter
1471 2234 1624 2296 iudicandi
1647 2243 1678 2296 et
1700 2235 1925 2313 interpretandi
1957 2235 2103 2298 lacultate

1354 2333 1385 2388 et
1407 2327 1601 2402 auctoritate,
1628 2327 1755 2390 iudicari
1777 2335 1808 2390 et
1829 2329 1951 2392 definiri
1976 2329 2100 2405 debere,

1336 2435 1387 2480 ac
1408 2419 1533 2480 irritum
1557 2427 1588 2481 et
1614 2421 1717 2495 inane,
1743 2420 1768 2481 si
1793 2437 1881 2482 secus
1905 2430 1998 2500 super
2018 2422 2101 2483 hisa

1353 2526 1524 2589 quoquam,
1552 2513 1659 2589 quavis
1687 2513 1868 2575 auctoritate
1893 2514 2028 2575 scienter
2051 2514 2099 2575 vel

1353 2603 1534 2680 ignoranter
1558 2605 1724 2682 contigerit
1748 2607 1904 2668 attentari.

1393 2699 1411 2771 ᾖ
1432 2697 1460 2757 t.
1484 2697 1552 2759 Non
1571 2688 1764 2762 obstantibus
1779 2699 1965 2778 praemissis,
1981 2716 2016 2762 ac
2029 2716 2099 2778 apo-

1352 2791 1467 2853 stolicis
1489 2799 1530 2866 et,
1548 2792 1580 2854 in
1603 2791 1830 2854 universalibus
1845 2792 1982 2854 conciliis
1997 2793 2096 2868 editis,

1353 2883 1551 2960 generalibus
1578 2882 1630 2946 vel
1657 2884 1837 2962 specialibus
1867 2885 2098 2948 constitutioni-

1353 2976 1408 3038 bus
1430 2983 1461 3038 et
1482 2977 1749 3052 ordinationibus,
1779 2993 1922 3052 necnon,
1945 2985 2099 3055 quatenus

1352 3085 1428 3149 opus
1449 3071 1500 3145 sit,
1523 3071 1695 3148 quibusvis,
1708 3071 1803 3132 etiam
1824 3071 2011 3146 iuramento,
2028 3089 2098 3135 con·

1353 3163 1529 3224 firmatione
1550 3163 1724 3242 apostolica,
1751 3163 1800 3224 vel
1822 3165 1930 3242 quavis
1952 3166 2098 3227 firmitate

1352 3255 1408 3316 aliai
1430 3256 1591 3330 roboratis,
1615 3255 1736 3317 statutis
1758 3262 1789 3318 et
1810 3256 2097 3332 consuetudinibus

1352 3348 1523 3426 privilegiis
1538 3363 1673 3426 qnoque,
1694 3347 1823 3410 indultis
1845 3356 1875 3410 et
1897 3349 2008 3412 litteris
2029 3365 2099 3428 apo-

1351 3441 2097 3521 stolicisincontrariumpraemissorumquomo-

1352 3535 1467 3596 dolibet
1487 3534 1649 3609 concessis,
1666 3535 1855 3595 confirmatis
1877 3541 1909 3596 et
1929 3535 2095 3612 innovatis3

1352 3628 1463 3705 quibus
1485 3627 1630 3689 omnibus
1652 3635 1682 3689 et
1703 3627 1845 3704 singulis,
1863 3627 1988 3690 illorum
2011 3635 2098 3690 tono-

1352 3738 1400 3782 res
1421 3721 1635 3800 praesentibus
1663 3737 1717 3799 pro
1739 3721 1831 3798 plene
1852 3727 1883 3781 et
1907 3721 2097 3783 sullicienter

1351 3815 1502 3893 expressis
1522 3831 1555 3875 ac
1576 3815 1614 3875 de
1635 3813 1731 3874 verbo
1753 3811 1788 3874 ad
1811 3813 1942 3874 verbum
1972 3813 2096 3875 insertis

1351 3907 1510 3981 babentes,
1534 3906 1594 3967 illis
1615 3904 1688 3966 alias
1703 3905 1735 3966 in
1750 3922 1806 3966 suo
1827 3906 1939 3967 robore
1953 3921 2097 3983 perman-

1350 4001 1441 4075 suris,
1457 4001 1493 4062 ad
1515 4000 1755 4078 praemissorum
1777 3999 1932 4074 ellectum,
1952 3999 2009 4062 bac
2030 4001 2096 4062 vice

1350 4097 1527 4168 dumtaxat,
1555 4093 1729 4172 specialiter
1749 4101 1781 4154 et
1801 4107 1946 4171 expresse
1970 4095 2096 4170 deroga-

1350 4205 1437 4264 mus3
1460 4187 1632 4264 ceterisque
1653 4185 1813 4247 contrariis
1835 4186 2093 4264 quibuscumque.

1390 4283 1501 4344 Datum
1529 4281 1661 4354 Romae,
1686 4279 1765 4356 apud
1796 4279 1825 4342 S.
1851 4279 1977 4340 blaciam
2005 4280 2096 4342 Maio·

1350 4389 1427 4446 rem,
1444 4373 1502 4433 sub
1523 4372 1638 4434 annulo
1656 4371 1824 4446 Piscatoris,
1841 4371 1891 4432 die
1912 4387 1968 4433 vrr.
1991 4371 2095 4450 aprilis

1350 4479 1555 4539 noccxxxu,
1571 4463 1680 4542 pontii.
1699 4463 1797 4526 nostri
1812 4479 1895 4525 anno
1909 4481 1945 4524 11.

1597 4717 1847 4726 ...m—...Q

1688 4931 1754 4995 Vll.

1351 5117 1525 5197 Confirmet
1549 5119 1712 5180 decretum
1735 5116 1773 5181 ub
1795 5115 1907 5182 adlata
1929 5125 1959 5182 ct
1981 5118 2095 5200 officic-

1388 5209 1471 5274 lt'bus
1496 5212 1760 5292 congregationis
1781 5211 2015 5275 ecclesiasticae
2035 5211 2095 5276 sul>

1343 5314 1347 5320 '
1388 5303 1630 5366 invocationes.
1642 5304 1731 5367 Petri
1743 5305 1779 5365 in
1791 5303 2014 5366 conuentuSS.
2028 5305 2095 5366 Tri·

1387 5397 1507 5459 oitutc's
1522 5397 1709 5462 Mtuicuouc
1725 5398 1875 5461 cortonice
1890 5402 2011 5460 erectae
2032 5397 2094 5458 edi·

1389 5495 1469 5562 turn,
1484 5503 1522 5549 rte
1532 5487 1725 5552 mutieribus
1738 5490 1775 5551 io
1785 5505 1896 5551 aarum
1912 5489 2092 5569 collegium,

1388 5581 1682 5756 Ζιὲῖξὲῑὸαῇ,)άοιητιε
1697 5590 1728 5647 et
1743 5583 1961 5648 dubitationes
1982 5589 2092 5662 potect

2135 517 2190 574 Aa.
2206 517 2241 572 c.
2263 517 2328 570 1732

2152 1036 2303 1086 Clausulas.

2138 2713 2334 2762 contrariorum
2409 2703 2410 2754 r

2117 2763 2265 2822 derogatio.
