4848 6990
331 532 520 594 tn.c.1osa
568 535 608 602 98
1069 553 1134 607 ron.
1158 555 1250 606 ronr.
1273 553 1314 606 ne
1335 553 1364 606 r.
1386 553 1416 606 r.
1440 553 1523 606 raas
1544 554 1565 606 r.
2122 535 2221 596 asc.
2242 533 2320 592 test

548 677 696 753 exactius,
718 693 796 758 quae
815 675 970 758 apostolici
991 679 1175 744 muniminis
1190 685 1288 759 patro·
1347 693 1417 740 rum
1439 677 1541 757 palatii
1556 677 1711 757 apostolici
1732 677 1897 753 auditores,
1919 673 2046 740 iudicari
2060 682 2092 740 et

548 772 630 836 clnio
652 773 847 848 roborantur,
870 773 957 838 nobis
982 781 1144 856 propterea
1164 774 1290 838 lrumili-
1346 771 1471 836 deliniri
1492 771 1614 848 debere,
1636 789 1669 835 ac
1690 772 1815 835 irritum
1837 778 1868 834 et
1883 773 1988 846 inane,
2000 771 2026 832 si
2046 788 2094 834 so-

549 871 597 928 ter
616 865 779 944 supplicari
799 867 913 940 fecisti,
938 876 972 932 ut
992 869 1025 932 in
1046 868 1219 948 praemissis
1239 884 1291 947 op·
1346 881 1401 928 cus
1420 880 1513 943 super
1537 864 1585 926 bis
1605 882 1621 926 a
1642 881 1798 944 quoquam
1825 865 1934 944 quavis
1960 865 2092 928 auctori-

549 966 684 1037 portune
704 961 878 1038 providere,
901 969 942 1037 et,
961 971 995 1024 ut
1016 961 1106 1038 infra,
1129 961 1292 1039 indulgere
1348 965 1421 1032 tate,
1443 957 1577 1020 scienter
1590 958 1641 1020 vel
1661 959 1854 1035 ignoranter,
1869 957 2035 1035 contigerit
2048 965 2093 1020 at·

549 1053 587 1114 de
608 1051 799 1128 benignitate
818 1054 979 1132 apostolica
996 1056 1214 1133 dignaremur;
1236 1069 1292 1118 nos
1348 1051 1473 1113 tentari.

549 1143 646 1221 igitur
667 1146 748 1208 votis
768 1147 829 1210 tuis
844 1148 905 1211 bac
925 1147 959 1210 in
980 1166 1025 1223 re,
1047 1156 1200 1228 quantum
1221 1163 1292 1210 cum
1361 1198 1363 1204 ,
1388 1144 1456 1219 54.
1480 1143 1549 1206 Non
1570 1145 1760 1209 obstantibus
1774 1147 1950 1226 praemissis
1965 1163 1999 1210 ac
2020 1162 2093 1209 con·

550 1235 681 1300 Domino
712 1255 895 1318 possumus,
918 1241 1127 1306 favorabiliter
1153 1257 1292 1306 annuere
1347 1237 1563 1300 stitutionibus
1584 1246 1615 1300 et
1636 1239 1882 1302 ordinationibus
1909 1240 2092 1318 apostolicis,

549 1329 701 1404 volentes,
716 1339 808 1412 teque
829 1349 845 1394 a
866 1334 1025 1413 quibusvis
1046 1335 1295 1399 excommunica·
1349 1346 1469 1394 necnon
1491 1339 1644 1409 quatenus
1665 1349 1742 1411 opus
1761 1333 1801 1395 sit
1821 1333 1945 1398 Ordinis
1965 1334 2093 1412 praefati

551 1423 656 1500 tionis,
677 1426 888 1504 suspensionis
912 1433 942 1490 et
969 1428 1136 1504 interdicti,
1164 1429 1293 1508 aliisque
1349 1423 1415 1486 aliis
1435 1439 1507 1488 cum
1527 1425 1688 1503 quibusvis
1701 1426 1797 1488 etiam
1818 1427 2005 1502 iuramento,
2021 1443 2092 1490 con·

549 1517 758 1582 ecclesiasticis
778 1521 953 1596 sententiis,
976 1523 1115 1585 censuris
1136 1529 1167 1584 et
1187 1519 1294 1600 poenis
1350 1518 1524 1580 firmatione
1544 1519 1723 1595 apostolica,
1747 1519 1797 1582 vel
1818 1523 1926 1599 quavis
1947 1522 2094 1584 firmitate

550 1610 672 1686 alure,
695 1612 745 1674 vel
770 1613 807 1674 ab
831 1613 959 1676 homine
986 1615 1095 1695 quavis
1124 1615 1292 1689 occasione,
1349 1609 1405 1672 alii
1427 1611 1577 1674 roboratis
1603 1613 1726 1676 statutis
1746 1619 1777 1675 et
1804 1613 2092 1689 consuetudinibus,

551 1704 600 1766 vel
622 1705 709 1766 eausa
732 1705 810 1782 latis,
826 1707 851 1768 si
869 1707 981 1787 quibus
1002 1708 1232 1787 quomodolibet
1247 1709 1294 1770 in·
1349 1703 1520 1781 privilegiis
1540 1721 1675 1784 quoque,
1698 1705 1826 1769 indultis
1840 1714 1871 1768 et
1892 1707 2003 1770 litteris
2024 1723 2093 1786 apo-

551 1797 681 1860 nodatus
712 1799 818 1862 existis
843 1801 879 1864 ad
907 1801 1051 1864 effectum
1082 1801 1293 1882 praesentium
1349 1796 1464 1859 stolicis
1485 1798 1517 1858 in
1545 1799 1737 1862 eontrarium
1759 1801 1998 1878 praemissorum
2019 1817 2095 1880 quo-

550 1897 672 1954 tantum
693 1892 945 1972 consequendum
968 1895 1078 1958 barum
1099 1895 1179 1958 serie
1199 1894 1296 1956 absol-
1350 1891 1518 1952 modolibet
1542 1892 1705 1968 concessis,
1737 1893 1926 1956 confirmatis
1953 1901 1984 1956 et
2005 1896 2095 1957 inno-

550 1993 671 2059 ventes,
694 1993 725 2048 et
751 1986 928 2052 absolutum
948 1987 1013 2052 fore
1036 1997 1215 2064 censentes,
1237 1987 1295 2050 hu·
1349 1983 1438 2046 vatis.
1454 1983 1570 2060 Quibus
1585 1985 1741 2062 omnibus,
1757 1993 1788 2048 et
1802 1987 1945 2065 singulis,
1968 1988 2094 2051 illorum

551 2078 684 2142 iusmodi
704 2079 977 2160 supplicationibus
991 2082 1131 2145 inclinati
1145 2083 1183 2144 de
1197 2096 1293 2144 venn.
1350 2083 1473 2138 tenores
1494 2079 1706 2156 praesentibus
1720 2095 1775 2159 pro
1789 2081 1882 2159 plene
1896 2089 1926 2144 et
1940 2081 2106 2144 sufllcienr

551 2171 683 2234 fratrum
705 2183 888 2237 nostrorum>
907 2175 938 2240 S.
966 2175 1001 2236 ll.
1025 2175 1060 2238 Ε.
1085 2174 1294 2238 Cardinalium
1349 2175 1397 2231 ter
1416 2172 1569 2249 expressis
1583 2180 1614 2234 et
1628 2173 1752 2236 insertis
1772 2174 1931 2249 babentes,
1947 2174 2008 2237 illis
2021 2174 2095 2236 alias

552 2266 684 2341 negotiis
705 2267 918 2345 Propagandae
931 2267 1015 2330 fidei
1036 2268 1293 2346 praepositorum,
1350 2263 1383 2324 in
1405 2279 1461 2326 suo
1482 2265 1591 2326 robore
1613 2267 1834 2345 permansuris,
1856 2266 1891 2328 ad
1913 2267 2094 2346 praemisso-

552 2358 585 2420 in
613 2371 748 2435 quorum
775 2357 1013 2434 congregatione
1038 2357 1168 2436 capitula
1193 2373 1208 2416 a
1230 2371 1294 2418 me·
1350 2372 1421 2418 rum
1443 2357 1587 2422 ellectum
1609 2360 1664 2424 ltac
1679 2361 1746 2424 vice
1766 2361 1925 2423 dumtaxat
1944 2361 2096 2440 spesoiali·

551 2459 670 2516 morato
681 2451 772 2512 Petro
787 2451 904 2514 blarino
917 2451 1058 2512 ministro
1074 2449 1211 2526 generali
1226 2465 1295 2528 por-
1350 2457 1442 2514 teret
1457 2467 1600 2529 expresse
1622 2455 1816 2532 derogamus,
1832 2455 2004 2534 ceterisque
2024 2469 2096 2518 cou-

551 2553 632 2608 recta
660 2559 752 2622 super
783 2545 862 2606 nova
888 2544 1034 2608 missione
1065 2543 1196 2606 fratrum
1222 2543 1294 2606 dicti
1351 2544 1453 2606 trariis
1474 2545 1732 2624 quibuscumque.

550 2638 672 2703 Ordinis
686 2637 854 2702 strictioris
868 2637 1085 2702 obsonanttae
1100 2636 1246 2712 erigenae
1260 2635 1294 2698 in
1390 2638 1502 2700 Datum
1517 2640 1644 2714 liomae,
1660 2641 1740 2719 apud
1753 2640 1786 2704 S.
1801 2640 1926 2705 Mariam
1936 2641 2093 2718 llaiorem,

551 2735 691 2812 Aegypto
711 2749 766 2796 seu
788 2733 979 2812 Copbtorum
996 2748 1094 2810 regno
1115 2732 1209 2794 relata
1229 2731 1295 2792 fue·
1349 2731 1407 2793 sub
1434 2732 1551 2796 annulo
1579 2732 1755 2808 Piscatoris,
1785 2733 1834 2797 die
1867 2751 1920 2796 xv.
1949 2735 2095 2798 februarii

552 2834 640 2902 runt,
661 2827 800 2902 consilio,
827 2841 883 2888 nos
904 2826 954 2888 illa
975 2825 1156 2910 auctoritate
1177 2832 1294 2904 aposto·
1350 2841 1575 2900 unctxxxvrr„
1597 2827 1793 2905 pontificatus
1814 2828 1912 2890 nostri
1934 2845 2016 2892 auno
2041 2845 2087 2890 xr.

552 2919 610 2982 lica
631 2927 738 2982 tenore
753 2919 974 2998 praesentium,
993 2919 1198 2998 approbando,
1216 2918 1295 2980 lirni-

547 3021 652 3076 tamus
663 3013 831 3091 capitulum
842 3015 1012 3076 seeundum
1026 3013 1058 3076 in
1070 3014 1103 3076 ea
1112 3021 1208 3092 parte,
1218 3005 1295 3090 quae

552 3107 711 3170 concernit
731 3123 901 3184 congruam
920 3107 1161 3184 assignationem
1185 3107 1297 3170 facien·
1670 3112 1783 3176 xxttt.

553 3203 622 3266 dam
637 3201 837 3274 Patriarobae,
853 3202 980 3279 aliisque
992 3202 1147 3281 Episcopis
1161 3203 1296 3264 nationis

554 3299 721 3375 Aegyptiae
737 3313 792 3358 seu
810 3295 942 3375 Copbtae
958 3297 1160 3358 decernentes
1184 3305 1220 3357 ut
1240 3297 1297 3358 boe
1354 3297 1464 3376 Erigit
1486 3298 1521 3359 iu
1546 3297 1829 3378 congregationem
1845 3301 2098 3380 confraternita-

553 3389 1297 3470 suumellectumnonsortiaturnisipriustam
1393 3397 1454 3452 tem
1483 3389 1789 3454 Betblebernlturom
1810 3393 1846 3454 in
1874 3394 1976 3456 indiis
2011 3389 2118 3456 Occi-'

554 3487 724 3548 Patriaroha
746 3503 839 3564 <quam
855 3487 993 3566 Episcopi
1007 3489 1135 3564 praefati
1152 3507 1167 3550 a
1182 3491 1299 3568 praefa-
1392 3483 1588 3556 dentalibus,
1605 3485 1674 3545 eius
1689 3501 1786 3548 nouus
1804 3486 2052 3548 constitutiones
2066 3494 2097 3549 et

555 3582 584 3642 ta
595 3580 806 3644 Cardinaliurn
822 3581 1067 3658 Congregatione
1081 3584 1297 3661 praescriptam
1392 3577 1563 3656 ittt'vt'lt’dt'd
1579 3578 1758 3657 confirmat,
1772 3579 1984 3656 exemptiones·
1996 3597 2034 3642 αθ
2049 3581 2097 3640 in-

555 3677 627 3740 fidei
648 3676 868 3755 professionem
894 3691 1002 3736 eorum
1025 3692 1119 3737 manu
1144 3677 1296 3754 subscrip·
1392 3671 1576 3749 dulgentiam
1597 3672 1626 3732 ei
1648 3673 1791 3733 concedit
1812 3673 1869 3750 (l).

556 3779 629 3846 nm,
645 3778 675 3831 et
690 3785 745 3848 per
766 3768 1021 3847 vicepraefectum
1040 3771 1141 3832 sideru
1169 3771 1296 3832 mitten-

556 3867 626 3929 dam
646 3862 823 3938 omiserint;
852 3877 973 3924 necnon
1003 3864 1132 3926 tertium
1160 3867 1298 3926 modera-
1519 3839 1773 3910 ΙΝΝθῦΕΝῘΙυθ
1797 3841 1857 3910 ΡΡ·
1882 3841 1929 3908 ΧΙ-

556 3976 628 4022 mur
643 3959 675 4020 in
690 3957 725 4018 el
739 3963 837 4034 parte,
855 3972 934 4036 quae
947 3965 1063 4034 spectat
1077 3958 1113 4018 ad
1128 3957 1298 4020 institutio-
1472 3963 1508 4030 ad
1531 3968 1702 4046 perpetuam
1728 3965 1770 4030 sei
1797 3964 1976 4030 memoriam,

556 4069 628 4116 nem
652 4051 771 4114 subolae
795 4050 1001 4128 speculativae
1025 4051 1188 4124 facultatis,
1211 4067 1297 4114 man-

556 4148 673 4220 dantes,
696 4152 731 4206 ut
760 4152 881 4206 tantum
903 4143 1028 4205 moralis
1049 4145 1241 4218 instituatur,
1264 4161 1297 4206 ac
1393 4140 1544 4203 Ecclesiae
1565 4140 1730 4222 catholicae
1750 4157 1805 4222 per
1826 4143 2011 4205 universum
2036 4148 2098 4204 ter-

555 4239 685 4302 omnino
699 4238 896 4318 prohibentes
911 4238 1102 4316 emptionem
1118 4237 1228 4299 (lomus
1243 4255 1298 4316 pro
1354 4250 1459 4296 rurum
1489 4234 1596 4296 orbern
1627 4235 1754 4298 diffusae
1785 4236 1948 4312 regimini,
1978 4237 2098 4298 meritis

557 4334 730 4414 puellarum
746 4332 961 4406 instructione,
978 4347 1056 4408 quae
1070 4329 1229 4394 dumtaxat
1245 4332 1298 4392 lie-
1354 4327 1425 4388 licet
1445 4327 1622 4406 imparibus,
1639 4335 1694 4406 pel·
1708 4328 1894 4391 ineffabilem
1909 4329 2033 4392 divinae
2053 4347 2099 4390 sa·

558 4429 584 4490 ri
605 4428 695 4490 debet
716 4428 748 4488 in
769 4425 898 4504 publicis
920 4424 1055 4488 ecclesiis
1075 4425 1125 4486 vel
1139 4425 1171 4486 in
1190 4439 1298 4486 earum
1354 4421 1489 4500 pientiae
1509 4428 1601 4500 atque
1615 4421 1760 4483 bonitatis
1774 4422 1992 4486 abundantiam
2014 4441 2101 4504 prae·
2155 4505 2157 4510 Ι

557 4521 689 4601 propriis
708 4518 849 4581 domibus
870 4529 1010 4596 tempore
1030 4519 1126 4595 magis
1147 4533 1296 4594 congruo.
1353 4515 1500 4587 sidentes,
1523 4514 1558 4576 ad
1580 4531 1626 4588 ea,
1649 4531 1704 4592 per
1725 4533 1804 4594 quae
1824 4517 1945 4594 pietatis
1965 4525 1997 4579 et
2020 4519 2101 4580 citri-

557 4615 707 4693 llenique,
730 4613 901 4692 propositos
922 4612 1129 4673 missionarios
1154 4611 1300 4690 approba·
1354 4607 1470 4670 stianae
1500 4608 1655 4670 charitatis
1685 4625 1776 4688 opera
1802 4610 1918 4689 ubique
1943 4611 2100 4686 locorum,

559 4725 644 4784 mue,
672 4707 754 4768 salva
781 4712 884 4768 tamen
915 4721 1038 4784 semper
1065 4705 1098 4766 in
1127 4705 1300 4783 praemissis
1356 4700 1536 4777 praesertim
1557 4699 1593 4760 ad
1614 4699 1813 4764 infirmorum
1836 4712 1866 4764 et
1887 4703 2103 4766 convalescen-

557 4800 739 4864 auetoritate
758 4799 948 4876 supradictae
960 4797 1214 4874 congregationis
1229 4799 1299 4861 Gar·
1358 4793 1436 4856 tium
1467 4793 1706 4856 subventionem
1728 4803 1758 4858 et
1773 4795 1952 4871 utilitatem,
1975 4797 2102 4874 provide

558 4894 719 4957 dinalium.
1356 4888 1589 4966 prudenterque
1607 4889 1802 4964 ordinantur,
1819 4891 1978 4967 propensis
1992 4890 2102 4952 studiis

370 4983 513 5034 clausurae.
597 4989 617 5062 5
637 4987 666 5048 3.
689 4986 895 5047 Decernentes
921 4984 1051 5063 pariter,
1073 4985 1195 5048 easdem
1215 5001 1301 5063 prae·
1357 4981 1560 5054 intendimus,
1584 4989 1614 5042 et
1632 4981 1877 5044 christifidelium
1901 4983 1933 5044 in
1955 4983 2102 5062 idipsum

511 5058 539 5129 0
557 5088 661 5144 sentes
672 5079 775 5142 literas
787 5080 901 5154 firmas
917 5077 1031 5139 validas
1042 5086 1073 5139 et
1089 5077 1223 5139 efficaces
1238 5079 1301 5139 exi-
1358 5072 1591 5135 laudabiliteret
1601 5074 1758 5136 fructuose
1769 5074 2018 5137 incumbentium
2030 5092 2102 5138 con·

558 5184 640 5238 stere
654 5180 685 5236 et
700 5173 777 5248 fore,
791 5188 924 5250 suosque
945 5172 1098 5250 plenarios
1118 5179 1149 5232 et
1164 5171 1302 5246 integros
1357 5165 1599 5230 fraternitatibus
1624 5169 1656 5228 in
1682 5168 1851 5231 visceribus
1881 5175 2025 5248 paternae
2050 5185 2101 5246 ge-

559 5269 686 5331 elleotus
706 5267 810 5328 sortiri
825 5273 855 5327 et
869 5265 1022 5338 obtinere,
1039 5281 1072 5326 ac
1087 5265 1159 5339 illis,
1176 5265 1211 5326 ad
1226 5279 1302 5342 quos
1357 5267 1462 5320 rentes
1493 5260 1666 5336 charitatis,
1693 5260 1774 5323 felici
1804 5261 1927 5323 illarum
1957 5263 2050 5324 statui
2070 5269 2102 5323 et

558 5369 674 5442 spectat
688 5368 720 5422 et
734 5375 789 5438 pro
810 5367 949 5438 tempore
969 5358 1127 5436 spectabit,
1150 5355 1302 5418 inomni·
1358 5367 1518 5430 prosperae
1542 5353 1574 5414 iu
1597 5355 1645 5415 viai
1669 5353 1890 5417 mandatorum
1914 5355 2038 5418 Domini
2058 5355 2103 5418 di·

560 5457 616 5518 bus
637 5461 667 5518 et
688 5470 744 5532 per
764 5452 867 5514 omnia
884 5451 1063 5530 plenissime
1083 5449 1256 5527 suffragari,
1272 5454 1302 5510 et
1358 5445 1488 5507 rectioni
1502 5525 1504 5532 Α
1520 5445 1654 5508 libenter
1682 5448 1896 5526 providemus,
1923 5447 2051 5526 illasque
2071 5455 2103 5510 et

561 5549 662 5611 abeis
686 5546 857 5625 respective
884 5545 1103 5608 inviolabiliter
1127 5543 1301 5618 observart3
1358 5553 1503 5619 personas
1525 5541 1557 5602 in
1579 5540 1623 5602 eis
1643 5541 1774 5602 Domino
1788 5541 1973 5604 famulantes
1993 5557 2103 5621 oppor-

560 5643 665 5720 sieque
686 5642 718 5703 in
745 5639 918 5720 praemissis
944 5655 999 5718 per
1025 5653 1236 5717 quoscumque
1257 5635 1303 5698 iu·
1359 5635 1442 5698 tuuis
1463 5633 1620 5698 favoribus
1640 5643 1672 5697 et
1693 5635 1798 5712 gratiis
1819 5638 2049 5716 prosequimur,
2064 5637 2103 5697 si-

560 5736 642 5798 dices
662 5735 835 5797 ordinarios
857 5741 887 5794 et
907 5731 1072 5808 delegatos,
1088 5731 1181 5792 etiam
1202 5746 1303 5791 causa·
1357 5739 1421 5804 cut,
1444 5744 1561 5804 rerum,
1585 5728 1734 5804 locorum,
1758 5737 1935 5809 temporum
1950 5737 1981 5792 et
2000 5746 2103 5808 perso·

602 5949 632 6013 (ll
648 5947 684 5994 Ex
698 5945 765 5994 null.
780 5945 819 5994 ed.
835 5944 932 5994 taurin.
948 5945 997 5994 vol.
1012 5945 1086 6004 lilx,
1100 5959 1157 6005 pag.
1173 5949 1222 6004 7³5,
1235 5947 1293 5992 coll.
1309 5957 1369 5992 curn
1384 5946 1457 5990 auth.
1474 5945 1500 5990 iu
1515 5946 1591 5990 ltrclr.
1607 5947 1680 5988 Brev.
