4878 6982
15 509 17 532 ¹
104 553 161 610 Διι.
175 555 207 610 (l.
228 550 299 608 1704
1001 571 1143 623 cququg
1163 569 1209 622 ῃ,
1798 541 1856 612 233
1906 539 1962 604 Aa.
1974 547 2006 604 ’0.
2027 533 2097 601 1704

327 689 431 754 omnia
451 697 606 770 peragunt
626 689 712 758 iuxta
733 689 812 756 ritus
832 709 866 758 ac
880 692 973 768 vires,
989 693 1072 758 adhi-
1128 691 1288 756 defunctos
1319 689 1534 770 progenitores
1564 687 1736 754 desertores
1763 704 1797 752 ac
1825 687 1876 752 do-

326 785 389 847 bita
409 785 503 847 etiam
534 785 727 850 caeremonia
748 785 926 850 effundendi
948 786 1071 862 vinum,
1128 792 1297 849 structores
1325 784 1500 861 insurgant,
1527 800 1641 862 eosque
1662 800 1696 846 ac
1717 781 1876 846 missioua·

326 885 468 956 quaeat
487 894 593 958 supra,
610 879 948 958 llioaplliorocator3
966 879 1073 942 herbas
1128 879 1190 940 rios
1221 893 1329 940 omues
1355 877 1449 940 minis
1473 893 1508 940 ae
1535 875 1802 955 persecutionibus
1823 889 1877 936 en-

324 971 420 1032 etiam
440 977 472 1034 et
487 973 626 1049 gramina
640 973 718 1036 cirea
733 973 908 1052 sepulturas
923 979 992 1034 uota
1006 989 1074 1034 era·
1128 971 1257 1048 agitent,
1280 978 1311 1033 et
1330 987 1349 1030 a
1368 985 1467 1048 regno
1487 970 1611 1048 penitus
1636 968 1812 1032 excludant.

325 1063 439 1139 dicam,
467 1072 614 1142 purgant,
643 1067 781 1144 ploranl3
804 1082 889 1140 mox,
912 1065 1008 1130 linitis
1029 1066 1071 1127 la·
1168 1064 1222 1138 lta,
1246 1064 1345 1142 quoad
1366 1063 1481 1126 laetum
1501 1063 1647 1141 pertinet,
1670 1068 1803 1126 testatur
1824 1077 1874 1139 pa·

324 1159 451 1235 erynnis,
474 1158 582 1220 oblatis
603 1165 789 1222 vescuntur,
1130 1163 1176 1218 ter
1197 1156 1325 1219 loannes
1346 1145 1524 1218 Franciscus
1544 1153 1583 1216 de
1609 1154 1741 1218 Nicolais
1762 1171 1778 1214 a
1800 1155 1878 1216 Leo·

364 1251 447 1314 hlias
476 1253 604 1330 insuper
634 1252 804 1315 oblationes
830 1260 899 1316 tum
919 1253 1073 1316 solemnes
1128 1249 1220 1323 nissa,
1242 1247 1382 1312 vicarius
1400 1248 1591 1328 Apostolious
1605 1247 1654 1310 Ha
1668 1248 1788 1323 Quang,
1806 1246 1877 1326 Epi·

325 1350 393 1406 tum
418 1344 524 1408 minus
553 1344 710 1408 solemnes
740 1347 886 1410 Sioeoses
907 1345 1006 1410 lacere
1027 1362 1074 1407 so
1128 1356 1237 1418 scopus
1258 1341 1446 1419 Berytensis,
1463 1339 1542 1418 apud
1557 1355 1651 1418 quern
1666 1348 1741 1402 sunt
1755 1339 1877 1400 ritualia

325 1436 392 1498 lent
412 1439 545 1501 mortuis
569 1439 830 1516 progenitoribus,
853 1439 1036 1517 praesertim
1057 1455 1073 1499 a
1129 1441 1181 1496 aut
1200 1439 1303 1496 textus
1317 1433 1451 1510 allegati,
1467 1449 1565 1512 eaque
1579 1432 1721 1494 exhibuit
1735 1440 1767 1495 et
1782 1433 1877 1494 inter-

324 1529 376 1592 die
409 1531 511 1594 obitus
545 1548 705 1611 usquequo
743 1533 921 1612 sepulturae
952 1534 1073 1594 tradan-
1130 1534 1316 1606 terpretatus
1337 1533 1395 1588 est.

326 1631 388 1698 tur,
404 1640 494 1702 quae,
510 1625 636 1706 excepta
650 1627 881 1689 circumstantie
896 1625 1004 1704 templi
1019 1641 1074 1688 seu

325 1718 419 1793 aedis,
442 1733 565 1780 necnon
596 1719 734 1784 vestium
760 1719 980 1800 speciosarum,
1002 1719 1075 1797 quia
1299 1713 1401 1792 Sapor
1422 1713 1536 1792 qrtiato
1557 1711 1711 1777 articulo.

324 1809 509 1887 lugubribus
536 1812 733 1876 uestimentis
754 1829 791 1876 eo
819 1820 958 1892 tempore
979 1819 1075 1874 utun·

325 1910 390 1975 tur,
410 1903 444 1966 in
465 1905 576 1968 ceteris
597 1923 668 1968 cum
699 1905 882 1985 supradictis
904 1907 1074 1985 respective
1169 1919 1191 1964 1.
1214 1901 1390 1978 Quaeritur,
1406 1917 1444 1966 au
1466 1899 1641 1963 christianis
1656 1899 1797 2004 permitti
1812 1916 1880 2003 pos·
1899 1903 2111 2016 tffsseifftiflffifm

325 1997 524 2060 concordant.
548 1998 587 2060 Et
608 1998 693 2062 ideo:
1129 1997 1170 2058 sit
1191 1997 1285 2060 dictas
1312 1993 1436 2056 tabellas
1461 1993 1698 2073 progenitorum
1724 1993 1756 2054 in
1779 1993 1879 2072 priva·

366 2106 407 2151 ιι,
430 2090 605 2166 Quaeritur,
628 2108 667 2153 au
689 2091 863 2155 christianis
886 2091 974 2154 liceat
989 2107 1075 2170 prae·
1130 2089 1169 2152 tis
1191 2087 1333 2152 domibus
1353 2087 1492 2150 retinere
1509 2102 1579 2148 cum
1594 2085 1799 2165 inscriptione
1814 2087 1879 2150 llio

325 2181 400 2244 latas
426 2183 606 2261 oblationes,
633 2185 713 2249 ritus
742 2204 776 2250 ac
796 2186 1005 2248 caeremonias
1026 2201 1074 2246 co·
1133 2183 1219 2254 Clau,
1248 2182 1312 2245 llio
1343 2179 1417 2242 (loci
1449 2181 1527 2259 ling
1557 2180 1648 2244 Goci:
1679 2178 1756 2241 idest
1782 2179 1879 2244 Thro-

326 2291 393 2337 ram
419 2276 603 2356 supradictis
633 2279 869 2356 progenitorum
901 2277 1019 2340 tabellis
1041 2276 1073 2338 in
1130 2293 1190 2339 nus
1210 2292 1266 2340 scu
1287 2277 1373 2338 sedes
1393 2275 1533 2353 spiritus,
1555 2289 1611 2336 seu
1631 2271 1752 2336 animae
1772 2271 1810 2336 N.
1828 2272 1882 2335 de-

326 2369 454 2446 privatis
475 2370 628 2446 domibus,
651 2372 816 2434 ueletiam
838 2373 870 2434 in
892 2371 1075 2434 eorumdem
1130 2369 1240 2434 lancti.

326 2461 562 2538 progenitorum
575 2465 761 2542 sepulchris,
774 2471 827 2528 aut
841 2471 1008 2542 antequam
1023 2465 1075 2526 de-
1171 2465 1222 2540 Et,
1244 2470 1398 2543 quatenns
1420 2461 1578 2538 negative,

325 2553 425 2618 iuneti
455 2555 602 2634 praedicti
631 2558 810 2637 sepulturae
837 2557 1010 2632 tradentur,
1041 2557 1074 2618 in
1171 2577 1205 2624 ιι.
1227 2557 1403 2633 Quaeritur,
1436 2571 1475 2616 an
1509 2555 1630 2630 saltem,
1652 2553 1756 2616 abrasa
1779 2553 1812 2614 ιι
1833 2553 1881 2614 in-

327 2664 438 2711 eorum
458 2650 612 2712 honorem
633 2651 701 2712 fieri
722 2657 896 2725 consuetos,
919 2650 982 2712 und
1001 2665 1073 2713 curo
1130 2653 1308 2732 scriptione,
1327 2648 1522 2713 solummodo
1536 2647 1674 2710 defuncti
1690 2647 1819 2710 nomine
1833 2647 1879 2708 in-

326 2741 494 2817 gentilibus
513 2741 564 2804 rel
577 2743 706 2804 seorsim
720 2759 880 2822 peragere,
897 2743 1004 2823 eisque
1018 2743 1075 2804 mi·
1130 2746 1255 2825 scripto,
1271 2750 1323 2808 aut
1341 2743 1378 2806 ad
1392 2757 1554 2806 summum
1567 2739 1761 2820 superaddita
1777 2739 1880 2802 littera

327 2835 459 2896 nistrare
478 2842 531 2898 aut
552 2835 713 2898 interesse.
1129 2839 1219 2910 Goei,
1241 2840 1338 2912 sedes,
1360 2853 1416 2899 seu
1436 2836 1577 2898 thronus.

366 2945 396 2988 v.
416 2927 594 3002 Quaeritur,
617 2945 657 2990 an
679 2929 854 2992 christianis
876 2929 964 2994 liceat
989 2944 1076 3007 prae·
1171 2933 1221 3007 lit,
1244 2937 1398 3010 quatenns
1420 2930 1576 3005 negative,

326 3020 401 3082 latas
432 3036 541 3083 omnes
566 3021 747 3096 oblationes,
769 3029 837 3084 tum
858 3022 1073 3096 solemniores,
1171 3043 1220 3088 ιιι.
1243 3025 1420 3099 Quaeritur,
1443 3039 1482 3086 an
1512 3021 1623 3084 saltem
1649 3037 1721 3084 cum
1749 3019 1883 3082 declara-

326 3120 396 3176 tum
423 3114 529 3176 minus
558 3114 725 3190 solemnes,
753 3130 878 3178 necnon
900 3115 975 3176 alios
996 3113 1075 3176 ritus
1131 3119 1216 3182 tione
1244 3133 1304 3196 qua
1334 3115 1508 3179 declaretur
1539 3130 1617 3193 quae
1637 3114 1678 3176 ιιι
1695 3111 1881 3176 ιιιιιιιιιιι-

326 3223 360 3269 ac
380 3208 601 3283 caeremonias,
631 3215 693 3270 tam
715 3209 748 3270 iu
768 3206 893 3270 aedibus
919 3223 975 3270 seu
997 3214 1076 3269 tem·
1131 3221 1204 3274 rum
1225 3211 1263 3274 de
1283 3208 1436 3272 defunctis
1458 3206 1544 3280 tides,
1567 3215 1598 3268 et
1619 3205 1718 3284 qualis
1743 3205 1882 3268 liliorum

326 3299 385 3378 plis
404 3298 637 3375 deiunctorum,
659 3315 754 3378 quam
774 3299 858 3362 domi
879 3307 911 3362 et
925 3301 958 3362 in
973 3301 1076 3378 sepul·
1131 3320 1164 3367 ac
1185 3309 1336 3382 nepotum
1358 3302 1390 3364 iu
1412 3299 1626 3378 progenitores
1639 3297 1734 3378 pietas
1749 3295 1881 3360 essede-

326 3391 420 3468 chris,
442 3398 535 3472 prout
554 3407 646 3470 supra
670 3393 785 3456 relatae
804 3401 890 3469 sunt,
913 3407 1073 3472 peragere,
1131 3396 1211 3458 beat.

327 3494 380 3549 aut
400 3487 444 3548 eis
463 3485 559 3548 simul
576 3502 648 3548 cum
664 3485 832 3562 gentilibus
847 3485 1008 3560 interesse,
1024 3485 1075 3548 vel

326 3579 359 3640 in
381 3579 425 3641 eis
445 3578 636 3653 ministrare,
651 3577 760 3640 saltem
775 3577 940 3655 praemissa
954 3577 1076 3656 publica
1180 3581 1282 3660 Super
1305 3581 1402 3644 tertio
1424 3579 1566 3644 articulo
1587 3585 1686 3642 antee
1707 3580 1832 3642 meiero.

326 3671 378 3734 rel
397 3671 513 3734 secreti
534 3671 750 3750 potestatione,
766 3687 817 3733 eos
837 3686 902 3733 non
917 3669 1074 3747 religioso,

326 3768 379 3830 sed
405 3767 490 3830 civili
521 3772 645 3828 lautum
666 3781 699 3827 ec
720 3765 843 3845 publico
871 3763 970 3839 cultu,
1003 3778 1075 3840 erge
1171 3769 1227 3834 Hie
1240 3769 1402 3849 quaeritur
1416 3767 1490 3846 quad
1504 3766 1736 3830 decernendum
1750 3767 1791 3828 ιιι
1802 3779 1881 3828 cirea
1915 3779 1949 3824 ιι
1964 3777 2037 3828 cuttu
2053 3780 2114 3826 eon·

326 3859 487 3924 deiunctae
513 3859 730 3936 progenitores
756 3861 831 3920 haec
857 3858 962 3920 omnia
989 3873 1077 3936 prae·
1132 3865 1260 3927 tertium
1282 3862 1449 3926 articulum
1476 3877 1568 3940 supra
1589 3861 1739 3923 omissum
1761 3856 1881 3922 tenoris
1902 3831 1972 3878 ¹⁰¹¹

325 3959 418 4027 stare,
441 3967 498 4015 uec
519 3953 556 4014 ab
576 3953 619 4014 eis
634 3951 803 4031 quidquam
818 3959 924 4030 petere
939 3959 993 4014 aut
1007 3967 1077 4030 spe-
1129 3957 1304 4036 sequentis:

326 4059 407 4108 rare.
1170 4050 1343 4126 ‹Quaesita
1364 4065 1457 4130 super
1476 4047 1628 4128 capitibus
1650 4047 1732 4109 inter
1752 4046 1882 4110 huiusce

366 4155 408 4200 vr.
432 4139 608 4213 Quaeritur,
625 4154 664 4200 an
680 4139 768 4202 liceat
781 4154 837 4201 seu
853 4138 993 4216 permitti
1009 4153 1076 4216 pos·
1130 4143 1285 4208 missionis
1316 4144 1471 4222 operarios
1501 4140 1726 4215 controversis,
1754 4153 1880 4203 summo

325 4231 365 4294 sit
385 4231 560 4294 christianis
580 4233 701 4294 easdem
720 4245 829 4293 omnes
843 4231 1013 4294 oblationes
1028 4247 1076 4294 rc·
1129 4237 1270 4318 pontifici
1295 4235 1470 4300 Alexandro
1491 4233 1557 4298 vlt.
1580 4231 1745 4314 proposita,
1771 4231 1880 4294 multis

326 4325 461 4403 Sl)eclile
492 4324 526 4386 1¹¹
557 4324 630 4388 ¹0⁰ss
659 4324 852 4403 supradictis,
885 4325 936 4386 vel
965 4325 1075 4388 saltem
1131 4332 1163 4394 in
1185 4332 1276 4394 rebus
1298 4345 1362 4392 non
1383 4345 1450 4391 esse
1472 4325 1605 4390 veridica
1624 4325 1830 4401 declaramusa
1847 4340 1881 4386 ae

326 4416 411 4478 dorni
436 4434 471 4480 ac
496 4416 715 4482 detunctorum
738 4417 920 4496 sepulchris,
946 4417 1074 4480 seorsim
1130 4425 1260 4506 proinde
1281 4423 1491 4486 missionarios
1519 4420 1674 4500 responsis
1695 4419 1732 4480 ab
1753 4419 1881 4497 Aposto-

326 4509 377 4571 Vel
397 4511 491 4572 &iiim
512 4525 583 4572 eum
606 4509 776 4587 gentilibus
795 4509 918 4584 Offerre,
940 4509 1075 4587 ἃὶῑθθίιῠθ
1130 4519 1187 4580 lica
1201 4519 1280 4580 Sede
1294 4524 1379 4580 reete
1393 4515 1521 4594 quidem
1534 4521 1567 4578 et
1577 4514 1735 4590 sapienter
1749 4527 1783 4573 ac
1794 4509 1882 4574 wiurata

327 4603 406 4665 rbus
420 4619 454 4665 ac
468 4602 677 4665 caeremonias
691 4617 852 4681 peragere,
868 4601 996 4664 sublatis
1010 4617 1077 4663 0111·
1130 4609 1375 4673 eirournstantlas
1396 4609 1429 4670 tn
1450 4607 1551 4670 debris
1570 4620 1728 4684 expressas
1742 4602 1820 4665 datie
1835 4603 1883 4664 in-

327 4695 404 4758 niuo
430 4695 651 4774 superstitiosis
677 4694 729 4757 vel
751 4695 982 4774 superstitionis
1009 4709 1075 4773 spe·
1131 4703 1189 4766 ῃιιι
1207 4720 1270 4766 non
1285 4703 1423 4782 possead
1438 4700 1586 4764 usitatum
1602 4695 1785 4778 apudsinas
1800 4695 1883 4758 Gon·

326 4790 407 4852 ciem
428 4789 721 4868 praeseferentibus,
739 4789 796 4851 hoe
815 4794 862 4850 est
883 4805 917 4850 ea
940 4795 1076 4851 tantum·
1131 4795 1207 4860 lucit
1227 4804 1259 4858 er
1278 4795 1516 4875 progenitorum
1546 4791 1665 4854 nurgum
1697 4788 1882 4870 pgrmpggffl.

326 4881 419 4944 modo
439 4881 608 4954 atterendo,
631 4897 721 4961 qnae,
737 4882 823 4944 iuxta
837 4880 928 4957 regni
943 4895 1074 4958 morem,
1132 4891 1208 4954 [tum
1221 4905 1252 4951 e.

326 4974 407 5038 vivis
427 4975 534 5038 ollerri
553 4974 667 5050 solent,
687 4981 719 5036 et
739 4989 812 5038 oum
826 4975 1029 5037 eaeremoniis
1044 4991 1078 5036 ac

326 5069 439 5132 ritibus
459 5084 532 5147 erga
553 5069 642 5130 vivos
660 5067 728 5130 lieri
743 5067 793 5130 rel
807 5067 947 5130 adhiberi
960 5067 1073 5130 solitis:
1313 5075 1415 5153 Sopor
1435 5079 1526 5136 remo
1547 5070 1701 5135 articulo.

326 5169 359 5226 et
378 5177 418 5226 aa
438 5163 497 5225 hoc
517 5162 628 5224 saltem
649 5162 749 5238 liceat,
772 5163 937 5240 praemissa
957 5177 1013 5223 seu
1027 5160 1076 5223 ad·

327 5256 421 5318 hibita
441 5255 615 5335 supradicta
636 5256 869 5360 protestatione.
1171 5261 1336 5337 Quaeritur
1365 5261 1438 5340 quid
1467 5259 1703 5322 decernendum
1729 5253 1770 5317 sit
1789 5266 1883 5331 super
1956 5269 1990 5315 oa
2009 5268 2115 5326 oureus-

366 5349 455 5411 llatio
476 5356 534 5424 est,
555 5349 638 5427 quia,
662 5349 723 5410 nisi
744 5349 819 5412 haee
837 5350 947 5412 saltem
966 5349 1077 5413 Sinen·
1131 5363 1219 5416 serto
1251 5353 1380 5416 articulo
1410 5352 1538 5433 praelati
1560 5350 1651 5414 edicti
1672 5348 1790 5410 domini
1811 5345 1885 5408 lllai·
1903 5320 2116 5424 ἣξῗξώξξοροθὶ·

327 5441 411 5504 sibus
442 5441 618 5504 christianis
649 5442 889 5546 permittantur,
922 5442 1011 5504 valde
1040 5443 1076 5503 ιι
1133 5454 1215 5525 grot,
1240 5446 1356 5508 tenoris
1377 5445 1550 5524 sequentis:

328 5537 481 5600 mendum
500 5543 558 5612 est,
582 5551 633 5611 ne,
653 5535 709 5612 qui
729 5535 917 5597 christiani
910 5551 970 5596 ram
990 5542 1075 5610 sunt,
1173 5541 1288 5603 «Cum
1319 5538 1472 5600 nonnulla
1500 5553 1556 5600 ιιι
1577 5535 1674 5599 verbo
1694 5550 1749 5598 seu
1770 5531 1884 5610 scripto

328 5629 525 5692 christianam
537 5630 724 5706 religionem
738 5628 862 5709 penitus
877 5627 1029 5704 obiiciant,
1045 5635 1078 5690 ιι
1133 5632 1273 5710 evulgari
1294 5629 1583 5706 animadvertimus,
1600 5644 1679 5708 quae
1696 5627 1836 5690 incautos
1851 5625 1883 5687 in

328 5721 382 5800 qui
402 5723 544 5785 nondum
564 5723 651 5784 illam
671 5739 844 5803 suscepere,
864 5723 896 5784 in
918 5729 1078 5800 posterum
1133 5739 1274 5788 errorem
1295 5725 1449 5790 inducunt
1469 5731 1501 5785 et
1523 5723 1606 5783 viam
1633 5723 1670 5784 ad
1690 5718 1885 5798 superstitio-

328 5813 510 5878 nullatcnus
530 5815 778 5894 amplectentum
801 5817 864 5878 imo
885 5816 918 5878 in
939 5814 1079 5878 christia·
1135 5833 1208 5880 nem
1229 5819 1427 5897 patefaciunt,
1450 5815 1537 5878 verbi
1559 5815 1672 5892 gratia:
1695 5845 1733 5860 -
1748 5811 1885 5876 Philoso-

328 5923 385 5972 nos
404 5914 565 5989 tamquam
591 5908 625 5971 in
650 5909 823 5990 patriorum
853 5909 975 5974 rituurn
1005 5922 1078 5987 erga
1135 5909 1252 5992 phiam,
1284 5926 1378 5993 quam
1409 5907 1502 5976 sinae
1531 5907 1731 5991 profitentur,
1752 5905 1779 5966 si
1806 5903 1886 5968 bene

439 6055 493 6111 latr.
509 6055 581 6108 Ριιιι
597 6055 628 6106 dr
641 6055 718 6126 Prop.
732 6053 796 6108 Flac
809 6055 892 6106 Perttr
905 6056 925 6108 t.
939 6018 995 6106 vo.
1009 6056 1041 6109 ιι.
1753 6050 1781 6110 ll
