4848 6990
311 563 501 620 An.e.xoso

553 569 609 634 l‘dO
714 563 717 570 ’

530 705 663 768 iusmodi
674 669 886 784 praesentibus
899 719 955 783 pro
970 703 1062 782 plene
1076 710 1107 765 et
1121 701 1275 764 sufficien-

532 809 579 863 ter
604 800 753 879 expressis
781 815 814 861 ac
835 800 873 862 de
893 797 988 859 verbo
1010 797 1045 859 ad
1067 796 1207 858 verbum
1229 795 1276 855 in·

530 895 620 956 sertis
651 893 813 968 babentes,
837 893 898 954 illis
930 892 1003 954 aliis
1025 891 1056 951 in
1078 905 1135 954 suo
1167 890 1276 951 robore

531 987 757 1066 permansuris,
779 987 815 1048 ad
842 986 1082 1065 praemissorum
1113 983 1273 1056 effectum,

530 1081 586 1142 bac
607 1082 676 1143 vice
696 1080 867 1156 dumtaxat,
889 1081 1062 1160 specialiter
1083 1086 1112 1140 et
1134 1093 1277 1157 expresse

531 1176 731 1251 derogamus,
755 1191 788 1236 ac
819 1175 1002 1250 derogatum
1025 1189 1090 1236 esse
1111 1171 1274 1246 volumus3

531 1267 704 1347 ceterisque
725 1267 889 1330 contrariis
909 1267 1166 1346 quibuscumque.

572 1361 683 1424 batum
714 1360 844 1435 Romae,
871 1362 952 1438 apud
973 1359 1004 1423 S.
1035 1360 1160 1422 Mariam
1186 1357 1278 1420 lfaio·

532 1471 610 1528 rem,
632 1454 691 1516 sub
711 1455 828 1517 annulo
851 1454 1021 1528 Piscatoris,
1044 1453 1091 1515 die
1108 1469 1137 1514 v.
1154 1450 1277 1528 augusti

533 1564 654 1609 nncxc.
678 1548 788 1626 pontif.
812 1548 909 1610 nostri
925 1563 1008 1610 anno
1033 1565 1054 1608 r.

875 1830 941 1893 Vll.

522 1983 711 2098 'Confirmat
734 2021 896 2083 decretam
919 2018 1105 2082 Cordinnlis
1125 2023 1282 2094 protecto-

499 2193 500 2196 *
575 2114 622 2174 ris
653 2129 750 2190 snper
779 2111 1073 2176 controversiis'de
1105 2107 1280 2170 residentia

345 2967 443 3013 Decisio
467 2966 518 3012 dic·

306 3026 389 3068 tarum
416 3025 518 3066 centro-

306 3076 445 3120 vorsiarum
454 3085 518 3118 com·

307 3131 384 3174 missa
400 3129 449 3172 fuit
463 3131 519 3172 Car-

307 3181 387 3244 dinali
418 3183 518 3238 protec-

306 3241 361 3281 torr.

574 2208 749 2287 generalis,
784 2209 847 2270 inco
876 2206 1111 2284 capitulorum,
1144 2203 1281 2279 aliisque

574 2301 663 2364 inter
684 2303 860 2382 generalem
881 2308 911 2362 et
941 2297 1091 2378 qnosdnvn
1117 2297 1281 2376 religiosos

579 2395 711 2458 Ordinis
734 2395 770 2458 B.
787 2395 916 2458 Ituraeis
939 2393 996 2454 Dei
1015 2389 1281 2470 congregationis

532 2563 536 2571 Ι
575 2489 749 2567 Hispaniae
771 2497 801 2550 ct
823 2487 991 2552 lndiarnrn
1012 2482 1067 2567 (l).

703 2658 934 2728 taetantes
959 2658 1018 2726 ΡΡ.
1044 2657 1114 2725 lflll.

669 2785 705 2853 ad
732 2785 861 2852 futuram
895 2783 938 2850 rei
968 2783 1147 2850 memoriam.

575 2965 594 3041 ἓ
618 2964 644 3025 f.
668 2962 785 3042 Nuper,
809 2977 864 3039 pro
885 2967 971 3039 parte
999 2959 1182 3022 dilectorum
1206 2959 1282 3020 frlio-

538 3073 609 3120 rum
629 3055 771 3119 moderni
792 3054 958 3132 superioris
980 3053 1131 3130 generalis
1146 3053 1285 3128 Congre-

537 3149 667 3229 gationis
689 3147 850 3226 Hispaniae
872 3145 994 3210 Ordinis
1015 3146 1048 3206 B.
1072 3145 1194 3207 loannis
1216 3145 1280 3219 Dei,

537 3261 570 3305 ac
584 3241 737 3306 Francisci
755 3239 866 3302 Pretell
877 3246 913 3300 et
934 3237 1085 3302 francisci
1101 3238 1230 3300 Alvarez
1246 3240 1282 3301 de

537 3334 679 3398 naevedo
691 3333 824 3395 fratrum
836 3346 979 3412 expresse
994 3330 1202 3410 professorum
1215 3346 1284 3410 pro·

537 3429 709 3491 vinciarum
730 3426 878 3490 Castellae
899 3431 931 3486 et
952 3423 1159 3502 Portugalliae
1185 3425 1283 3487 dictae

539 3519 805 3599 congregationis,
822 3517 910 3580 nobis
924 3517 1099 3597 expositum
1114 3517 1184 3594 fuit,
1201 3518 1281 3596 quod

537 3614 621 3696 (cum
643 3615 715 3676 alias
743 3612 925 3675 nonnullae·
943 3609 1171 3673 controversiae
1199 3611 1283 3673 inter

537 3707 683 3771 eumdem
703 3707 897 3786 superiorem
915 3703 1094 3782 generalem
1108 3721 1146 3766 ex
1160 3705 1233 3779 una,
1249 3720 1283 3766 ac

538 3803 632 3866 dictos
646 3802 844 3864 franciscum
858 3797 896 3861 de
910 3797 1026 3861 Pretell
1039 3805 1071 3860 et
1085 3798 1282 3860 franciscum

537 3897 667 3960 lllvarez
696 3897 732 3958 de
760 3893 914 3968 Azevedo,
942 3899 1004 3953 tam
1032 3892 1157 3970 proprio
1188 3907 1283 3970 quam

537 3989 747 4072 procuratorio
767 3987 894 4050 nomine
913 3985 1098 4049 dilectorum
1119 3985 1234 4063 pariter
1249 3985 1284 4045 fr-

536 4085 652 4146 liorum
678 4083 762 4144 Petri
789 4079 969 4144 fernandez
993 4078 1031 4140 de
1059 4078 1185 4158 ayllon,
1214 4079 1283 4142 Hie·

536 4177 661 4257 ronymi
680 4176 821 4239 Baeberii
835 4183 866 4237 et
880 4173 1013 4236 aliorum
1034 4172 1167 4236 fratrum
1186 4173 1283 4236 dictae

537 4269 794 4349 congregationis
821 4286 859 4330 ex
887 4267 981 4331 altera
1009 4267 1166 4346 partibus,
1195 4268 1231 4330 de
1253 4275 1284 4329 et

536 4381 628 4444 super
650 4366 716 4426 loco
737 4361 923 4426 residentiae
948 4361 1089 4424 eiusdem
1116 4359 1284 4438 superioris

538 4458 707 4535 generalis,
738 4471 860 4519 necnon
887 4453 1108 4518 convocatione
1129 4470 1185 4516 seu
1206 4455 1285 4516 cele-

538 4552 677 4613 bratione
697 4549 901 4630 capitulorum
918 4548 1113 4626 generalium
1135 4554 1166 4609 et
1188 4546 1284 4609 inter-

538 4645 712 4708 mediorum
733 4643 832 4706 dictae
847 4641 1116 4718 congregationis,
1131 4657 1164 4702 ac
1184 4641 1285 4720 priva·

539 4740 623 4802 tione
643 4755 698 4800 seu
719 4737 920 4817 suspensione
946 4735 1113 4814 supradicti
1144 4735 1226 4796 Petri
1248 4735 1285 4796 ab

538 4833 637 4896 officio
651 4831 865 4894 secretariatus
881 4829 1137 4906 Congregetionis
1152 4828 1286 4906 praedic·

540 4935 599 5001 tae,
616 4926 771 5004 rebusque
785 4923 851 4985 aliis
867 4923 957 4985 latius
972 4924 1004 4983 in
1020 4937 1163 5001 processu
1178 4938 1285 4986 causae

539 5020 687 5094 deductis,
703 5025 829 5080 exortae
843 5017 958 5096 essent)
980 5033 1036 5078 nos
1052 5016 1215 5092 negotium
1229 5016 1285 5077 bu·

540 5113 673 5177 iusmodi
694 5111 871 5174 remisimus
892 5111 929 5173 ad
951 5110 1101 5172 dilectum
1116 5109 1216 5170 filium
1231 5125 1286 5171 no·

538 5215 640 5270 strum
661 5205 826 5283 Gasparem
847 5203 877 5267 S.
888 5203 924 5264 R.
936 5203 971 5264 E.
985 5203 1200 5282 presbyterum
1215 5202 1287 5265 Car·

540 5301 674 5363 dinalem
701 5298 891 5376 Carpineum
918 5301 1133 5373 nuncupatum
1164 5293 1287 5359 Ordinis

539 5393 666 5474 praefati
693 5392 772 5470 apud
798 5403 853 5452 nos
880 5398 911 5451 et
938 5388 1050 5452 Sedem
1081 5387 1285 5467 apostolicam

540 5493 757 5567 protectorem,
786 5493 822 5548 ut
849 5483 1074 5548 controversias
1108 5482 1285 5564 praedictas,

541 5583 602 5643 iam
615 5581 736 5659 pridem
749 5580 783 5643 in
800 5579 1045 5657 congregatione
1060 5575 1287 5640 venerabilium

540 5675 673 5736 fratrum
693 5681 874 5736 nostrorum
894 5672 1033 5734 eiusdem
1056 5671 1086 5734 S.
1102 5669 1137 5732 n.
1155 5671 1190 5731 E.
1216 5670 1287 5733 Car·

540 5767 691 5830 dinalium
713 5765 845 5844 negotiis
866 5771 898 5828 et
918 5763 1196 5828 consultationibus
1216 5761 1286 5840 Epi·
1307 5811 1309 5818 .

581 5979 611 6040 (ll
625 5981 664 6026 Ex
678 5981 781 6036 Regest.
797 5979 824 6024 in
839 5978 913 6024 Arch.
929 5977 1001 6025 lires.

1048 584 1113 629 lun·
1137 580 1228 627 PONT·
1253 579 1294 624 DE
1315 579 1343 624 P·
1368 579 1397 624 F·
1421 581 1504 625 PARS
1526 578 1546 622 l.

1329 713 1492 777 scoparum
1507 705 1538 758 et
1552 695 1754 773 Regularium
1769 694 1939 774 praeposita
1953 703 2077 758 verten-

1331 800 1391 866 tes,
1414 790 1584 865 decideret,
1612 789 1718 868 eisque
1739 789 1880 851 debitum
1905 789 1999 851 frnem
2021 789 2078 851 im-

1330 892 1472 964 poneret.
1503 883 1592 945 Unde
1613 882 1696 944 idem
1717 881 1829 960 Gaspar
1857 882 2026 944 cardinalis
2048 897 2075 943 er

1331 984 1497 1056 protector,
1519 993 1590 1038 cum
1613 975 1729 1054 pluries
1750 983 1782 1038 et
1809 991 1885 1038 voce
1906 984 1936 1038 et
1957 977 2079 1054 scriptis

1332 1078 1496 1148 utramque
1518 1077 1637 1148 partem
1659 1084 1761 1130 coram
1782 1086 1815 1130 se
1836 1069 2013 1132 accersitam
2027 1086 2080 1130 au-

1333 1166 1470 1240 divisset,
1497 1165 1571 1226 visis
1591 1165 1724 1227 subinde
1738 1171 1769 1226 et
1784 1165 1981 1227 consideratis
2006 1163 2078 1226 dicti

1333 1259 1453 1323 Ordinis
1468 1259 1752 1334 constitutionibus
1772 1259 1966 1322 documentis
1980 1257 2079 1336 publi-

1333 1353 1387 1427 cis,
1410 1360 1538 1430 totoque
1563 1367 1707 1429 processu
1733 1367 1840 1414 causae
1866 1359 1897 1412 et
1919 1367 2076 1414 causarum

1333 1445 1367 1507 in
1389 1446 1525 1523 partibus
1546 1446 1635 1520 lacto,
1659 1445 1788 1524 aliisque
1813 1445 1957 1506 omnibus
1977 1460 2081 1506 neces-

1332 1539 1419 1602 sariis
1440 1547 1471 1601 et
1492 1539 1674 1617 opportunis
1695 1547 1817 1601 mature
1838 1538 2007 1617 perpensis,
2031 1539 2082 1599 de-

1334 1640 1454 1696 cretum
1476 1633 1572 1696 edidit
1600 1634 1717 1695 tenoris
1738 1633 1791 1712 qui
1813 1633 1973 1711 sequitur,
1996 1632 2080 1693 vide-

1335 1728 1420 1788 licet:

1375 1822 1521 1900 ‹Gaspar
1542 1820 1633 1882 titulo
1654 1819 1687 1884 S.
1710 1815 1826 1882 llariae
1848 1818 2078 1898 Transtgberim
2100 1825 2339 1926 unggffitffiqn-

1336 1915 1366 1978 S.
1391 1915 1426 1976 R.
1452 1915 1486 1976 Ε.
1510 1914 1670 1993 presbyter
1699 1913 1868 1977 cardinalis
1900 1914 2080 1993 Carpineus

1335 2008 1518 2072 sanctissimi
1547 2008 1666 2072 domini
1695 2008 1793 2070 nostri
1825 2007 1922 2086 Papae
1943 2005 2082 2068 Vicarius

1337 2100 1501 2178 generalis,
1517 2108 1549 2163 et
1561 2101 1682 2164 Ordinis
1697 2100 1775 2162 beati
1798 2099 1920 2162 loannis
1934 2100 1988 2161 Dei
2003 2100 2081 2177 apud

1337 2197 1478 2259 Sanctam
1502 2193 1613 2258 Sedem
1635 2201 1799 2273 protector.

1378 2306 1395 2347 a
1410 2288 1490 2350 Cum
1505 2287 1716 2349 sanctissimus
1730 2286 1875 2348 dominus
1894 2293 2000 2348 noster
2013 2286 2083 2349 flle-

1336 2382 1454 2444 xander
1475 2381 1530 2442 PP.
1556 2381 1634 2444 Vlll.
1663 2379 1811 2458 peculiari
1840 2380 1907 2442 eius
1935 2381 2082 2459 rescripto

1337 2489 1440 2535 coram
1463 2474 1550 2536 nobis
1572 2473 1721 2535 exibibito
1748 2472 1892 2550 dignatus
1921 2471 2015 2535 fuerit
2035 2489 2081 2532 ar-

1337 2567 1429 2629 bitrio
1450 2577 1555 2630 nostro
1576 2567 1712 2644 benigne
1732 2567 1940 2642 committere,
1963 2575 1998 2628 ut
2011 2581 2082 2629 con·

1338 2662 1502 2723 troversias
1524 2655 1633 2723 omnes
1649 2661 1708 2722 iam
1724 2659 1844 2738 pridem
1859 2661 1891 2722 in
1905 2661 1989 2722 sacra
2003 2661 2082 2723 Con·

1339 2755 1518 2832 gregatione
1541 2754 1861 2818 eminentissimorum
1882 2762 1912 2816 et
1938 2747 2091 2816 reveren·¹

1338 2835 2081 2911 dissimorumdominorumS.R.E.Gardinalium

1338 2941 1472 3017 negotiis
1497 2949 1528 3003 et
1553 2940 1832 3004 consultationibus
1863 2935 2082 3018 Episcoporum

1337 3041 1369 3096 et
1389 3033 1593 3110 Regularium
1620 3033 1788 3112 praeposita
1816 3041 1972 3096 vertentes
1999 3035 2083 3096 inter

1338 3127 1448 3188 fratres
1468 3129 1665 3190 franciscum
1692 3126 1806 3189 Pretell
1828 3133 1858 3188 et
1886 3127 2080 3189 franciscum

1338 3220 1468 3282 dlvarez
1490 3221 1632 3282 Azevedo
1654 3221 1777 3284 Ordinis
1791 3219 1870 3281 beati
1892 3219 2015 3281 loannis
2029 3220 2081 3281 lter

1337 3315 1370 3375 in
1391 3315 1495 3392 regnis
1517 3315 1751 3394 Hispaniarum,
1774 3320 1837 3375 tam
1864 3314 1993 3375 nomine
2013 3329 2083 3392 pro-

1337 3409 1415 3487 prio,
1428 3423 1522 3486 quam
1542 3409 1752 3487 procuratorio
1768 3407 1900 3470 fratrum
1915 3407 1997 3468 Petri
2011 3407 2084 3468 Fer·

1338 3503 1456 3564 nandez
1479 3503 1517 3564 de
1538 3501 1662 3580 ayllon,
1683 3501 1865 3580 Hieronymi
1887 3499 2036 3574 Baeberii,
2051 3509 2083 3562 et

1337 3594 1470 3657 aliorum
1491 3595 1524 3656 in
1546 3595 1677 3674 supplici
1699 3594 1802 3658 libello
1824 3593 1878 3658 SS.
1902 3594 1937 3655 l).
1955 3592 1991 3656 N.
2014 3609 2082 3673 por-

1337 3695 1421 3752 recto
1452 3689 1708 3762 enuntiatorum,
1738 3705 1776 3750 ex
1800 3687 1880 3762 una,
1910 3703 1943 3750 ac
1964 3695 2083 3766 patrem

1337 3782 1376 3846 fr.
1400 3782 1638 3846 Emmanuelem
1659 3782 1698 3844 de
1719 3783 1829 3844 Errera
1851 3787 2084 3862 procuratorem

1338 3876 1517 3954 generalem
1538 3876 1611 3939 dicti
1626 3875 1750 3939 Ordinis
1764 3876 1854 3952 regni
1869 3875 2083 3953 Hispaniarum

1338 3973 1371 4034 in
1392 3971 1530 4033 lfomana
1552 3971 1642 4034 Curia
1668 3971 1865 4045 existentem,
1888 3969 2026 4048 partibus
2047 3984 2084 4030 ex

1338 4065 1444 4141 altera,
1468 4066 1505 4127 de
1526 4071 1557 4126 et
1577 4079 1671 4143 super
1692 4064 1858 4128 residentia
1874 4064 2012 4125 eiusdem
2035 4077 2086 4142 pa-

1339 4160 1395 4221 tris
1417 4157 1580 4236 generalis,
1598 4157 1817 4220 convocatione
1836 4173 1892 4219 seu
1909 4155 2084 4219 celebratio-

1339 4270 1380 4314 ne
1400 4252 1608 4332 capitnlorum
1621 4241 1624 4248 ’
1630 4251 1825 4328 generalium
1840 4257 1871 4312 et
1886 4249 2086 4312 intermedio·

1339 4363 1430 4422 rum,
1463 4361 1585 4408 necnon
1616 4345 1819 4426 inquisitione
1848 4351 1880 4406 et
1915 4343 2085 4423 respective

1339 4439 1599 4502 condemnatione
1609 4438 1775 4517 supradicti
1787 4437 1880 4516 patris
1891 4437 1994 4498 fratris
2005 4436 2087 4497 Patri

1339 4533 1520 4594 fernandez
1542 4533 1580 4595 de
1601 4531 1713 4610 ayllon
1734 4533 1773 4594 ob
1794 4547 1897 4594 causas
1917 4531 1955 4594 de
1975 4531 2087 4610 quibus

1339 4627 1373 4687 in
1394 4641 1538 4705 processu
1560 4627 1693 4704 desuper
1714 4624 1853 4688 confecto
1875 4632 1906 4687 et
1926 4624 2014 4687 nobis
2035 4641 2087 4685 ex·

1340 4719 1457 4796 bibito,
1490 4719 1643 4798 rebusque
1671 4719 1738 4780 aliis
1759 4733 1862 4781 coram
1883 4717 1972 4780 nobis
1997 4717 2086 4779 latius

1340 4812 1496 4888 deductis,
1519 4813 1746 4888 decideremus,
1768 4829 1802 4874 ac
1823 4811 1963 4876 debitum
1989 4811 2087 4873 finem

1341 4906 1423 4969 hisce
1437 4907 1543 4970 litibus
1556 4913 1588 4968 et
1602 4906 1822 4968 controversiis
1843 4906 2086 4983 imponeremus,

1340 5017 1476 5080 cumque
1487 5001 1521 5062 ad
1538 5001 1610 5062 baec
1632 4999 1803 5078 peragenda
1825 5005 1917 5077 atque
1938 4999 2088 5062 definien-

1341 5095 1377 5157 da
1409 5094 1526 5173 pluries
1554 5102 1585 5156 et
1616 5109 1691 5158 voce
1711 5102 1743 5156 et
1772 5094 1893 5172 scriptis
1925 5101 2088 5171 utramque

1342 5197 1463 5266 partem
1490 5203 1592 5251 coram
1619 5187 1707 5250 nobis
1732 5188 1910 5250 accersitam
1934 5185 2088 5250 audiveri-

1342 5297 1423 5358 mus
1440 5287 1470 5344 et
1491 5279 1603 5344 deinde
1623 5281 1696 5342 visis
1711 5289 1741 5342 et
1756 5279 1954 5342 consideratis
1965 5277 2087 5343 Ordinis

1343 5376 1488 5456 praedicti
1509 5375 1794 5451 constitutionibus,
1818 5371 2011 5436 documentis
2031 5389 2089 5452 pu·

1342 5473 1438 5547 blicis,
1463 5478 1589 5550 totoque
1603 5487 1746 5550 processu
1761 5485 1868 5532 causae
1882 5478 1914 5532 et
1927 5483 2087 5532 causarum

1343 5567 1375 5628 in
1396 5567 1535 5646 partibus
1556 5566 1645 5642 facto,
1669 5565 1797 5643 aliisque
1818 5565 1963 5627 omnibus
1984 5579 2088 5626 neces·

1342 5655 1429 5722 sdriis
1450 5668 1481 5723 et
1502 5659 1695 5739 opportunis,
1712 5659 1785 5720 visis
1800 5657 1950 5735 videndis,
1968 5669 2089 5721 mature

1343 5759 1512 5837 perpensis,
1535 5756 1661 5819 tandem
1675 5753 1711 5815 ad
1726 5753 1871 5817 omnium
1892 5753 2001 5814 harum
2017 5767 2091 5814 con—
