<?xml version="1.0" encoding="UTF-8"?>
<!DOCTYPE html PUBLIC "-//W3C//DTD XHTML 1.0 Transitional//EN"
    "http://www.w3.org/TR/xhtml1/DTD/xhtml1-transitional.dtd">
<html xmlns="http://www.w3.org/1999/xhtml" xml:lang="en" lang="en">
 <head>
  <title>
</title>
<meta http-equiv="Content-Type" content="text/html;charset=utf-8" />
  <meta name='ocr-system' content='tesseract 3.04.00' />
  <meta name='ocr-capabilities' content='ocr_page ocr_carea ocr_par ocr_line ocrx_word'/>
</head>
<body>
  <div class='ocr_page' id='page_1' title='image "./iurispontificii04martgoog_0412.png"; bbox 0 0 4836 6998; ppageno 0'>
   <div class='ocr_carea' id='block_1_1' title="bbox 362 558 2338 626">
    <p class='ocr_par' dir='ltr' id='par_1_1' title="bbox 362 558 2338 626">
     <span class='ocr_line' id='line_1_1' title="bbox 362 558 2338 626; baseline -0.004 0"><span class='ocrx_word' id='word_1_1' title='bbox 362 560 417 615; x_wconf 76' lang='lat' dir='ltr'>tn.</span> <span class='ocrx_word' id='word_1_2' title='bbox 431 564 461 616; x_wconf 79' lang='lat'>0·</span> <span class='ocrx_word' id='word_1_3' title='bbox 483 563 551 616; x_wconf 78' lang='lat'><strong>1727</strong></span> <span class='ocrx_word' id='word_1_4' title='bbox 600 561 658 626; x_wconf 78' lang='lat' dir='ltr'>ldl</span> <span class='ocrx_word' id='word_1_5' title='bbox 1021 575 1026 586; x_wconf 93' lang='lat'><em>·</em></span> <span class='ocrx_word' id='word_1_6' title='bbox 1101 577 1166 622; x_wconf 86' lang='lat' dir='ltr'>run.</span> <span class='ocrx_word' id='word_1_7' title='bbox 1190 576 1281 622; x_wconf 85' lang='lat' dir='ltr'>roua.</span> <span class='ocrx_word' id='word_1_8' title='bbox 1305 575 1345 621; x_wconf 82' lang='lat' dir='ltr'>na</span> <span class='ocrx_word' id='word_1_9' title='bbox 1366 573 1395 620; x_wconf 87' lang='lat' dir='ltr'>r.</span> <span class='ocrx_word' id='word_1_10' title='bbox 1418 575 1447 621; x_wconf 83' lang='lat' dir='ltr'>v.</span> <span class='ocrx_word' id='word_1_11' title='bbox 1472 575 1553 621; x_wconf 79' lang='lat' dir='ltr'>nans</span> <span class='ocrx_word' id='word_1_12' title='bbox 1575 576 1597 620; x_wconf 89' lang='lat' dir='ltr'>r.</span> <span class='ocrx_word' id='word_1_13' title='bbox 2154 559 2212 612; x_wconf 69' lang='lat' dir='ltr'>An-</span> <span class='ocrx_word' id='word_1_14' title='bbox 2227 558 2261 612; x_wconf 79' lang='lat'>0·</span> <span class='ocrx_word' id='word_1_15' title='bbox 2281 559 2338 613; x_wconf 75' lang='lat' dir='ltr'>tosa</span> 
     </span>
    </p>
   </div>
   <div class='ocr_carea' id='block_1_2' title="bbox 347 694 2391 4806">
    <p class='ocr_par' dir='ltr' id='par_1_2' title="bbox 579 694 2123 776">
     <span class='ocr_line' id='line_1_2' title="bbox 579 694 2123 776; baseline 0.001 -20"><span class='ocrx_word' id='word_1_16' title='bbox 579 695 876 773; x_wconf 79' lang='lat' dir='ltr'>apostolicd,tenore</span> <span class='ocrx_word' id='word_1_17' title='bbox 890 694 1111 774; x_wconf 89' lang='lat' dir='ltr'>praesentium,</span> <span class='ocrx_word' id='word_1_18' title='bbox 1124 694 1322 758; x_wconf 84' lang='lat' dir='ltr'><strong>concedimus</strong></span> <span class='ocrx_word' id='word_1_19' title='bbox 1379 694 1433 756; x_wconf 89' lang='lat' dir='ltr'>tias</span> <span class='ocrx_word' id='word_1_20' title='bbox 1455 701 1657 769; x_wconf 91' lang='lat' dir='ltr'>concesserat,</span> <span class='ocrx_word' id='word_1_21' title='bbox 1669 701 1810 758; x_wconf 89' lang='lat' dir='ltr'>erectum</span> <span class='ocrx_word' id='word_1_22' title='bbox 1831 695 1952 772; x_wconf 91' lang='lat' dir='ltr'>fuisset,</span> <span class='ocrx_word' id='word_1_23' title='bbox 1973 696 2065 776; x_wconf 91' lang='lat' dir='ltr'>eique</span> <span class='ocrx_word' id='word_1_24' title='bbox 2079 695 2123 758; x_wconf 93' lang='lat' dir='ltr'>di-</span> 
     </span>
    </p>

    <p class='ocr_par' dir='ltr' id='par_1_3' title="bbox 579 788 2124 867">
     <span class='ocr_line' id='line_1_3' title="bbox 579 788 2124 867; baseline 0.002 -17"><span class='ocrx_word' id='word_1_25' title='bbox 579 789 723 852; x_wconf 90' lang='lat' dir='ltr'>similiter</span> <span class='ocrx_word' id='word_1_26' title='bbox 745 795 776 851; x_wconf 91' lang='lat' dir='ltr'>et</span> <span class='ocrx_word' id='word_1_27' title='bbox 799 789 1006 866; x_wconf 80' lang='lat' dir='ltr'>indulgemus.</span> <span class='ocrx_word' id='word_1_28' title='bbox 1379 788 1476 851; x_wconf 91' lang='lat' dir='ltr'>lectus</span> <span class='ocrx_word' id='word_1_29' title='bbox 1498 788 1579 851; x_wconf 85' lang='lat' dir='ltr'>salius</span> <span class='ocrx_word' id='word_1_30' title='bbox 1600 788 1780 851; x_wconf 79' lang='lat' dir='ltr'>franciscus</span> <span class='ocrx_word' id='word_1_31' title='bbox 1801 790 1927 867; x_wconf 87' lang='lat' dir='ltr'>Pigner,</span> <span class='ocrx_word' id='word_1_32' title='bbox 1951 797 2025 853; x_wconf 92' lang='lat' dir='ltr'>tunc</span> <span class='ocrx_word' id='word_1_33' title='bbox 2039 790 2124 853; x_wconf 91' lang='lat' dir='ltr'>illius</span> 
     </span>
    </p>

    <p class='ocr_par' dir='ltr' id='par_1_4' title="bbox 393 881 2124 962">
     <span class='ocr_line' id='line_1_4' title="bbox 393 881 2124 962; baseline 0.005 -24"><span class='ocrx_word' id='word_1_34' title='bbox 393 890 534 940; x_wconf 73' lang='lat' dir='ltr'>clausurae.</span> <span class='ocrx_word' id='word_1_35' title='bbox 619 882 687 957; x_wconf 74' lang='lat' dir='ltr'>§lc</span> <span class='ocrx_word' id='word_1_36' title='bbox 718 884 926 946; x_wconf 87' lang='lat' dir='ltr'>Decernentes</span> <span class='ocrx_word' id='word_1_37' title='bbox 958 882 1036 962; x_wconf 91' lang='lat' dir='ltr'>ipsas</span> <span class='ocrx_word' id='word_1_38' title='bbox 1064 891 1241 962; x_wconf 80' lang='lat' dir='ltr'><strong>praesentes</strong></span> <span class='ocrx_word' id='word_1_39' title='bbox 1272 882 1323 945; x_wconf 94' lang='lat' dir='ltr'>lit·</span> <span class='ocrx_word' id='word_1_40' title='bbox 1378 881 1569 959; x_wconf 80' lang='lat' dir='ltr'>capellanus,</span> <span class='ocrx_word' id='word_1_41' title='bbox 1592 881 1727 961; x_wconf 82' lang='lat' dir='ltr'>dictique</span> <span class='ocrx_word' id='word_1_42' title='bbox 1754 881 1866 944; x_wconf 90' lang='lat' dir='ltr'>llontis</span> <span class='ocrx_word' id='word_1_43' title='bbox 1894 883 2124 946; x_wconf 83' lang='lat' dir='ltr'>administrator</span> 
     </span>
    </p>

    <p class='ocr_par' dir='ltr' id='par_1_5' title="bbox 580 974 2124 1056">
     <span class='ocr_line' id='line_1_5' title="bbox 580 974 2124 1056; baseline 0.001 -18"><span class='ocrx_word' id='word_1_44' title='bbox 580 984 660 1040; x_wconf 90' lang='lat' dir='ltr'>teras</span> <span class='ocrx_word' id='word_1_45' title='bbox 673 992 796 1056; x_wconf 87' lang='lat' dir='ltr'>semper</span> <span class='ocrx_word' id='word_1_46' title='bbox 811 979 925 1052; x_wconf 86' lang='lat' dir='ltr'>firmas,</span> <span class='ocrx_word' id='word_1_47' title='bbox 939 976 1052 1039; x_wconf 91' lang='lat' dir='ltr'>validas</span> <span class='ocrx_word' id='word_1_48' title='bbox 1067 985 1097 1040; x_wconf 90' lang='lat' dir='ltr'>et</span> <span class='ocrx_word' id='word_1_49' title='bbox 1109 977 1243 1040; x_wconf 85' lang='lat' dir='ltr'>efficaces</span> <span class='ocrx_word' id='word_1_50' title='bbox 1258 977 1321 1039; x_wconf 89' lang='lat' dir='ltr'>exi·</span> <span class='ocrx_word' id='word_1_51' title='bbox 1378 974 1543 1051; x_wconf 89' lang='lat' dir='ltr'>generalis,</span> <span class='ocrx_word' id='word_1_52' title='bbox 1565 989 1711 1052; x_wconf 89' lang='lat' dir='ltr'>magnam</span> <span class='ocrx_word' id='word_1_53' title='bbox 1734 975 1912 1051; x_wconf 73' lang='lat' dir='ltr'>utilitatem,</span> <span class='ocrx_word' id='word_1_54' title='bbox 1935 992 2014 1056; x_wconf 94' lang='lat' dir='ltr'>quae</span> <span class='ocrx_word' id='word_1_55' title='bbox 2029 993 2045 1038; x_wconf 90' lang='lat' dir='ltr'>a</span> <span class='ocrx_word' id='word_1_56' title='bbox 2059 983 2124 1039; x_wconf 90' lang='lat' dir='ltr'>tam</span> 
     </span>
    </p>

    <p class='ocr_par' dir='ltr' id='par_1_6' title="bbox 578 1067 2125 1149">
     <span class='ocr_line' id='line_1_6' title="bbox 578 1067 2125 1149; baseline 0.001 -17"><span class='ocrx_word' id='word_1_57' title='bbox 578 1079 661 1133; x_wconf 88' lang='lat' dir='ltr'>stere</span> <span class='ocrx_word' id='word_1_58' title='bbox 675 1077 707 1132; x_wconf 93' lang='lat' dir='ltr'>et</span> <span class='ocrx_word' id='word_1_59' title='bbox 728 1069 805 1147; x_wconf 90' lang='lat' dir='ltr'>iore,</span> <span class='ocrx_word' id='word_1_60' title='bbox 820 1085 954 1149; x_wconf 90' lang='lat' dir='ltr'>suosque</span> <span class='ocrx_word' id='word_1_61' title='bbox 968 1070 1122 1148; x_wconf 89' lang='lat' dir='ltr'>plenarios</span> <span class='ocrx_word' id='word_1_62' title='bbox 1136 1077 1167 1132; x_wconf 96' lang='lat' dir='ltr'>et</span> <span class='ocrx_word' id='word_1_63' title='bbox 1182 1071 1321 1148; x_wconf 89' lang='lat' dir='ltr'>integros</span> <span class='ocrx_word' id='word_1_64' title='bbox 1378 1067 1425 1146; x_wconf 79' lang='lat' dir='ltr'>pii</span> <span class='ocrx_word' id='word_1_65' title='bbox 1447 1069 1603 1130; x_wconf 86' lang='lat' dir='ltr'>erectione</span> <span class='ocrx_word' id='word_1_66' title='bbox 1631 1068 1849 1146; x_wconf 75' lang='lat' dir='ltr'>proveniebat,</span> <span class='ocrx_word' id='word_1_67' title='bbox 1878 1069 2047 1146; x_wconf 87' lang='lat' dir='ltr'>retulisset,</span> <span class='ocrx_word' id='word_1_68' title='bbox 2071 1087 2125 1133; x_wconf 89' lang='lat' dir='ltr'>re-</span> 
     </span>
    </p>

    <p class='ocr_par' dir='ltr' id='par_1_7' title="bbox 577 1162 2123 1242">
     <span class='ocr_line' id='line_1_7' title="bbox 577 1162 2123 1242; baseline -0.001 -15"><span class='ocrx_word' id='word_1_69' title='bbox 577 1165 705 1227; x_wconf 90' lang='lat' dir='ltr'>ellectus</span> <span class='ocrx_word' id='word_1_70' title='bbox 718 1164 823 1226; x_wconf 90' lang='lat' dir='ltr'>sortiri</span> <span class='ocrx_word' id='word_1_71' title='bbox 844 1171 874 1226; x_wconf 93' lang='lat' dir='ltr'>et</span> <span class='ocrx_word' id='word_1_72' title='bbox 888 1163 1040 1238; x_wconf 91' lang='lat' dir='ltr'>obtinere,</span> <span class='ocrx_word' id='word_1_73' title='bbox 1057 1181 1091 1226; x_wconf 90' lang='lat' dir='ltr'>ac</span> <span class='ocrx_word' id='word_1_74' title='bbox 1106 1163 1177 1239; x_wconf 88' lang='lat' dir='ltr'>illis,</span> <span class='ocrx_word' id='word_1_75' title='bbox 1193 1166 1229 1227; x_wconf 87' lang='lat' dir='ltr'>ad</span> <span class='ocrx_word' id='word_1_76' title='bbox 1244 1179 1321 1242; x_wconf 90' lang='lat' dir='ltr'>quos</span> <span class='ocrx_word' id='word_1_77' title='bbox 1378 1176 1449 1224; x_wconf 88' lang='lat' dir='ltr'>rum</span> <span class='ocrx_word' id='word_1_78' title='bbox 1470 1162 1556 1224; x_wconf 90' lang='lat' dir='ltr'>enim</span> <span class='ocrx_word' id='word_1_79' title='bbox 1577 1177 1659 1224; x_wconf 90' lang='lat' dir='ltr'>anno</span> <span class='ocrx_word' id='word_1_80' title='bbox 1678 1177 1860 1225; x_wconf 83' lang='lat' dir='ltr'>unccxxrrr.</span> <span class='ocrx_word' id='word_1_81' title='bbox 1883 1164 2037 1240; x_wconf 88' lang='lat' dir='ltr'>octoginta</span> <span class='ocrx_word' id='word_1_82' title='bbox 2053 1164 2123 1226; x_wconf 91' lang='lat' dir='ltr'>mil·</span> 
     </span>
    </p>

    <p class='ocr_par' dir='ltr' id='par_1_8' title="bbox 577 1252 2124 1338">
     <span class='ocr_line' id='line_1_8' title="bbox 577 1252 2124 1338; baseline 0 -18"><span class='ocrx_word' id='word_1_83' title='bbox 577 1267 692 1338; x_wconf 88' lang='lat' dir='ltr'>spectat</span> <span class='ocrx_word' id='word_1_84' title='bbox 704 1265 735 1320; x_wconf 92' lang='lat' dir='ltr'>et</span> <span class='ocrx_word' id='word_1_85' title='bbox 746 1273 802 1336; x_wconf 95' lang='lat' dir='ltr'>pro</span> <span class='ocrx_word' id='word_1_86' title='bbox 817 1266 957 1336; x_wconf 89' lang='lat' dir='ltr'>tempore</span> <span class='ocrx_word' id='word_1_87' title='bbox 968 1259 1227 1336; x_wconf 90' lang='lat' dir='ltr'>quandocumque</span> <span class='ocrx_word' id='word_1_88' title='bbox 1237 1273 1320 1336; x_wconf 88' lang='lat' dir='ltr'>spec·</span> <span class='ocrx_word' id='word_1_89' title='bbox 1378 1252 1418 1314; x_wconf 95' lang='lat' dir='ltr'>lia</span> <span class='ocrx_word' id='word_1_90' title='bbox 1438 1254 1572 1332; x_wconf 82' lang='lat' dir='ltr'>circiter,</span> <span class='ocrx_word' id='word_1_91' title='bbox 1595 1262 1626 1317; x_wconf 90' lang='lat' dir='ltr'>et</span> <span class='ocrx_word' id='word_1_92' title='bbox 1651 1257 1794 1334; x_wconf 87' lang='lat' dir='ltr'>sequenti</span> <span class='ocrx_word' id='word_1_93' title='bbox 1821 1271 1903 1318; x_wconf 93' lang='lat' dir='ltr'>anno</span> <span class='ocrx_word' id='word_1_94' title='bbox 1928 1259 2124 1336; x_wconf 80' lang='lat' dir='ltr'>septuaginta</span> 
     </span>
    </p>

    <p class='ocr_par' dir='ltr' id='par_1_9' title="bbox 578 1347 2123 1430">
     <span class='ocr_line' id='line_1_9' title="bbox 578 1347 2123 1430; baseline 0.001 -17"><span class='ocrx_word' id='word_1_95' title='bbox 578 1353 673 1428; x_wconf 92' lang='lat' dir='ltr'>tabit,</span> <span class='ocrx_word' id='word_1_96' title='bbox 702 1352 733 1414; x_wconf 95' lang='lat' dir='ltr'>in</span> <span class='ocrx_word' id='word_1_97' title='bbox 761 1351 906 1414; x_wconf 94' lang='lat' dir='ltr'>omnibus</span> <span class='ocrx_word' id='word_1_98' title='bbox 932 1359 963 1413; x_wconf 92' lang='lat' dir='ltr'>et</span> <span class='ocrx_word' id='word_1_99' title='bbox 988 1367 1043 1430; x_wconf 88' lang='lat' dir='ltr'>per</span> <span class='ocrx_word' id='word_1_100' title='bbox 1072 1350 1176 1414; x_wconf 90' lang='lat' dir='ltr'>omnia</span> <span class='ocrx_word' id='word_1_101' title='bbox 1207 1350 1320 1429; x_wconf 90' lang='lat' dir='ltr'>plenis·</span> <span class='ocrx_word' id='word_1_102' title='bbox 1378 1347 1473 1409; x_wconf 92' lang='lat' dir='ltr'>millia</span> <span class='ocrx_word' id='word_1_103' title='bbox 1494 1349 1677 1412; x_wconf 85' lang='lat' dir='ltr'>ducatorum</span> <span class='ocrx_word' id='word_1_104' title='bbox 1691 1357 1836 1412; x_wconf 91' lang='lat' dir='ltr'>monetae</span> <span class='ocrx_word' id='word_1_105' title='bbox 1849 1349 1974 1412; x_wconf 88' lang='lat' dir='ltr'>illarum</span> <span class='ocrx_word' id='word_1_106' title='bbox 1988 1353 2123 1430; x_wconf 88' lang='lat' dir='ltr'>partium</span> 
     </span>
    </p>

    <p class='ocr_par' dir='ltr' id='par_1_10' title="bbox 577 1441 2125 1524">
     <span class='ocr_line' id='line_1_10' title="bbox 577 1441 2125 1524; baseline 0.001 -19"><span class='ocrx_word' id='word_1_107' title='bbox 577 1446 654 1508; x_wconf 91' lang='lat' dir='ltr'>sime</span> <span class='ocrx_word' id='word_1_108' title='bbox 685 1444 863 1522; x_wconf 73' lang='lat' dir='ltr'>suflragari,</span> <span class='ocrx_word' id='word_1_109' title='bbox 886 1451 917 1506; x_wconf 91' lang='lat' dir='ltr'>et</span> <span class='ocrx_word' id='word_1_110' title='bbox 941 1444 979 1506; x_wconf 93' lang='lat' dir='ltr'>ab</span> <span class='ocrx_word' id='word_1_111' title='bbox 1000 1444 1043 1506; x_wconf 93' lang='lat' dir='ltr'>eis</span> <span class='ocrx_word' id='word_1_112' title='bbox 1072 1445 1243 1524; x_wconf 88' lang='lat' dir='ltr'>respective</span> <span class='ocrx_word' id='word_1_113' title='bbox 1274 1443 1322 1504; x_wconf 91' lang='lat' dir='ltr'>iu·</span> <span class='ocrx_word' id='word_1_114' title='bbox 1377 1441 1539 1504; x_wconf 89' lang='lat' dir='ltr'>distributa</span> <span class='ocrx_word' id='word_1_115' title='bbox 1560 1452 1675 1517; x_wconf 89' lang='lat' dir='ltr'>essent,</span> <span class='ocrx_word' id='word_1_116' title='bbox 1689 1451 1723 1505; x_wconf 92' lang='lat' dir='ltr'>et</span> <span class='ocrx_word' id='word_1_117' title='bbox 1743 1459 1781 1504; x_wconf 88' lang='lat' dir='ltr'>ex</span> <span class='ocrx_word' id='word_1_118' title='bbox 1802 1443 1909 1505; x_wconf 74' lang='lat' dir='ltr'>eadem</span> <span class='ocrx_word' id='word_1_119' title='bbox 1931 1443 2043 1506; x_wconf 90' lang='lat' dir='ltr'>llontis</span> <span class='ocrx_word' id='word_1_120' title='bbox 2056 1460 2125 1507; x_wconf 87' lang='lat' dir='ltr'>ere-</span> 
     </span>
    </p>

    <p class='ocr_par' dir='ltr' id='par_1_11' title="bbox 578 1535 2123 1618">
     <span class='ocr_line' id='line_1_11' title="bbox 578 1535 2123 1618; baseline 0.001 -19"><span class='ocrx_word' id='word_1_121' title='bbox 578 1537 763 1600; x_wconf 91' lang='lat' dir='ltr'>violabiliter</span> <span class='ocrx_word' id='word_1_122' title='bbox 784 1538 952 1612; x_wconf 89' lang='lat' dir='ltr'>observari,</span> <span class='ocrx_word' id='word_1_123' title='bbox 969 1538 1074 1618; x_wconf 89' lang='lat' dir='ltr'>sicque</span> <span class='ocrx_word' id='word_1_124' title='bbox 1095 1539 1127 1600; x_wconf 91' lang='lat' dir='ltr'>in</span> <span class='ocrx_word' id='word_1_125' title='bbox 1148 1537 1321 1618; x_wconf 90' lang='lat' dir='ltr'>praemissis</span> <span class='ocrx_word' id='word_1_126' title='bbox 1377 1535 1480 1597; x_wconf 85' lang='lat' dir='ltr'>ctione</span> <span class='ocrx_word' id='word_1_127' title='bbox 1501 1543 1627 1598; x_wconf 90' lang='lat' dir='ltr'>centum</span> <span class='ocrx_word' id='word_1_128' title='bbox 1649 1537 1776 1613; x_wconf 90' lang='lat' dir='ltr'>triginta</span> <span class='ocrx_word' id='word_1_129' title='bbox 1797 1543 1917 1616; x_wconf 86' lang='lat' dir='ltr'>septem</span> <span class='ocrx_word' id='word_1_130' title='bbox 1944 1537 2030 1599; x_wconf 92' lang='lat' dir='ltr'>mille</span> <span class='ocrx_word' id='word_1_131' title='bbox 2051 1555 2123 1601; x_wconf 89' lang='lat' dir='ltr'>cen-</span> 
     </span>
    </p>

    <p class='ocr_par' dir='ltr' id='par_1_12' title="bbox 577 1627 2123 1712">
     <span class='ocr_line' id='line_1_12' title="bbox 577 1627 2123 1712; baseline 0 -18"><span class='ocrx_word' id='word_1_132' title='bbox 577 1648 633 1712; x_wconf 93' lang='lat' dir='ltr'>per</span> <span class='ocrx_word' id='word_1_133' title='bbox 653 1647 865 1711; x_wconf 92' lang='lat' dir='ltr'>quoscumque</span> <span class='ocrx_word' id='word_1_134' title='bbox 886 1631 1002 1698; x_wconf 88' lang='lat' dir='ltr'>iudices</span> <span class='ocrx_word' id='word_1_135' title='bbox 1026 1631 1196 1694; x_wconf 88' lang='lat' dir='ltr'>ordinarios</span> <span class='ocrx_word' id='word_1_136' title='bbox 1218 1637 1249 1692; x_wconf 89' lang='lat' dir='ltr'>et</span> <span class='ocrx_word' id='word_1_137' title='bbox 1270 1631 1320 1692; x_wconf 90' lang='lat' dir='ltr'>de·</span> <span class='ocrx_word' id='word_1_138' title='bbox 1378 1635 1445 1689; x_wconf 91' lang='lat' dir='ltr'>tum</span> <span class='ocrx_word' id='word_1_139' title='bbox 1478 1627 1590 1704; x_wconf 87' lang='lat' dir='ltr'>viginti</span> <span class='ocrx_word' id='word_1_140' title='bbox 1622 1637 1684 1692; x_wconf 86' lang='lat' dir='ltr'>tres</span> <span class='ocrx_word' id='word_1_141' title='bbox 1715 1629 1826 1691; x_wconf 90' lang='lat' dir='ltr'>missae</span> <span class='ocrx_word' id='word_1_142' title='bbox 1857 1645 1912 1709; x_wconf 90' lang='lat' dir='ltr'>pro</span> <span class='ocrx_word' id='word_1_143' title='bbox 1943 1631 2123 1696; x_wconf 90' lang='lat' dir='ltr'>earumdem</span> 
     </span>
    </p>

    <p class='ocr_par' dir='ltr' id='par_1_13' title="bbox 578 1721 2122 1805">
     <span class='ocr_line' id='line_1_13' title="bbox 578 1721 2122 1805; baseline -0.001 -17"><span class='ocrx_word' id='word_1_144' title='bbox 578 1726 710 1805; x_wconf 90' lang='lat' dir='ltr'>legatos,</span> <span class='ocrx_word' id='word_1_145' title='bbox 732 1726 826 1788; x_wconf 93' lang='lat' dir='ltr'>etiam</span> <span class='ocrx_word' id='word_1_146' title='bbox 846 1741 1009 1789; x_wconf 87' lang='lat' dir='ltr'>causarum</span> <span class='ocrx_word' id='word_1_147' title='bbox 1033 1725 1136 1804; x_wconf 89' lang='lat' dir='ltr'>palatii</span> <span class='ocrx_word' id='word_1_148' title='bbox 1165 1723 1321 1804; x_wconf 90' lang='lat' dir='ltr'>apostolici</span> <span class='ocrx_word' id='word_1_149' title='bbox 1377 1721 1552 1783; x_wconf 89' lang='lat' dir='ltr'>animarum</span> <span class='ocrx_word' id='word_1_150' title='bbox 1564 1723 1767 1800; x_wconf 86' lang='lat' dir='ltr'>purgantium</span> <span class='ocrx_word' id='word_1_151' title='bbox 1781 1722 1926 1800; x_wconf 88' lang='lat' dir='ltr'>suffragio</span> <span class='ocrx_word' id='word_1_152' title='bbox 1940 1724 2122 1801; x_wconf 86' lang='lat' dir='ltr'>celebratae,</span> 
     </span>
    </p>

    <p class='ocr_par' dir='ltr' id='par_1_14' title="bbox 577 1815 2122 1898">
     <span class='ocr_line' id='line_1_14' title="bbox 577 1815 2122 1898; baseline -0.001 -16"><span class='ocrx_word' id='word_1_153' title='bbox 577 1821 748 1895; x_wconf 88' lang='lat' dir='ltr'>auditores,</span> <span class='ocrx_word' id='word_1_154' title='bbox 771 1819 901 1882; x_wconf 89' lang='lat' dir='ltr'>iudicari</span> <span class='ocrx_word' id='word_1_155' title='bbox 926 1827 957 1881; x_wconf 91' lang='lat' dir='ltr'>et</span> <span class='ocrx_word' id='word_1_156' title='bbox 985 1819 1108 1882; x_wconf 84' lang='lat' dir='ltr'>definiri</span> <span class='ocrx_word' id='word_1_157' title='bbox 1135 1818 1265 1893; x_wconf 88' lang='lat' dir='ltr'>debere,</span> <span class='ocrx_word' id='word_1_158' title='bbox 1288 1835 1321 1880; x_wconf 92' lang='lat' dir='ltr'>ac</span> <span class='ocrx_word' id='word_1_159' title='bbox 1377 1815 1442 1892; x_wconf 92' lang='lat' dir='ltr'>ipse</span> <span class='ocrx_word' id='word_1_160' title='bbox 1473 1815 1631 1894; x_wconf 90' lang='lat' dir='ltr'>Philippus</span> <span class='ocrx_word' id='word_1_161' title='bbox 1660 1831 1715 1878; x_wconf 90' lang='lat' dir='ltr'>rex</span> <span class='ocrx_word' id='word_1_162' title='bbox 1741 1817 1800 1880; x_wconf 90' lang='lat' dir='ltr'>lroc</span> <span class='ocrx_word' id='word_1_163' title='bbox 1826 1825 1966 1880; x_wconf 88' lang='lat' dir='ltr'>sanctum</span> <span class='ocrx_word' id='word_1_164' title='bbox 1988 1833 2064 1898; x_wconf 94' lang='lat' dir='ltr'>opus</span> <span class='ocrx_word' id='word_1_165' title='bbox 2088 1819 2122 1881; x_wconf 93' lang='lat' dir='ltr'>in</span> 
     </span>
    </p>

    <p class='ocr_par' dir='ltr' id='par_1_15' title="bbox 578 1905 2122 1991">
     <span class='ocr_line' id='line_1_15' title="bbox 578 1905 2122 1991; baseline -0.001 -17"><span class='ocrx_word' id='word_1_166' title='bbox 578 1915 705 1976; x_wconf 92' lang='lat' dir='ltr'>irritum</span> <span class='ocrx_word' id='word_1_167' title='bbox 727 1920 757 1976; x_wconf 92' lang='lat' dir='ltr'>et</span> <span class='ocrx_word' id='word_1_168' title='bbox 779 1914 870 1976; x_wconf 91' lang='lat' dir='ltr'>inane</span> <span class='ocrx_word' id='word_1_169' title='bbox 884 1914 908 1973; x_wconf 94' lang='lat' dir='ltr'>si</span> <span class='ocrx_word' id='word_1_170' title='bbox 931 1929 1018 1975; x_wconf 90' lang='lat' dir='ltr'>secus</span> <span class='ocrx_word' id='word_1_171' title='bbox 1038 1928 1132 1991; x_wconf 90' lang='lat' dir='ltr'>super</span> <span class='ocrx_word' id='word_1_172' title='bbox 1153 1911 1200 1973; x_wconf 85' lang='lat' dir='ltr'>lais</span> <span class='ocrx_word' id='word_1_173' title='bbox 1214 1929 1229 1972; x_wconf 95' lang='lat' dir='ltr'>a</span> <span class='ocrx_word' id='word_1_174' title='bbox 1244 1928 1320 1990; x_wconf 92' lang='lat' dir='ltr'>quo·</span> <span class='ocrx_word' id='word_1_175' title='bbox 1376 1905 1439 1969; x_wconf 89' lang='lat' dir='ltr'>dies</span> <span class='ocrx_word' id='word_1_176' title='bbox 1460 1908 1566 1985; x_wconf 89' lang='lat' dir='ltr'>augeri</span> <span class='ocrx_word' id='word_1_177' title='bbox 1587 1915 1748 1988; x_wconf 87' lang='lat' dir='ltr'>exoptans,</span> <span class='ocrx_word' id='word_1_178' title='bbox 1765 1917 1800 1972; x_wconf 92' lang='lat' dir='ltr'>ut</span> <span class='ocrx_word' id='word_1_179' title='bbox 1814 1909 1847 1970; x_wconf 94' lang='lat' dir='ltr'>in</span> <span class='ocrx_word' id='word_1_180' title='bbox 1862 1911 2055 1974; x_wconf 88' lang='lat' dir='ltr'>testamentis</span> <span class='ocrx_word' id='word_1_181' title='bbox 2069 1919 2122 1973; x_wconf 86' lang='lat' dir='ltr'>aut</span> 
     </span>
    </p>

    <p class='ocr_par' dir='ltr' id='par_1_16' title="bbox 577 2001 2123 2086">
     <span class='ocr_line' id='line_1_16' title="bbox 577 2001 2123 2086; baseline -0.001 -18"><span class='ocrx_word' id='word_1_182' title='bbox 577 2022 682 2086; x_wconf 93' lang='lat' dir='ltr'>quam,</span> <span class='ocrx_word' id='word_1_183' title='bbox 699 2007 805 2085; x_wconf 89' lang='lat' dir='ltr'>quavis</span> <span class='ocrx_word' id='word_1_184' title='bbox 816 2005 1008 2076; x_wconf 91' lang='lat' dir='ltr'>auctoritate,</span> <span class='ocrx_word' id='word_1_185' title='bbox 1021 2005 1153 2066; x_wconf 89' lang='lat' dir='ltr'>scienter</span> <span class='ocrx_word' id='word_1_186' title='bbox 1168 2004 1218 2066; x_wconf 91' lang='lat' dir='ltr'>vel</span> <span class='ocrx_word' id='word_1_187' title='bbox 1234 2004 1322 2081; x_wconf 78' lang='lat' dir='ltr'>igno</span> <span class='ocrx_word' id='word_1_188' title='bbox 1377 2001 1410 2066; x_wconf 94' lang='lat' dir='ltr'>iu</span> <span class='ocrx_word' id='word_1_189' title='bbox 1432 2003 1552 2064; x_wconf 92' lang='lat' dir='ltr'>ultimis</span> <span class='ocrx_word' id='word_1_190' title='bbox 1569 2002 1783 2066; x_wconf 88' lang='lat' dir='ltr'>voluntatibus</span> <span class='ocrx_word' id='word_1_191' title='bbox 1797 2003 1968 2068; x_wconf 89' lang='lat' dir='ltr'>incolarum</span> <span class='ocrx_word' id='word_1_192' title='bbox 1990 2006 2123 2068; x_wconf 91' lang='lat' dir='ltr'>istorum</span> 
     </span>
    </p>

    <p class='ocr_par' dir='ltr' id='par_1_17' title="bbox 577 2095 2122 2177">
     <span class='ocr_line' id='line_1_17' title="bbox 577 2095 2122 2177; baseline -0.002 -15"><span class='ocrx_word' id='word_1_193' title='bbox 577 2107 694 2174; x_wconf 80' lang='lat' dir='ltr'>canter,</span> <span class='ocrx_word' id='word_1_194' title='bbox 719 2098 885 2174; x_wconf 89' lang='lat' dir='ltr'>contigerit</span> <span class='ocrx_word' id='word_1_195' title='bbox 909 2097 1065 2160; x_wconf 88' lang='lat' dir='ltr'>attentari.</span> <span class='ocrx_word' id='word_1_196' title='bbox 1376 2109 1547 2172; x_wconf 89' lang='lat' dir='ltr'>regnorum</span> <span class='ocrx_word' id='word_1_197' title='bbox 1569 2095 1726 2160; x_wconf 91' lang='lat' dir='ltr'>indiarum</span> <span class='ocrx_word' id='word_1_198' title='bbox 1741 2096 1863 2176; x_wconf 86' lang='lat' dir='ltr'>aliquod</span> <span class='ocrx_word' id='word_1_199' title='bbox 1877 2097 2051 2161; x_wconf 88' lang='lat' dir='ltr'>subsidium</span> <span class='ocrx_word' id='word_1_200' title='bbox 2065 2113 2122 2177; x_wconf 93' lang='lat' dir='ltr'>pro</span> 
     </span>
    </p>

    <p class='ocr_par' dir='ltr' id='par_1_18' title="bbox 361 2187 2124 2268">
     <span class='ocr_line' id='line_1_18' title="bbox 361 2187 2124 2268; baseline -0.002 -11"><span class='ocrx_word' id='word_1_201' title='bbox 361 2201 559 2264; x_wconf 75' lang='lat' dir='ltr'>Derosatioeon·</span> <span class='ocrx_word' id='word_1_202' title='bbox 616 2194 635 2268; x_wconf 69' lang='grc' dir='ltr'><strong>ἓ</strong></span> <span class='ocrx_word' id='word_1_203' title='bbox 656 2193 686 2255; x_wconf 82' lang='lat'>5.</span> <span class='ocrx_word' id='word_1_204' title='bbox 709 2191 778 2254; x_wconf 93' lang='lat' dir='ltr'>Non</span> <span class='ocrx_word' id='word_1_205' title='bbox 797 2191 988 2254; x_wconf 91' lang='lat' dir='ltr'>obstantibus</span> <span class='ocrx_word' id='word_1_206' title='bbox 1002 2191 1275 2254; x_wconf 91' lang='lat' dir='ltr'>constitutionibus</span> <span class='ocrx_word' id='word_1_207' title='bbox 1291 2199 1321 2254; x_wconf 93' lang='lat' dir='ltr'>et</span> <span class='ocrx_word' id='word_1_208' title='bbox 1344 2221 1346 2228; x_wconf 87' lang='lat'><em>·</em></span> <span class='ocrx_word' id='word_1_209' title='bbox 1376 2187 1460 2250; x_wconf 91' lang='lat' dir='ltr'>dicto</span> <span class='ocrx_word' id='word_1_210' title='bbox 1480 2190 1583 2252; x_wconf 81' lang='lat' dir='ltr'>Monte</span> <span class='ocrx_word' id='word_1_211' title='bbox 1604 2188 1739 2266; x_wconf 90' lang='lat' dir='ltr'>relinqui</span> <span class='ocrx_word' id='word_1_212' title='bbox 1754 2187 1891 2266; x_wconf 88' lang='lat' dir='ltr'>deberet,</span> <span class='ocrx_word' id='word_1_213' title='bbox 1907 2205 1979 2253; x_wconf 92' lang='lat' dir='ltr'>cum</span> <span class='ocrx_word' id='word_1_214' title='bbox 2000 2205 2124 2254; x_wconf 78' lang='lat' dir='ltr'>conces·</span> 
     </span>
    </p>

    <p class='ocr_par' dir='ltr' id='par_1_19' title="bbox 347 2257 2121 2364">
     <span class='ocr_line' id='line_1_19' title="bbox 347 2257 2121 2364; baseline -0.001 -16"><span class='ocrx_word' id='word_1_215' title='bbox 347 2257 490 2302; x_wconf 67' lang='lat' dir='ltr'>aratrorum.</span> <span class='ocrx_word' id='word_1_216' title='bbox 576 2286 823 2352; x_wconf 90' lang='lat' dir='ltr'>ordinationibus</span> <span class='ocrx_word' id='word_1_217' title='bbox 848 2285 1031 2364; x_wconf 85' lang='lat' dir='ltr'>apostolicis,</span> <span class='ocrx_word' id='word_1_218' title='bbox 1054 2301 1191 2359; x_wconf 86' lang='lat' dir='ltr'>necnon,</span> <span class='ocrx_word' id='word_1_219' title='bbox 1215 2293 1322 2364; x_wconf 85' lang='lat' dir='ltr'>quato-</span> <span class='ocrx_word' id='word_1_220' title='bbox 1376 2282 1463 2344; x_wconf 91' lang='lat' dir='ltr'>sioue</span> <span class='ocrx_word' id='word_1_221' title='bbox 1483 2283 1578 2344; x_wconf 92' lang='lat' dir='ltr'>etiam</span> <span class='ocrx_word' id='word_1_222' title='bbox 1598 2281 1728 2346; x_wconf 92' lang='lat' dir='ltr'>alicuius</span> <span class='ocrx_word' id='word_1_223' title='bbox 1749 2281 1963 2360; x_wconf 85' lang='lat' dir='ltr'>indulgentiae</span> <span class='ocrx_word' id='word_1_224' title='bbox 1983 2298 2039 2363; x_wconf 89' lang='lat' dir='ltr'>pro</span> <span class='ocrx_word' id='word_1_225' title='bbox 2061 2285 2121 2348; x_wconf 92' lang='lat' dir='ltr'>illis</span> 
     </span>
    </p>

    <p class='ocr_par' dir='ltr' id='par_1_20' title="bbox 576 2375 2121 2460">
     <span class='ocr_line' id='line_1_20' title="bbox 576 2375 2121 2460; baseline -0.003 -16"><span class='ocrx_word' id='word_1_226' title='bbox 576 2398 635 2444; x_wconf 91' lang='lat' dir='ltr'>nus</span> <span class='ocrx_word' id='word_1_227' title='bbox 655 2397 731 2460; x_wconf 91' lang='lat' dir='ltr'>opus</span> <span class='ocrx_word' id='word_1_228' title='bbox 758 2381 814 2455; x_wconf 92' lang='lat' dir='ltr'>sit,</span> <span class='ocrx_word' id='word_1_229' title='bbox 845 2380 975 2442; x_wconf 85' lang='lat' dir='ltr'>vicariae</span> <span class='ocrx_word' id='word_1_230' title='bbox 999 2387 1030 2441; x_wconf 94' lang='lat' dir='ltr'>et</span> <span class='ocrx_word' id='word_1_231' title='bbox 1055 2379 1176 2444; x_wconf 86' lang='lat' dir='ltr'>Ordinis</span> <span class='ocrx_word' id='word_1_232' title='bbox 1206 2379 1320 2459; x_wconf 88' lang='lat' dir='ltr'>praela·</span> <span class='ocrx_word' id='word_1_233' title='bbox 1376 2375 1430 2454; x_wconf 95' lang='lat' dir='ltr'>qui</span> <span class='ocrx_word' id='word_1_234' title='bbox 1457 2375 1630 2440; x_wconf 90' lang='lat' dir='ltr'>subsidium</span> <span class='ocrx_word' id='word_1_235' title='bbox 1658 2377 1835 2440; x_wconf 88' lang='lat' dir='ltr'>huiusmodi</span> <span class='ocrx_word' id='word_1_236' title='bbox 1864 2385 2047 2441; x_wconf 88' lang='lat' dir='ltr'>testamento</span> <span class='ocrx_word' id='word_1_237' title='bbox 2068 2386 2121 2440; x_wconf 93' lang='lat' dir='ltr'>aut</span> 
     </span>
    </p>

    <p class='ocr_par' dir='ltr' id='par_1_21' title="bbox 575 2467 2122 2550">
     <span class='ocr_line' id='line_1_21' title="bbox 575 2467 2122 2550; baseline -0.001 -15"><span class='ocrx_word' id='word_1_238' title='bbox 575 2481 697 2550; x_wconf 88' lang='lat' dir='ltr'>torum,</span> <span class='ocrx_word' id='word_1_239' title='bbox 730 2475 826 2536; x_wconf 90' lang='lat' dir='ltr'>etiam</span> <span class='ocrx_word' id='word_1_240' title='bbox 853 2473 1048 2548; x_wconf 91' lang='lat' dir='ltr'>iuramento,</span> <span class='ocrx_word' id='word_1_241' title='bbox 1084 2473 1321 2535; x_wconf 81' lang='lat' dir='ltr'>confirmatione</span> <span class='ocrx_word' id='word_1_242' title='bbox 1376 2467 1487 2530; x_wconf 76' lang='lat' dir='ltr'>ultima</span> <span class='ocrx_word' id='word_1_243' title='bbox 1501 2467 1665 2532; x_wconf 89' lang='lat' dir='ltr'>voluntate</span> <span class='ocrx_word' id='word_1_244' title='bbox 1679 2469 1831 2548; x_wconf 89' lang='lat' dir='ltr'>legasseut</span> <span class='ocrx_word' id='word_1_245' title='bbox 1846 2479 1877 2533; x_wconf 90' lang='lat' dir='ltr'>et</span> <span class='ocrx_word' id='word_1_246' title='bbox 1890 2471 2025 2550; x_wconf 88' lang='lat' dir='ltr'>aliquam</span> <span class='ocrx_word' id='word_1_247' title='bbox 2039 2471 2122 2534; x_wconf 87' lang='lat' dir='ltr'>elee-</span> 
     </span>
    </p>

    <p class='ocr_par' dir='ltr' id='par_1_22' title="bbox 574 2563 2120 2646">
     <span class='ocr_line' id='line_1_22' title="bbox 574 2563 2120 2646; baseline -0.003 -16"><span class='ocrx_word' id='word_1_248' title='bbox 574 2567 749 2646; x_wconf 78' lang='lat' dir='ltr'>apostolica,</span> <span class='ocrx_word' id='word_1_249' title='bbox 774 2567 824 2628; x_wconf 89' lang='lat' dir='ltr'>vel</span> <span class='ocrx_word' id='word_1_250' title='bbox 849 2567 958 2644; x_wconf 90' lang='lat' dir='ltr'>quavis</span> <span class='ocrx_word' id='word_1_251' title='bbox 986 2567 1134 2628; x_wconf 86' lang='lat' dir='ltr'>firmitate</span> <span class='ocrx_word' id='word_1_252' title='bbox 1154 2565 1211 2627; x_wconf 85' lang='lat' dir='ltr'>alia</span> <span class='ocrx_word' id='word_1_253' title='bbox 1233 2567 1321 2628; x_wconf 92' lang='lat' dir='ltr'>robo-</span> <span class='ocrx_word' id='word_1_254' title='bbox 1376 2577 1539 2639; x_wconf 77' lang='lat' dir='ltr'>mosynam</span> <span class='ocrx_word' id='word_1_255' title='bbox 1560 2563 1592 2624; x_wconf 92' lang='lat' dir='ltr'>iu</span> <span class='ocrx_word' id='word_1_256' title='bbox 1607 2563 1755 2642; x_wconf 90' lang='lat' dir='ltr'>hocopus</span> <span class='ocrx_word' id='word_1_257' title='bbox 1776 2565 2120 2640; x_wconf 89' lang='lat' dir='ltr'>contulissent,anobis</span> 
     </span>
    </p>

    <p class='ocr_par' dir='ltr' id='par_1_23' title="bbox 575 2655 2120 2739">
     <span class='ocr_line' id='line_1_23' title="bbox 575 2655 2120 2739; baseline -0.003 -15"><span class='ocrx_word' id='word_1_258' title='bbox 575 2663 648 2724; x_wconf 88' lang='lat' dir='ltr'>ratis</span> <span class='ocrx_word' id='word_1_259' title='bbox 675 2662 799 2724; x_wconf 90' lang='lat' dir='ltr'>statutis</span> <span class='ocrx_word' id='word_1_260' title='bbox 818 2667 850 2722; x_wconf 91' lang='lat' dir='ltr'>et</span> <span class='ocrx_word' id='word_1_261' title='bbox 878 2659 1164 2734; x_wconf 88' lang='lat' dir='ltr'>consuetudinibus,</span> <span class='ocrx_word' id='word_1_262' title='bbox 1194 2659 1319 2739; x_wconf 90' lang='lat' dir='ltr'>privile·</span> <span class='ocrx_word' id='word_1_263' title='bbox 1376 2655 1499 2732; x_wconf 90' lang='lat' dir='ltr'>iniungi</span> <span class='ocrx_word' id='word_1_264' title='bbox 1520 2657 1725 2733; x_wconf 82' lang='lat' dir='ltr'>desiderabat3</span> <span class='ocrx_word' id='word_1_265' title='bbox 1748 2671 1804 2718; x_wconf 92' lang='lat' dir='ltr'>nos</span> <span class='ocrx_word' id='word_1_266' title='bbox 1818 2659 2048 2722; x_wconf 89' lang='lat' dir='ltr'>venerabilibus</span> <span class='ocrx_word' id='word_1_267' title='bbox 2061 2658 2120 2720; x_wconf 88' lang='lat' dir='ltr'>fra·</span> 
     </span>
    </p>

    <p class='ocr_par' dir='ltr' id='par_1_24' title="bbox 575 2749 2120 2834">
     <span class='ocr_line' id='line_1_24' title="bbox 575 2749 2120 2834; baseline 0.001 -18"><span class='ocrx_word' id='word_1_268' title='bbox 575 2757 633 2832; x_wconf 87' lang='lat' dir='ltr'>giis</span> <span class='ocrx_word' id='word_1_269' title='bbox 655 2769 789 2834; x_wconf 89' lang='lat' dir='ltr'>quoque,</span> <span class='ocrx_word' id='word_1_270' title='bbox 810 2753 940 2816; x_wconf 91' lang='lat' dir='ltr'>indultis</span> <span class='ocrx_word' id='word_1_271' title='bbox 961 2760 991 2816; x_wconf 90' lang='lat' dir='ltr'>et</span> <span class='ocrx_word' id='word_1_272' title='bbox 1013 2752 1125 2815; x_wconf 90' lang='lat' dir='ltr'>litteris</span> <span class='ocrx_word' id='word_1_273' title='bbox 1146 2752 1319 2830; x_wconf 91' lang='lat' dir='ltr'>apostolicis</span> <span class='ocrx_word' id='word_1_274' title='bbox 1376 2749 1475 2812; x_wconf 89' lang='lat' dir='ltr'>tribus</span> <span class='ocrx_word' id='word_1_275' title='bbox 1489 2750 1730 2830; x_wconf 88' lang='lat' dir='ltr'>drclriepiscopis</span> <span class='ocrx_word' id='word_1_276' title='bbox 1743 2759 1775 2814; x_wconf 90' lang='lat' dir='ltr'>et</span> <span class='ocrx_word' id='word_1_277' title='bbox 1790 2751 1946 2830; x_wconf 86' lang='lat' dir='ltr'>Episcopis</span> <span class='ocrx_word' id='word_1_278' title='bbox 1960 2753 2120 2816; x_wconf 89' lang='lat' dir='ltr'>indiarum</span> 
     </span>
    </p>

    <p class='ocr_par' dir='ltr' id='par_1_25' title="bbox 574 2841 2120 2927">
     <span class='ocr_line' id='line_1_25' title="bbox 574 2841 2120 2927; baseline -0.001 -17"><span class='ocrx_word' id='word_1_279' title='bbox 574 2851 607 2911; x_wconf 93' lang='lat' dir='ltr'>in</span> <span class='ocrx_word' id='word_1_280' title='bbox 622 2849 815 2912; x_wconf 91' lang='lat' dir='ltr'>contrarium</span> <span class='ocrx_word' id='word_1_281' title='bbox 830 2847 1070 2927; x_wconf 88' lang='lat' dir='ltr'>praemissorum</span> <span class='ocrx_word' id='word_1_282' title='bbox 1088 2845 1320 2925; x_wconf 90' lang='lat' dir='ltr'>quomodolibet</span> <span class='ocrx_word' id='word_1_283' title='bbox 1374 2841 1634 2920; x_wconf 84' lang='lat' dir='ltr'>Occidentalium,</span> <span class='ocrx_word' id='word_1_284' title='bbox 1657 2851 1694 2906; x_wconf 91' lang='lat' dir='ltr'>ut</span> <span class='ocrx_word' id='word_1_285' title='bbox 1723 2845 1851 2924; x_wconf 93' lang='lat' dir='ltr'>populos</span> <span class='ocrx_word' id='word_1_286' title='bbox 1878 2845 1935 2907; x_wconf 92' lang='lat' dir='ltr'>sibi</span> <span class='ocrx_word' id='word_1_287' title='bbox 1965 2846 2120 2910; x_wconf 90' lang='lat' dir='ltr'>subiectos</span> 
     </span>
    </p>

    <p class='ocr_par' dir='ltr' id='par_1_26' title="bbox 574 2935 2118 3018">
     <span class='ocr_line' id='line_1_26' title="bbox 574 2935 2118 3018; baseline -0.001 -14"><span class='ocrx_word' id='word_1_288' title='bbox 574 2943 736 3016; x_wconf 81' lang='lat' dir='ltr'>concessis,</span> <span class='ocrx_word' id='word_1_289' title='bbox 759 2941 950 3004; x_wconf 83' lang='lat' dir='ltr'>confirmatis</span> <span class='ocrx_word' id='word_1_290' title='bbox 964 2947 995 3000; x_wconf 92' lang='lat' dir='ltr'>et</span> <span class='ocrx_word' id='word_1_291' title='bbox 1009 2937 1184 3016; x_wconf 86' lang='lat' dir='ltr'>innovatis;</span> <span class='ocrx_word' id='word_1_292' title='bbox 1207 2937 1319 3017; x_wconf 91' lang='lat' dir='ltr'>quibus</span> <span class='ocrx_word' id='word_1_293' title='bbox 1375 2935 1545 3000; x_wconf 91' lang='lat' dir='ltr'>excitarent</span> <span class='ocrx_word' id='word_1_294' title='bbox 1570 2937 1607 2999; x_wconf 90' lang='lat' dir='ltr'>ad</span> <span class='ocrx_word' id='word_1_295' title='bbox 1635 2938 1834 3001; x_wconf 90' lang='lat' dir='ltr'>devotionem</span> <span class='ocrx_word' id='word_1_296' title='bbox 1859 2939 2058 3018; x_wconf 90' lang='lat' dir='ltr'>relinquendi</span> <span class='ocrx_word' id='word_1_297' title='bbox 2086 2939 2118 3002; x_wconf 94' lang='lat' dir='ltr'>in</span> 
     </span>
    </p>

    <p class='ocr_par' dir='ltr' id='par_1_27' title="bbox 574 3031 2118 3110">
     <span class='ocr_line' id='line_1_27' title="bbox 574 3031 2118 3110; baseline -0.002 -13"><span class='ocrx_word' id='word_1_298' title='bbox 574 3035 720 3098; x_wconf 92' lang='lat' dir='ltr'>omnibus</span> <span class='ocrx_word' id='word_1_299' title='bbox 741 3043 773 3097; x_wconf 93' lang='lat' dir='ltr'>et</span> <span class='ocrx_word' id='word_1_300' title='bbox 793 3033 937 3110; x_wconf 69' lang='lat' dir='ltr'>singulis</span> <span class='ocrx_word' id='word_1_301' title='bbox 953 3031 1080 3094; x_wconf 90' lang='lat' dir='ltr'>illorum</span> <span class='ocrx_word' id='word_1_302' title='bbox 1096 3037 1219 3094; x_wconf 81' lang='lat' dir='ltr'>tenores</span> <span class='ocrx_word' id='word_1_303' title='bbox 1233 3047 1320 3109; x_wconf 92' lang='lat' dir='ltr'>prae·</span> <span class='ocrx_word' id='word_1_304' title='bbox 1374 3031 1437 3092; x_wconf 90' lang='lat' dir='ltr'>suis</span> <span class='ocrx_word' id='word_1_305' title='bbox 1459 3032 1651 3094; x_wconf 88' lang='lat' dir='ltr'>testamentis</span> <span class='ocrx_word' id='word_1_306' title='bbox 1671 3031 1785 3110; x_wconf 88' lang='lat' dir='ltr'>aliquid</span> <span class='ocrx_word' id='word_1_307' title='bbox 1799 3031 1857 3094; x_wconf 92' lang='lat' dir='ltr'>sibi</span> <span class='ocrx_word' id='word_1_308' title='bbox 1879 3032 2061 3096; x_wconf 88' lang='lat' dir='ltr'>benerisum</span> <span class='ocrx_word' id='word_1_309' title='bbox 2076 3033 2118 3096; x_wconf 91' lang='lat' dir='ltr'>fa-</span> 
     </span>
    </p>

    <p class='ocr_par' dir='ltr' id='par_1_28' title="bbox 574 3124 2117 3206">
     <span class='ocr_line' id='line_1_28' title="bbox 574 3124 2117 3206; baseline -0.001 -17"><span class='ocrx_word' id='word_1_310' title='bbox 574 3129 713 3191; x_wconf 89' lang='lat' dir='ltr'>sentibus</span> <span class='ocrx_word' id='word_1_311' title='bbox 728 3143 782 3206; x_wconf 91' lang='lat' dir='ltr'>pro</span> <span class='ocrx_word' id='word_1_312' title='bbox 803 3127 896 3206; x_wconf 92' lang='lat' dir='ltr'>plene</span> <span class='ocrx_word' id='word_1_313' title='bbox 910 3135 941 3188; x_wconf 90' lang='lat' dir='ltr'>et</span> <span class='ocrx_word' id='word_1_314' title='bbox 956 3125 1147 3188; x_wconf 80' lang='lat' dir='ltr'>sufficienter</span> <span class='ocrx_word' id='word_1_315' title='bbox 1167 3125 1319 3203; x_wconf 86' lang='lat' dir='ltr'>expressis</span> <span class='ocrx_word' id='word_1_316' title='bbox 1374 3139 1450 3187; x_wconf 91' lang='lat' dir='ltr'>vore</span> <span class='ocrx_word' id='word_1_317' title='bbox 1479 3124 1645 3204; x_wconf 91' lang='lat' dir='ltr'>supradicti</span> <span class='ocrx_word' id='word_1_318' title='bbox 1674 3125 1803 3202; x_wconf 89' lang='lat' dir='ltr'>llontis,</span> <span class='ocrx_word' id='word_1_319' title='bbox 1831 3134 1866 3188; x_wconf 91' lang='lat' dir='ltr'>ut</span> <span class='ocrx_word' id='word_1_320' title='bbox 1890 3128 1927 3189; x_wconf 91' lang='lat' dir='ltr'>de</span> <span class='ocrx_word' id='word_1_321' title='bbox 1953 3127 2117 3204; x_wconf 80' lang='lat' dir='ltr'>sum-agiis,</span> 
     </span>
    </p>

    <p class='ocr_par' dir='ltr' id='par_1_29' title="bbox 573 3217 2117 3298">
     <span class='ocr_line' id='line_1_29' title="bbox 573 3217 2117 3298; baseline 0 -16"><span class='ocrx_word' id='word_1_322' title='bbox 573 3237 607 3284; x_wconf 92' lang='lat' dir='ltr'>ac</span> <span class='ocrx_word' id='word_1_323' title='bbox 628 3223 663 3286; x_wconf 90' lang='lat' dir='ltr'>ad</span> <span class='ocrx_word' id='word_1_324' title='bbox 685 3221 816 3284; x_wconf 86' lang='lat' dir='ltr'>verbum</span> <span class='ocrx_word' id='word_1_325' title='bbox 838 3220 962 3282; x_wconf 90' lang='lat' dir='ltr'>insertis</span> <span class='ocrx_word' id='word_1_326' title='bbox 983 3219 1144 3293; x_wconf 89' lang='lat' dir='ltr'>babentes,</span> <span class='ocrx_word' id='word_1_327' title='bbox 1167 3217 1228 3280; x_wconf 93' lang='lat' dir='ltr'>illis</span> <span class='ocrx_word' id='word_1_328' title='bbox 1247 3217 1319 3278; x_wconf 84' lang='lat' dir='ltr'>alids</span> <span class='ocrx_word' id='word_1_329' title='bbox 1374 3235 1534 3296; x_wconf 88' lang='lat' dir='ltr'>quaecum</span> <span class='ocrx_word' id='word_1_330' title='bbox 1548 3219 1636 3282; x_wconf 90' lang='lat' dir='ltr'>dictis</span> <span class='ocrx_word' id='word_1_331' title='bbox 1649 3219 1855 3298; x_wconf 78' lang='lat' dir='ltr'>eleemosynis</span> <span class='ocrx_word' id='word_1_332' title='bbox 1869 3219 2117 3295; x_wconf 87' lang='lat' dir='ltr'>celebrabantur,</span> 
     </span>
    </p>

    <p class='ocr_par' dir='ltr' id='par_1_30' title="bbox 574 3311 2118 3392">
     <span class='ocr_line' id='line_1_30' title="bbox 574 3311 2118 3392; baseline -0.001 -16"><span class='ocrx_word' id='word_1_333' title='bbox 574 3315 606 3376; x_wconf 94' lang='lat' dir='ltr'>in</span> <span class='ocrx_word' id='word_1_334' title='bbox 628 3331 683 3376; x_wconf 93' lang='lat' dir='ltr'>suo</span> <span class='ocrx_word' id='word_1_335' title='bbox 704 3315 815 3376; x_wconf 91' lang='lat' dir='ltr'>robore</span> <span class='ocrx_word' id='word_1_336' title='bbox 834 3312 1058 3392; x_wconf 87' lang='lat' dir='ltr'>permansuris,</span> <span class='ocrx_word' id='word_1_337' title='bbox 1081 3313 1115 3374; x_wconf 90' lang='lat' dir='ltr'>ad</span> <span class='ocrx_word' id='word_1_338' title='bbox 1138 3311 1318 3390; x_wconf 89' lang='lat' dir='ltr'>praemisso·</span> <span class='ocrx_word' id='word_1_339' title='bbox 1374 3312 1555 3392; x_wconf 91' lang='lat' dir='ltr'>participare</span> <span class='ocrx_word' id='word_1_340' title='bbox 1582 3319 1717 3392; x_wconf 90' lang='lat' dir='ltr'>possent,</span> <span class='ocrx_word' id='word_1_341' title='bbox 1744 3312 1925 3376; x_wconf 86' lang='lat' dir='ltr'>auctoritate</span> <span class='ocrx_word' id='word_1_342' title='bbox 1954 3311 2118 3392; x_wconf 79' lang='lat' dir='ltr'>apostolica</span> 
     </span>
    </p>

    <p class='ocr_par' dir='ltr' id='par_1_31' title="bbox 573 3404 2117 3486">
     <span class='ocr_line' id='line_1_31' title="bbox 573 3404 2117 3486; baseline -0.002 -15"><span class='ocrx_word' id='word_1_343' title='bbox 573 3425 645 3472; x_wconf 92' lang='lat' dir='ltr'>rum</span> <span class='ocrx_word' id='word_1_344' title='bbox 665 3409 821 3482; x_wconf 76' lang='lat' dir='ltr'>eflectum,</span> <span class='ocrx_word' id='word_1_345' title='bbox 846 3407 900 3468; x_wconf 87' lang='lat' dir='ltr'>bac</span> <span class='ocrx_word' id='word_1_346' title='bbox 920 3407 988 3468; x_wconf 91' lang='lat' dir='ltr'>vice</span> <span class='ocrx_word' id='word_1_347' title='bbox 1012 3404 1183 3478; x_wconf 85' lang='lat' dir='ltr'>dumtaxat,</span> <span class='ocrx_word' id='word_1_348' title='bbox 1205 3404 1318 3482; x_wconf 90' lang='lat' dir='ltr'>specia-</span> <span class='ocrx_word' id='word_1_349' title='bbox 1374 3405 1616 3470; x_wconf 89' lang='lat' dir='ltr'>insinuavimus:</span> <span class='ocrx_word' id='word_1_350' title='bbox 1640 3421 1702 3486; x_wconf 89' lang='lat' dir='ltr'>quo</span> <span class='ocrx_word' id='word_1_351' title='bbox 1728 3421 1803 3468; x_wconf 86' lang='lat' dir='ltr'>vero</span> <span class='ocrx_word' id='word_1_352' title='bbox 1823 3406 1860 3467; x_wconf 93' lang='lat' dir='ltr'>ad</span> <span class='ocrx_word' id='word_1_353' title='bbox 1884 3407 1995 3486; x_wconf 92' lang='lat' dir='ltr'>petitas</span> <span class='ocrx_word' id='word_1_354' title='bbox 2016 3405 2117 3468; x_wconf 89' lang='lat' dir='ltr'>indul·</span> 
     </span>
    </p>

    <p class='ocr_par' dir='ltr' id='par_1_32' title="bbox 573 3498 2117 3580">
     <span class='ocr_line' id='line_1_32' title="bbox 573 3498 2117 3580; baseline -0.002 -16"><span class='ocrx_word' id='word_1_355' title='bbox 573 3503 645 3565; x_wconf 90' lang='lat' dir='ltr'>liter</span> <span class='ocrx_word' id='word_1_356' title='bbox 656 3511 687 3564; x_wconf 89' lang='lat' dir='ltr'>et</span> <span class='ocrx_word' id='word_1_357' title='bbox 701 3515 842 3580; x_wconf 89' lang='lat' dir='ltr'>expresse</span> <span class='ocrx_word' id='word_1_358' title='bbox 853 3501 1048 3576; x_wconf 84' lang='lat' dir='ltr'>derogamus3</span> <span class='ocrx_word' id='word_1_359' title='bbox 1061 3498 1234 3575; x_wconf 91' lang='lat' dir='ltr'>ceterisque</span> <span class='ocrx_word' id='word_1_360' title='bbox 1248 3511 1320 3558; x_wconf 90' lang='lat' dir='ltr'>con·</span> <span class='ocrx_word' id='word_1_361' title='bbox 1375 3501 1504 3577; x_wconf 87' lang='lat' dir='ltr'>gentias,</span> <span class='ocrx_word' id='word_1_362' title='bbox 1527 3500 1690 3577; x_wconf 90' lang='lat' dir='ltr'>negotium</span> <span class='ocrx_word' id='word_1_363' title='bbox 1710 3501 1746 3562; x_wconf 88' lang='lat' dir='ltr'>ad</span> <span class='ocrx_word' id='word_1_364' title='bbox 1769 3500 2051 3577; x_wconf 83' lang='lat' dir='ltr'>congregationem</span> <span class='ocrx_word' id='word_1_365' title='bbox 2065 3515 2117 3562; x_wconf 90' lang='lat' dir='ltr'>ve·</span> 
     </span>
    </p>

    <p class='ocr_par' dir='ltr' id='par_1_33' title="bbox 574 3592 2119 3673">
     <span class='ocr_line' id='line_1_33' title="bbox 574 3592 2119 3673; baseline 0 -15"><span class='ocrx_word' id='word_1_366' title='bbox 574 3596 677 3658; x_wconf 88' lang='lat' dir='ltr'>trariis</span> <span class='ocrx_word' id='word_1_367' title='bbox 697 3595 953 3673; x_wconf 90' lang='lat' dir='ltr'>quibuscumque.</span> <span class='ocrx_word' id='word_1_368' title='bbox 1375 3593 1560 3656; x_wconf 90' lang='lat' dir='ltr'>nerabilium</span> <span class='ocrx_word' id='word_1_369' title='bbox 1571 3593 1704 3656; x_wconf 86' lang='lat' dir='ltr'>fratrum</span> <span class='ocrx_word' id='word_1_370' title='bbox 1715 3599 1892 3656; x_wconf 92' lang='lat' dir='ltr'>nostrorum</span> <span class='ocrx_word' id='word_1_371' title='bbox 1905 3592 1936 3655; x_wconf 92' lang='lat' dir='ltr'>S.</span> <span class='ocrx_word' id='word_1_372' title='bbox 1947 3593 1981 3656; x_wconf 82' lang='lat' dir='ltr'>ll.</span> <span class='ocrx_word' id='word_1_373' title='bbox 1997 3593 2031 3655; x_wconf 84' lang='grc' dir='ltr'>Ε.</span> <span class='ocrx_word' id='word_1_374' title='bbox 2046 3595 2119 3658; x_wconf 82' lang='lat' dir='ltr'>Car-</span> 
     </span>
    </p>

    <p class='ocr_par' dir='ltr' id='par_1_34' title="bbox 614 3683 2118 3765">
     <span class='ocr_line' id='line_1_34' title="bbox 614 3683 2118 3765; baseline -0.001 -15"><span class='ocrx_word' id='word_1_375' title='bbox 614 3690 725 3750; x_wconf 86' lang='lat' dir='ltr'>batum</span> <span class='ocrx_word' id='word_1_376' title='bbox 753 3686 868 3748; x_wconf 85' lang='lat' dir='ltr'>Romae</span> <span class='ocrx_word' id='word_1_377' title='bbox 892 3685 973 3764; x_wconf 93' lang='lat' dir='ltr'>apud</span> <span class='ocrx_word' id='word_1_378' title='bbox 994 3684 1025 3748; x_wconf 89' lang='lat' dir='ltr'>S.</span> <span class='ocrx_word' id='word_1_379' title='bbox 1039 3684 1166 3746; x_wconf 88' lang='lat' dir='ltr'>Petrum</span> <span class='ocrx_word' id='word_1_380' title='bbox 1187 3683 1245 3745; x_wconf 94' lang='lat' dir='ltr'>sub</span> <span class='ocrx_word' id='word_1_381' title='bbox 1266 3699 1318 3745; x_wconf 93' lang='lat' dir='ltr'>an·</span> <span class='ocrx_word' id='word_1_382' title='bbox 1374 3687 1526 3750; x_wconf 92' lang='lat' dir='ltr'>diualium</span> <span class='ocrx_word' id='word_1_383' title='bbox 1559 3687 1651 3749; x_wconf 90' lang='lat' dir='ltr'>sacris</span> <span class='ocrx_word' id='word_1_384' title='bbox 1681 3685 1821 3765; x_wconf 89' lang='lat' dir='ltr'>reliquiis</span> <span class='ocrx_word' id='word_1_385' title='bbox 1851 3695 1883 3749; x_wconf 91' lang='lat' dir='ltr'>et</span> <span class='ocrx_word' id='word_1_386' title='bbox 1913 3686 2118 3764; x_wconf 87' lang='lat' dir='ltr'>indulgentiis</span> 
     </span>
    </p>

    <p class='ocr_par' dir='ltr' id='par_1_35' title="bbox 574 3777 2117 3858">
     <span class='ocr_line' id='line_1_35' title="bbox 574 3777 2117 3858; baseline -0.003 -13"><span class='ocrx_word' id='word_1_387' title='bbox 574 3777 649 3845; x_wconf 93' lang='lat' dir='ltr'>nulo</span> <span class='ocrx_word' id='word_1_388' title='bbox 674 3779 986 3842; x_wconf 88' lang='lat' dir='ltr'>Piscatorisdiexxv.</span> <span class='ocrx_word' id='word_1_389' title='bbox 1011 3779 1089 3841; x_wconf 92' lang='lat' dir='ltr'>iunii</span> <span class='ocrx_word' id='word_1_390' title='bbox 1111 3793 1317 3853; x_wconf 68' lang='lat' dir='ltr'>uuccxxvrr,</span> <span class='ocrx_word' id='word_1_391' title='bbox 1375 3779 1620 3858; x_wconf 89' lang='lat' dir='ltr'>praepositorum</span> <span class='ocrx_word' id='word_1_392' title='bbox 1646 3780 1839 3842; x_wconf 92' lang='lat' dir='ltr'>remisimus:</span> <span class='ocrx_word' id='word_1_393' title='bbox 1862 3787 1894 3842; x_wconf 87' lang='lat' dir='ltr'>ct</span> <span class='ocrx_word' id='word_1_394' title='bbox 1918 3779 2003 3855; x_wconf 79' lang='lat' dir='ltr'>aliis,</span> <span class='ocrx_word' id='word_1_395' title='bbox 2025 3785 2117 3858; x_wconf 92' lang='lat' dir='ltr'>prout</span> 
     </span>
    </p>

    <p class='ocr_par' dir='ltr' id='par_1_36' title="bbox 574 3873 2117 3954">
     <span class='ocr_line' id='line_1_36' title="bbox 574 3873 2117 3954; baseline -0.001 -17"><span class='ocrx_word' id='word_1_396' title='bbox 574 3875 769 3954; x_wconf 83' lang='lat' dir='ltr'>pontificatus</span> <span class='ocrx_word' id='word_1_397' title='bbox 790 3873 886 3935; x_wconf 90' lang='lat' dir='ltr'>nostri</span> <span class='ocrx_word' id='word_1_398' title='bbox 909 3888 990 3935; x_wconf 92' lang='lat' dir='ltr'>anno</span> <span class='ocrx_word' id='word_1_399' title='bbox 1014 3887 1055 3932; x_wconf 78' lang='grc' dir='ltr'>ιν.</span> <span class='ocrx_word' id='word_1_400' title='bbox 1375 3874 1408 3936; x_wconf 93' lang='lat' dir='ltr'>in</span> <span class='ocrx_word' id='word_1_401' title='bbox 1431 3874 1545 3936; x_wconf 91' lang='lat' dir='ltr'>nostris</span> <span class='ocrx_word' id='word_1_402' title='bbox 1566 3873 1678 3936; x_wconf 91' lang='lat' dir='ltr'>litteris</span> <span class='ocrx_word' id='word_1_403' title='bbox 1699 3875 1831 3952; x_wconf 85' lang='lat' dir='ltr'>desuper</span> <span class='ocrx_word' id='word_1_404' title='bbox 1851 3873 1883 3935; x_wconf 91' lang='lat' dir='ltr'>in</span> <span class='ocrx_word' id='word_1_405' title='bbox 1904 3873 1999 3936; x_wconf 91' lang='lat' dir='ltr'>simili</span> <span class='ocrx_word' id='word_1_406' title='bbox 2020 3873 2117 3936; x_wconf 79' lang='lat' dir='ltr'>forma</span> 
     </span>
    </p>

    <p class='ocr_par' dir='ltr' id='par_1_37' title="bbox 1375 3966 2117 4046">
     <span class='ocr_line' id='line_1_37' title="bbox 1375 3966 2117 4046; baseline -0.003 -16"><span class='ocrx_word' id='word_1_407' title='bbox 1375 3967 1482 4031; x_wconf 87' lang='lat' dir='ltr'>Brevis</span> <span class='ocrx_word' id='word_1_408' title='bbox 1502 3968 1552 4030; x_wconf 89' lang='lat' dir='ltr'>die</span> <span class='ocrx_word' id='word_1_409' title='bbox 1574 3985 1595 4030; x_wconf 89' lang='lat' dir='ltr'>t.</span> <span class='ocrx_word' id='word_1_410' title='bbox 1618 3967 1765 4030; x_wconf 87' lang='lat' dir='ltr'>februarii</span> <span class='ocrx_word' id='word_1_411' title='bbox 1782 3966 1856 4029; x_wconf 95' lang='lat' dir='ltr'>anni</span> <span class='ocrx_word' id='word_1_412' title='bbox 1877 3967 2016 4046; x_wconf 92' lang='lat' dir='ltr'>proxime</span> <span class='ocrx_word' id='word_1_413' title='bbox 2031 3981 2117 4046; x_wconf 89' lang='lat' dir='ltr'>prae-</span> 
     </span>
    </p>

    <p class='ocr_par' dir='ltr' id='par_1_38' title="bbox 1376 4059 2116 4141">
     <span class='ocr_line' id='line_1_38' title="bbox 1376 4059 2116 4141; baseline 0.001 -19"><span class='ocrx_word' id='word_1_414' title='bbox 1376 4061 1460 4124; x_wconf 91' lang='lat' dir='ltr'>teriti</span> <span class='ocrx_word' id='word_1_415' title='bbox 1480 4059 1642 4140; x_wconf 88' lang='lat' dir='ltr'>expeditis,</span> <span class='ocrx_word' id='word_1_416' title='bbox 1665 4075 1798 4141; x_wconf 87' lang='lat' dir='ltr'>quarum</span> <span class='ocrx_word' id='word_1_417' title='bbox 1819 4069 1961 4124; x_wconf 90' lang='lat' dir='ltr'>tenorem</span> <span class='ocrx_word' id='word_1_418' title='bbox 1975 4073 2116 4141; x_wconf 89' lang='lat' dir='ltr'>praesen·</span> 
     </span>
    </p>

    <p class='ocr_par' dir='ltr' id='par_1_39' title="bbox 910 4153 2118 4236">
     <span class='ocr_line' id='line_1_39' title="bbox 910 4153 2118 4236; baseline -0.002 -17"><span class='ocrx_word' id='word_1_419' title='bbox 910 4161 978 4226; x_wconf 81' lang='lat' dir='ltr'>xx.</span> <span class='ocrx_word' id='word_1_420' title='bbox 1374 4153 1455 4218; x_wconf 90' lang='lat' dir='ltr'>tibus</span> <span class='ocrx_word' id='word_1_421' title='bbox 1476 4169 1531 4236; x_wconf 90' lang='lat' dir='ltr'>pro</span> <span class='ocrx_word' id='word_1_422' title='bbox 1552 4154 1645 4232; x_wconf 89' lang='lat' dir='ltr'>plene</span> <span class='ocrx_word' id='word_1_423' title='bbox 1665 4163 1697 4218; x_wconf 91' lang='lat' dir='ltr'>et</span> <span class='ocrx_word' id='word_1_424' title='bbox 1716 4153 1906 4218; x_wconf 81' lang='lat' dir='ltr'>sufficienter</span> <span class='ocrx_word' id='word_1_425' title='bbox 1926 4169 2070 4233; x_wconf 81' lang='lat' dir='ltr'>expresso</span> <span class='ocrx_word' id='word_1_426' title='bbox 2084 4169 2118 4216; x_wconf 89' lang='lat' dir='ltr'>ac</span> 
     </span>
    </p>

    <p class='ocr_par' dir='ltr' id='par_1_40' title="bbox 1374 4247 2117 4312">
     <span class='ocr_line' id='line_1_40' title="bbox 1374 4247 2117 4312; baseline 0.001 -2"><span class='ocrx_word' id='word_1_427' title='bbox 1374 4249 1411 4310; x_wconf 93' lang='lat' dir='ltr'>de</span> <span class='ocrx_word' id='word_1_428' title='bbox 1432 4249 1528 4311; x_wconf 91' lang='lat' dir='ltr'>verbo</span> <span class='ocrx_word' id='word_1_429' title='bbox 1549 4248 1739 4312; x_wconf 89' lang='lat' dir='ltr'>adverbum</span> <span class='ocrx_word' id='word_1_430' title='bbox 1765 4249 1882 4312; x_wconf 89' lang='lat' dir='ltr'>inserto</span> <span class='ocrx_word' id='word_1_431' title='bbox 1902 4247 2007 4310; x_wconf 89' lang='lat' dir='ltr'>baberi</span> <span class='ocrx_word' id='word_1_432' title='bbox 2029 4247 2117 4312; x_wconf 94' lang='lat' dir='ltr'>volu·</span> 
     </span>
    </p>

    <p class='ocr_par' dir='ltr' id='par_1_41' title="bbox 573 4342 1815 4423">
     <span class='ocr_line' id='line_1_41' title="bbox 573 4342 1815 4423; baseline -0.011 -7"><span class='ocrx_word' id='word_1_433' title='bbox 573 4350 701 4416; x_wconf 84' lang='lat' dir='ltr'>Statuit</span> <span class='ocrx_word' id='word_1_434' title='bbox 730 4355 768 4414; x_wconf 87' lang='lat' dir='ltr'>ut</span> <span class='ocrx_word' id='word_1_435' title='bbox 795 4365 885 4411; x_wconf 82' lang='lat' dir='ltr'>nemo</span> <span class='ocrx_word' id='word_1_436' title='bbox 917 4355 1143 4412; x_wconf 83' lang='lat' dir='ltr'>testamentum</span> <span class='ocrx_word' id='word_1_437' title='bbox 1168 4346 1317 4423; x_wconf 79' lang='lat' dir='ltr'>conficere</span> <span class='ocrx_word' id='word_1_438' title='bbox 1373 4357 1455 4417; x_wconf 90' lang='lat' dir='ltr'>mus,</span> <span class='ocrx_word' id='word_1_439' title='bbox 1478 4343 1604 4404; x_wconf 92' lang='lat' dir='ltr'>uberius</span> <span class='ocrx_word' id='word_1_440' title='bbox 1624 4342 1815 4405; x_wconf 91' lang='lat' dir='ltr'>continetur.</span> 
     </span>
    </p>

    <p class='ocr_par' dir='ltr' id='par_1_42' title="bbox 610 4433 2391 4710">
     <span class='ocr_line' id='line_1_42' title="bbox 611 4433 2391 4524; baseline -0.013 -17"><span class='ocrx_word' id='word_1_441' title='bbox 611 4441 818 4524; x_wconf 80' lang='lat' dir='ltr'>inpartibus</span> <span class='ocrx_word' id='word_1_442' title='bbox 842 4440 1316 4519; x_wconf 59' lang='lat' dir='ltr'>ludicrumcateatqutcott-</span> <span class='ocrx_word' id='word_1_443' title='bbox 1412 4433 1481 4508; x_wconf 71' lang='lat'>52.</span> <span class='ocrx_word' id='word_1_444' title='bbox 1506 4435 1586 4497; x_wconf 87' lang='lat' dir='ltr'>Cum</span> <span class='ocrx_word' id='word_1_445' title='bbox 1606 4441 1728 4508; x_wconf 91' lang='lat' dir='ltr'>autem,</span> <span class='ocrx_word' id='word_1_446' title='bbox 1750 4434 1829 4496; x_wconf 92' lang='lat' dir='ltr'>sicut</span> <span class='ocrx_word' id='word_1_447' title='bbox 1853 4449 1910 4512; x_wconf 93' lang='lat' dir='ltr'>pro</span> <span class='ocrx_word' id='word_1_448' title='bbox 1930 4441 2016 4513; x_wconf 91' lang='lat' dir='ltr'>parte</span> <span class='ocrx_word' id='word_1_449' title='bbox 2042 4433 2117 4497; x_wconf 91' lang='lat' dir='ltr'>dicti</span> <span class='ocrx_word' id='word_1_450' title='bbox 2219 4442 2327 4506; x_wconf 70' lang='lat' dir='ltr'>repentae</span> <span class='ocrx_word' id='word_1_451' title='bbox 2390 4509 2391 4514; x_wconf 6' lang='grc' dir='ltr'><strong>Ἰ</strong></span> 
     </span>
     <span class='ocr_line' id='line_1_43' title="bbox 611 4495 2391 4617; baseline -0.004 -15"><span class='ocrx_word' id='word_1_452' title='bbox 611 4555 706 4617; x_wconf 85' lang='lat' dir='ltr'>quom</span> <span class='ocrx_word' id='word_1_453' title='bbox 727 4539 954 4614; x_wconf 81' lang='lat' dir='ltr'>eleemosynam</span> <span class='ocrx_word' id='word_1_454' title='bbox 969 4534 1196 4614; x_wconf 81' lang='lat' dir='ltr'>applicandum</span> <span class='ocrx_word' id='word_1_455' title='bbox 1214 4531 1316 4594; x_wconf 79' lang='lat' dir='ltr'>diecti</span> <span class='ocrx_word' id='word_1_456' title='bbox 1373 4527 1505 4607; x_wconf 90' lang='lat' dir='ltr'>Philippi</span> <span class='ocrx_word' id='word_1_457' title='bbox 1526 4527 1608 4606; x_wconf 90' lang='lat' dir='ltr'>regis</span> <span class='ocrx_word' id='word_1_458' title='bbox 1629 4528 1835 4591; x_wconf 90' lang='lat' dir='ltr'>noblsdenuo</span> <span class='ocrx_word' id='word_1_459' title='bbox 1854 4529 2115 4608; x_wconf 85' lang='lat' dir='ltr'>exposttcmtuit,</span> <span class='ocrx_word' id='word_1_460' title='bbox 2135 4495 2327 4604; x_wconf 53' lang='grc' dir='ltr'>Βῖιῖἷῗιῗρῗᾞὲξεῗ</span> <span class='ocrx_word' id='word_1_461' title='bbox 2390 4543 2391 4602; x_wconf 81' lang='lat' dir='ltr'>l</span> 
     </span>
     <span class='ocr_line' id='line_1_44' title="bbox 610 4605 2391 4710; baseline -0.003 -16"><span class='ocrx_word' id='word_1_462' title='bbox 610 4640 712 4696; x_wconf 85' lang='lat' dir='ltr'>erecto</span> <span class='ocrx_word' id='word_1_463' title='bbox 733 4647 790 4709; x_wconf 85' lang='lat' dir='ltr'>pro</span> <span class='ocrx_word' id='word_1_464' title='bbox 811 4629 982 4694; x_wconf 83' lang='lat' dir='ltr'>animabus</span> <span class='ocrx_word' id='word_1_465' title='bbox 1010 4628 1197 4710; x_wconf 76' lang='lat' dir='ltr'>purgatorii</span> <span class='ocrx_word' id='word_1_466' title='bbox 1219 4626 1316 4688; x_wconf 84' lang='lat' dir='ltr'>reliu-</span> <span class='ocrx_word' id='word_1_467' title='bbox 1373 4621 1436 4700; x_wconf 92' lang='lat' dir='ltr'>ipse</span> <span class='ocrx_word' id='word_1_468' title='bbox 1456 4621 1596 4699; x_wconf 90' lang='lat' dir='ltr'>personis</span> <span class='ocrx_word' id='word_1_469' title='bbox 1616 4621 1832 4695; x_wconf 89' lang='lat' dir='ltr'>saecularibus,</span> <span class='ocrx_word' id='word_1_470' title='bbox 1848 4637 1889 4685; x_wconf 90' lang='lat' dir='ltr'>nc</span> <span class='ocrx_word' id='word_1_471' title='bbox 1903 4623 2006 4687; x_wconf 91' lang='lat' dir='ltr'>ullum</span> <span class='ocrx_word' id='word_1_472' title='bbox 2027 4631 2117 4690; x_wconf 85' lang='lat' dir='ltr'>testa·</span> <span class='ocrx_word' id='word_1_473' title='bbox 2390 4605 2391 4695; x_wconf 73' lang='lat' dir='ltr'>l</span> 
     </span>
    </p>

    <p class='ocr_par' dir='ltr' id='par_1_43' title="bbox 611 4715 2116 4806">
     <span class='ocr_line' id='line_1_45' title="bbox 611 4715 2116 4806; baseline 0.003 -30"><span class='ocrx_word' id='word_1_474' title='bbox 611 4733 687 4806; x_wconf 60' lang='lat' dir='ltr'>quas</span> <span class='ocrx_word' id='word_1_475' title='bbox 706 4725 762 4806; x_wconf 77' lang='lat' dir='ltr'>(t),</span> <span class='ocrx_word' id='word_1_476' title='bbox 1372 4723 1517 4778; x_wconf 90' lang='lat' dir='ltr'>mentum</span> <span class='ocrx_word' id='word_1_477' title='bbox 1538 4715 1571 4776; x_wconf 94' lang='lat' dir='ltr'>in</span> <span class='ocrx_word' id='word_1_478' title='bbox 1592 4715 1654 4776; x_wconf 91' lang='lat' dir='ltr'>illis</span> <span class='ocrx_word' id='word_1_479' title='bbox 1672 4715 1810 4794; x_wconf 91' lang='lat' dir='ltr'>partibus</span> <span class='ocrx_word' id='word_1_480' title='bbox 1825 4716 1892 4778; x_wconf 90' lang='lat' dir='ltr'>lieri</span> <span class='ocrx_word' id='word_1_481' title='bbox 1913 4717 2024 4794; x_wconf 89' lang='lat' dir='ltr'>valeat,</span> <span class='ocrx_word' id='word_1_482' title='bbox 2040 4720 2116 4798; x_wconf 93' lang='lat' dir='ltr'>quin</span> 
     </span>
    </p>
   </div>
   <div class='ocr_carea' id='block_1_3' title="bbox 738 4807 2117 4982">
    <p class='ocr_par' dir='ltr' id='par_1_44' title="bbox 738 4807 2117 4982">
     <span class='ocr_line' id='line_1_46' title="bbox 1372 4807 2116 4888; baseline 0.008 -19"><span class='ocrx_word' id='word_1_483' title='bbox 1372 4807 1472 4887; x_wconf 92' lang='lat' dir='ltr'>aliqua</span> <span class='ocrx_word' id='word_1_484' title='bbox 1493 4809 1689 4888; x_wconf 82' lang='lat' dir='ltr'>eleemosyna</span> <span class='ocrx_word' id='word_1_485' title='bbox 1710 4823 1766 4888; x_wconf 94' lang='lat' dir='ltr'>pro</span> <span class='ocrx_word' id='word_1_486' title='bbox 1787 4810 1867 4873; x_wconf 90' lang='lat' dir='ltr'>dicto</span> <span class='ocrx_word' id='word_1_487' title='bbox 1892 4818 2001 4874; x_wconf 90' lang='lat' dir='ltr'>monte</span> <span class='ocrx_word' id='word_1_488' title='bbox 2021 4811 2116 4875; x_wconf 89' lang='lat' dir='ltr'>relin-</span> 
     </span>
     <span class='ocr_line' id='line_1_47' title="bbox 738 4893 2117 4982; baseline 0.003 -18"><span class='ocrx_word' id='word_1_489' title='bbox 738 4895 981 4964; x_wconf 64' lang='lat' dir='ltr'>senioretus</span> <span class='ocrx_word' id='word_1_490' title='bbox 998 4896 1058 4963; x_wconf 90' lang='grc' dir='ltr'>ΡΡ.</span> <span class='ocrx_word' id='word_1_491' title='bbox 1076 4893 1147 4962; x_wconf 86' lang='grc' dir='ltr'><strong>ΧΙΙΙ.</strong></span> <span class='ocrx_word' id='word_1_492' title='bbox 1373 4911 1501 4982; x_wconf 91' lang='lat' dir='ltr'>quatur,</span> <span class='ocrx_word' id='word_1_493' title='bbox 1524 4903 1699 4982; x_wconf 88' lang='lat' dir='ltr'>praecipere</span> <span class='ocrx_word' id='word_1_494' title='bbox 1726 4904 1836 4982; x_wconf 90' lang='lat' dir='ltr'>possit,</span> <span class='ocrx_word' id='word_1_495' title='bbox 1862 4911 1894 4966; x_wconf 90' lang='lat' dir='ltr'>et</span> <span class='ocrx_word' id='word_1_496' title='bbox 1915 4905 1946 4968; x_wconf 94' lang='lat' dir='ltr'>in</span> <span class='ocrx_word' id='word_1_497' title='bbox 1972 4905 2117 4969; x_wconf 88' lang='lat' dir='ltr'>facultate</span> 
     </span>
    </p>
   </div>
   <div class='ocr_carea' id='block_1_4' title="bbox 704 4997 2117 5171">
    <p class='ocr_par' dir='ltr' id='par_1_45' title="bbox 704 4997 2117 5171">
     <span class='ocr_line' id='line_1_48' title="bbox 704 4997 2117 5088; baseline -0.007 -15"><span class='ocrx_word' id='word_1_498' title='bbox 704 5019 741 5088; x_wconf 67' lang='lat' dir='ltr'>aq</span> <span class='ocrx_word' id='word_1_499' title='bbox 768 5019 897 5087; x_wconf 65' lang='lat' dir='ltr'>{upupam</span> <span class='ocrx_word' id='word_1_500' title='bbox 931 5019 974 5086; x_wconf 63' lang='lat' dir='ltr'>pet</span> <span class='ocrx_word' id='word_1_501' title='bbox 1003 5017 1182 5086; x_wconf 52' lang='lat' dir='ltr'>memoriam,</span> <span class='ocrx_word' id='word_1_502' title='bbox 1373 4997 1594 5078; x_wconf 85' lang='lat' dir='ltr'>Episcoporum</span> <span class='ocrx_word' id='word_1_503' title='bbox 1614 4997 1653 5060; x_wconf 92' lang='lat' dir='ltr'>sit</span> <span class='ocrx_word' id='word_1_504' title='bbox 1673 4997 1888 5060; x_wconf 92' lang='lat' dir='ltr'>ecclesiasticas</span> <span class='ocrx_word' id='word_1_505' title='bbox 1908 5015 2054 5078; x_wconf 91' lang='lat' dir='ltr'>personas</span> <span class='ocrx_word' id='word_1_506' title='bbox 2068 5001 2117 5064; x_wconf 87' lang='lat' dir='ltr'>ad·</span> 
     </span>
     <span class='ocr_line' id='line_1_49' title="bbox 1372 5090 2117 5171; baseline 0.004 -20"><span class='ocrx_word' id='word_1_507' title='bbox 1372 5090 1489 5152; x_wconf 87' lang='lat' dir='ltr'>hortari</span> <span class='ocrx_word' id='word_1_508' title='bbox 1511 5098 1546 5152; x_wconf 93' lang='lat' dir='ltr'>ut</span> <span class='ocrx_word' id='word_1_509' title='bbox 1567 5092 1599 5153; x_wconf 93' lang='lat' dir='ltr'>id</span> <span class='ocrx_word' id='word_1_510' title='bbox 1620 5091 1721 5169; x_wconf 89' lang='lat' dir='ltr'>ipsum</span> <span class='ocrx_word' id='word_1_511' title='bbox 1742 5107 1798 5171; x_wconf 93' lang='lat' dir='ltr'>pro</span> <span class='ocrx_word' id='word_1_512' title='bbox 1818 5094 1872 5153; x_wconf 79' lang='lat' dir='ltr'>sua</span> <span class='ocrx_word' id='word_1_513' title='bbox 1892 5091 2058 5155; x_wconf 84' lang='lat' dir='ltr'>devotione</span> <span class='ocrx_word' id='word_1_514' title='bbox 2075 5092 2117 5155; x_wconf 89' lang='lat' dir='ltr'>fa-</span> 
     </span>
    </p>
   </div>
   <div class='ocr_carea' id='block_1_5' title="bbox 340 5184 2118 5833">
    <p class='ocr_par' dir='ltr' id='par_1_46' title="bbox 340 5184 2118 5833">
     <span class='ocr_line' id='line_1_50' title="bbox 358 5184 2116 5274; baseline -0.004 -20"><span class='ocrx_word' id='word_1_515' title='bbox 358 5210 476 5256; x_wconf 75' lang='lat' dir='ltr'>nercuur</span> <span class='ocrx_word' id='word_1_516' title='bbox 490 5220 554 5256; x_wconf 73' lang='lat' dir='ltr'>orec·</span> <span class='ocrx_word' id='word_1_517' title='bbox 612 5199 631 5274; x_wconf 67' lang='grc' dir='ltr'><strong>ἓ</strong></span> <span class='ocrx_word' id='word_1_518' title='bbox 654 5196 680 5259; x_wconf 85' lang='lat' dir='ltr'>l.</span> <span class='ocrx_word' id='word_1_519' title='bbox 705 5198 797 5273; x_wconf 80' lang='lat' dir='ltr'>Alias,</span> <span class='ocrx_word' id='word_1_520' title='bbox 821 5197 948 5260; x_wconf 91' lang='lat' dir='ltr'>nomine</span> <span class='ocrx_word' id='word_1_521' title='bbox 970 5195 1117 5258; x_wconf 86' lang='lat' dir='ltr'>carissimi</span> <span class='ocrx_word' id='word_1_522' title='bbox 1140 5193 1172 5256; x_wconf 88' lang='lat' dir='ltr'>in</span> <span class='ocrx_word' id='word_1_523' title='bbox 1194 5190 1318 5254; x_wconf 79' lang='lat' dir='ltr'>Christo</span> <span class='ocrx_word' id='word_1_524' title='bbox 1372 5184 1465 5258; x_wconf 90' lang='lat' dir='ltr'>ciant,</span> <span class='ocrx_word' id='word_1_525' title='bbox 1488 5185 1514 5244; x_wconf 90' lang='lat' dir='ltr'>si</span> <span class='ocrx_word' id='word_1_526' title='bbox 1535 5184 1651 5260; x_wconf 91' lang='lat' dir='ltr'>velint,</span> <span class='ocrx_word' id='word_1_527' title='bbox 1681 5184 1812 5263; x_wconf 88' lang='lat' dir='ltr'>ideoque</span> <span class='ocrx_word' id='word_1_528' title='bbox 1832 5185 1930 5247; x_wconf 92' lang='lat' dir='ltr'>dictus</span> <span class='ocrx_word' id='word_1_529' title='bbox 1959 5185 2116 5266; x_wconf 86' lang='lat' dir='ltr'>Philippus</span> 
     </span>
     <span class='ocr_line' id='line_1_51' title="bbox 340 5262 2117 5380; baseline -0.011 -21"><span class='ocrx_word' id='word_1_530' title='bbox 340 5262 386 5360; x_wconf 52' lang='lat'>{¹5³⁵</span> <span class='ocrx_word' id='word_1_531' title='bbox 399 5267 555 5380; x_wconf 38' lang='grc' dir='ltr'>θῗρῖἓῖᾗῖἓῗῐ</span> <span class='ocrx_word' id='word_1_532' title='bbox 572 5293 630 5355; x_wconf 87' lang='lat' dir='ltr'>lilii</span> <span class='ocrx_word' id='word_1_533' title='bbox 651 5293 750 5354; x_wconf 92' lang='lat' dir='ltr'>nostri</span> <span class='ocrx_word' id='word_1_534' title='bbox 771 5291 903 5370; x_wconf 89' lang='lat' dir='ltr'>Philippi</span> <span class='ocrx_word' id='word_1_535' title='bbox 931 5289 1147 5368; x_wconf 87' lang='lat' dir='ltr'>Hispaniarum</span> <span class='ocrx_word' id='word_1_536' title='bbox 1168 5286 1250 5362; x_wconf 89' lang='lat' dir='ltr'>regis</span> <span class='ocrx_word' id='word_1_537' title='bbox 1271 5301 1319 5346; x_wconf 88' lang='lat' dir='ltr'>ca·</span> <span class='ocrx_word' id='word_1_538' title='bbox 1373 5293 1429 5338; x_wconf 86' lang='lat' dir='ltr'>rex</span> <span class='ocrx_word' id='word_1_539' title='bbox 1450 5284 1648 5356; x_wconf 88' lang='lat' dir='ltr'>praeceptum</span> <span class='ocrx_word' id='word_1_540' title='bbox 1669 5285 1732 5339; x_wconf 92' lang='lat' dir='ltr'>tam</span> <span class='ocrx_word' id='word_1_541' title='bbox 1753 5277 1837 5380; x_wconf 86' lang='lat' dir='ltr'>laicis</span> <span class='ocrx_word' id='word_1_542' title='bbox 1863 5293 1956 5358; x_wconf 90' lang='lat' dir='ltr'>quam</span> <span class='ocrx_word' id='word_1_543' title='bbox 1976 5277 2117 5342; x_wconf 86' lang='lat' dir='ltr'>ecclesia·</span> 
     </span>
     <span class='ocr_line' id='line_1_52' title="bbox 342 5371 2117 5462; baseline -0.01 -11"><span class='ocrx_word' id='word_1_544' title='bbox 342 5372 443 5416; x_wconf 59' lang='lat'>&#39;¹⁰¹¹‘¹⁵&#39;</span> <span class='ocrx_word' id='word_1_545' title='bbox 575 5386 679 5449; x_wconf 90' lang='lat' dir='ltr'>tholicl</span> <span class='ocrx_word' id='word_1_546' title='bbox 701 5385 789 5448; x_wconf 92' lang='lat' dir='ltr'>nobis</span> <span class='ocrx_word' id='word_1_547' title='bbox 813 5385 969 5462; x_wconf 87' lang='lat' dir='ltr'>exposito,</span> <span class='ocrx_word' id='word_1_548' title='bbox 991 5383 1089 5462; x_wconf 91' lang='lat' dir='ltr'>quod,</span> <span class='ocrx_word' id='word_1_549' title='bbox 1110 5397 1183 5445; x_wconf 91' lang='lat' dir='ltr'>cum</span> <span class='ocrx_word' id='word_1_550' title='bbox 1205 5383 1237 5442; x_wconf 92' lang='lat' dir='ltr'>in</span> <span class='ocrx_word' id='word_1_551' title='bbox 1264 5395 1317 5458; x_wconf 86' lang='lat' dir='ltr'>op</span> <span class='ocrx_word' id='word_1_552' title='bbox 1372 5371 1455 5433; x_wconf 88' lang='lat' dir='ltr'>sticis</span> <span class='ocrx_word' id='word_1_553' title='bbox 1470 5387 1525 5452; x_wconf 92' lang='lat' dir='ltr'>pro</span> <span class='ocrx_word' id='word_1_554' title='bbox 1539 5371 1735 5451; x_wconf 76' lang='lat' dir='ltr'>eleemosyna</span> <span class='ocrx_word' id='word_1_555' title='bbox 1750 5372 1782 5434; x_wconf 89' lang='lat' dir='ltr'>ln</span> <span class='ocrx_word' id='word_1_556' title='bbox 1801 5387 1911 5434; x_wconf 90' lang='lat' dir='ltr'>eorum</span> <span class='ocrx_word' id='word_1_557' title='bbox 1925 5374 2117 5435; x_wconf 88' lang='lat' dir='ltr'>testamentis</span> 
     </span>
     <span class='ocr_line' id='line_1_53' title="bbox 574 5465 2118 5560; baseline -0.01 -18"><span class='ocrx_word' id='word_1_558' title='bbox 574 5481 644 5560; x_wconf 89' lang='lat' dir='ltr'>pido</span> <span class='ocrx_word' id='word_1_559' title='bbox 676 5479 789 5542; x_wconf 89' lang='lat' dir='ltr'>llatriti</span> <span class='ocrx_word' id='word_1_560' title='bbox 821 5478 987 5541; x_wconf 83' lang='lat' dir='ltr'>Toletanae</span> <span class='ocrx_word' id='word_1_561' title='bbox 1019 5476 1163 5539; x_wconf 89' lang='lat' dir='ltr'>dioecesis</span> <span class='ocrx_word' id='word_1_562' title='bbox 1190 5475 1315 5554; x_wconf 92' lang='lat' dir='ltr'>quidam</span> <span class='ocrx_word' id='word_1_563' title='bbox 1373 5465 1788 5544; x_wconf 81' lang='lat' dir='ltr'>relinquendaetpraeotcto</span> <span class='ocrx_word' id='word_1_564' title='bbox 1808 5467 1908 5530; x_wconf 92' lang='lat' dir='ltr'>monti</span> <span class='ocrx_word' id='word_1_565' title='bbox 1929 5467 2118 5546; x_wconf 81' lang='lat' dir='ltr'>applicanda,</span> 
     </span>
     <span class='ocr_line' id='line_1_54' title="bbox 574 5559 2118 5650; baseline -0.01 -14"><span class='ocrx_word' id='word_1_566' title='bbox 574 5574 660 5636; x_wconf 88' lang='lat' dir='ltr'>lions</span> <span class='ocrx_word' id='word_1_567' title='bbox 682 5573 805 5635; x_wconf 87' lang='lat' dir='ltr'>Pietatis</span> <span class='ocrx_word' id='word_1_568' title='bbox 826 5587 882 5650; x_wconf 86' lang='lat' dir='ltr'>pro</span> <span class='ocrx_word' id='word_1_569' title='bbox 904 5570 1065 5632; x_wconf 91' lang='lat' dir='ltr'>animabus</span> <span class='ocrx_word' id='word_1_570' title='bbox 1086 5569 1117 5630; x_wconf 94' lang='lat' dir='ltr'>in</span> <span class='ocrx_word' id='word_1_571' title='bbox 1138 5567 1317 5648; x_wconf 90' lang='lat' dir='ltr'>purgatorio</span> <span class='ocrx_word' id='word_1_572' title='bbox 1373 5561 1410 5624; x_wconf 87' lang='lat' dir='ltr'>ad</span> <span class='ocrx_word' id='word_1_573' title='bbox 1430 5563 1489 5624; x_wconf 89' lang='lat' dir='ltr'>hoc</span> <span class='ocrx_word' id='word_1_574' title='bbox 1508 5569 1544 5624; x_wconf 91' lang='lat' dir='ltr'>ut</span> <span class='ocrx_word' id='word_1_575' title='bbox 1565 5560 1621 5634; x_wconf 90' lang='lat' dir='ltr'>illi,</span> <span class='ocrx_word' id='word_1_576' title='bbox 1644 5559 1698 5638; x_wconf 94' lang='lat' dir='ltr'>qui</span> <span class='ocrx_word' id='word_1_577' title='bbox 1719 5575 1758 5620; x_wconf 91' lang='lat' dir='ltr'>ex</span> <span class='ocrx_word' id='word_1_578' title='bbox 1778 5559 1839 5621; x_wconf 95' lang='lat' dir='ltr'>illis</span> <span class='ocrx_word' id='word_1_579' title='bbox 1865 5561 2004 5639; x_wconf 88' lang='lat' dir='ltr'>partibus</span> <span class='ocrx_word' id='word_1_580' title='bbox 2024 5573 2118 5621; x_wconf 88' lang='lat' dir='ltr'>vene-</span> 
     </span>
     <span class='ocr_line' id='line_1_55' title="bbox 573 5653 2116 5743; baseline -0.008 -17"><span class='ocrx_word' id='word_1_581' title='bbox 573 5666 784 5741; x_wconf 90' lang='lat' dir='ltr'>existentibus‚</span> <span class='ocrx_word' id='word_1_582' title='bbox 801 5665 850 5727; x_wconf 93' lang='lat' dir='ltr'>cui</span> <span class='ocrx_word' id='word_1_583' title='bbox 872 5664 936 5743; x_wconf 92' lang='lat' dir='ltr'>ipse</span> <span class='ocrx_word' id='word_1_584' title='bbox 957 5661 1114 5741; x_wconf 88' lang='lat' dir='ltr'>Philippus</span> <span class='ocrx_word' id='word_1_585' title='bbox 1136 5677 1190 5722; x_wconf 89' lang='lat' dir='ltr'>rex</span> <span class='ocrx_word' id='word_1_586' title='bbox 1212 5677 1267 5739; x_wconf 92' lang='lat' dir='ltr'>pro</span> <span class='ocrx_word' id='word_1_587' title='bbox 1282 5661 1318 5721; x_wconf 92' lang='lat' dir='ltr'>il·</span> <span class='ocrx_word' id='word_1_588' title='bbox 1373 5657 1449 5732; x_wconf 93' lang='lat' dir='ltr'>rint,</span> <span class='ocrx_word' id='word_1_589' title='bbox 1463 5672 1525 5718; x_wconf 93' lang='lat' dir='ltr'>non</span> <span class='ocrx_word' id='word_1_590' title='bbox 1548 5669 1658 5733; x_wconf 89' lang='lat' dir='ltr'>parum</span> <span class='ocrx_word' id='word_1_591' title='bbox 1679 5654 1882 5717; x_wconf 89' lang='lat' dir='ltr'>sublevamen</span> <span class='ocrx_word' id='word_1_592' title='bbox 1904 5655 1935 5716; x_wconf 94' lang='lat' dir='ltr'>in</span> <span class='ocrx_word' id='word_1_593' title='bbox 1956 5653 2116 5716; x_wconf 89' lang='lat' dir='ltr'>necessita·</span> 
     </span>
     <span class='ocr_line' id='line_1_56' title="bbox 573 5747 2114 5833; baseline -0.006 -15"><span class='ocrx_word' id='word_1_594' title='bbox 573 5759 632 5820; x_wconf 93' lang='lat' dir='ltr'>lius</span> <span class='ocrx_word' id='word_1_595' title='bbox 653 5758 819 5820; x_wconf 88' lang='lat' dir='ltr'>stabilitate</span> <span class='ocrx_word' id='word_1_596' title='bbox 832 5765 862 5820; x_wconf 87' lang='lat' dir='ltr'>et</span> <span class='ocrx_word' id='word_1_597' title='bbox 877 5761 1046 5833; x_wconf 87' lang='lat' dir='ltr'>augmento</span> <span class='ocrx_word' id='word_1_598' title='bbox 1061 5753 1227 5817; x_wconf 91' lang='lat' dir='ltr'>nonnullas</span> <span class='ocrx_word' id='word_1_599' title='bbox 1250 5769 1316 5830; x_wconf 88' lang='lat' dir='ltr'>gra·</span> <span class='ocrx_word' id='word_1_600' title='bbox 1373 5751 1454 5812; x_wconf 92' lang='lat' dir='ltr'>tibus</span> <span class='ocrx_word' id='word_1_601' title='bbox 1482 5751 1547 5813; x_wconf 91' lang='lat' dir='ltr'>suis</span> <span class='ocrx_word' id='word_1_602' title='bbox 1577 5747 1765 5827; x_wconf 88' lang='lat' dir='ltr'>percipiant,</span> <span class='ocrx_word' id='word_1_603' title='bbox 1795 5747 2054 5827; x_wconf 85' lang='lat' dir='ltr'>quemadmodum</span> <span class='ocrx_word' id='word_1_604' title='bbox 2082 5747 2114 5809; x_wconf 91' lang='lat' dir='ltr'>in</span> 
     </span>
    </p>
   </div>
   <div class='ocr_carea' id='block_1_6' title="bbox 825 4035 1063 4046">
    <p class='ocr_par' dir='ltr' id='par_1_47' title="bbox 825 4035 1063 4046">
     <span class='ocr_line' id='line_1_57' title="bbox 825 4035 1063 4046; baseline -0.008 0"><span class='ocrx_word' id='word_1_605' title='bbox 825 4035 1063 4046; x_wconf 77' lang='lat'>.-......-.--—</span> 
     </span>
    </p>
   </div>
   <div class='ocr_carea' id='block_1_7' title="bbox 612 5972 1031 6034">
    <p class='ocr_par' dir='ltr' id='par_1_48' title="bbox 612 5972 1031 6034">
     <span class='ocr_line' id='line_1_58' title="bbox 612 5972 1031 6034; baseline 0.012 -21"><span class='ocrx_word' id='word_1_606' title='bbox 612 5972 643 6034; x_wconf 69' lang='lat' dir='ltr'>(l)</span> <span class='ocrx_word' id='word_1_607' title='bbox 657 5977 694 6019; x_wconf 77' lang='lat' dir='ltr'>Ex</span> <span class='ocrx_word' id='word_1_608' title='bbox 708 5975 811 6032; x_wconf 82' lang='lat' dir='ltr'>Regest.</span> <span class='ocrx_word' id='word_1_609' title='bbox 827 5972 854 6018; x_wconf 90' lang='lat' dir='ltr'>in</span> <span class='ocrx_word' id='word_1_610' title='bbox 868 5973 943 6018; x_wconf 79' lang='lat' dir='ltr'>Arch.</span> <span class='ocrx_word' id='word_1_611' title='bbox 959 5975 1031 6018; x_wconf 86' lang='lat' dir='ltr'>Brev.</span> 
     </span>
    </p>
   </div>
   <div class='ocr_carea' id='block_1_8' title="bbox 0 0 2422 6998">
    <p class='ocr_par' dir='ltr' id='par_1_49' title="bbox 0 0 2422 6998">
     <span class='ocr_line' id='line_1_59' title="bbox 0 0 2422 6998; baseline 0 1"><span class='ocrx_word' id='word_1_612' title='bbox 0 0 2422 6998; x_wconf 95' lang='lat' dir='ltr'> </span> 
     </span>
    </p>
   </div>
  </div>
 </body>
</html>
