4878 6982
983 551 1191 604 insonueritis
1214 551 1270 600 xxi.

351 681 397 734 set
419 673 489 750 quis
511 689 526 734 a
547 669 709 752 superiore
730 674 933 754 dispensatus.
958 674 1097 752 Singulis

351 761 458 826 diebus
487 764 597 826 iaciant
618 781 673 843 per
701 768 887 830 «trasturas
913 768 1096 841 orationem,

350 857 413 918 uni
435 857 471 918 de
493 867 631 921 maneat
646 859 702 921 alia
718 862 755 923 dc
777 877 857 922 sero.
883 861 921 922 Et
943 875 1097 937 unaquae-

351 967 429 1028 quae
450 949 578 1014 istarum
601 953 749 1017 horarum
776 955 929 1033 implicata
951 955 1008 1016 erit
1031 970 1099 1033 par-

351 1043 407 1105 tim
430 1043 461 1104 in
484 1045 624 1108 oratione
649 1048 758 1121 vocali,
788 1056 818 1108 et
844 1049 956 1126 partim
980 1047 1011 1110 in
1033 1063 1099 1108 ora-

351 1137 435 1198 tione
457 1139 600 1215 mentali3
625 1148 655 1201 et
679 1141 712 1201 in
735 1140 844 1204 iliade
869 1157 939 1202 sero
960 1156 1098 1218 compre·

350 1231 505 1292 hendatur
526 1231 618 1293 etiam
641 1248 771 1294 examen
794 1233 1009 1296 conscientiae.
1030 1232 1099 1295 Sin-

351 1324 431 1400 gulis
466 1324 574 1387 diebus
608 1325 734 1388 audiant
768 1326 903 1388 missam.
941 1327 1100 1404 Frequen-

351 1423 420 1478 tent
446 1417 633 1480 sanctissima
665 1427 855 1481 sacramenta
886 1418 1099 1482 Poenitentiae

351 1519 382 1571 et
404 1511 659 1586 communionis,
686 1513 763 1574 itaut
784 1513 895 1575 saltem
916 1512 1032 1574 duabus
1055 1511 1099 1570 vi-

352 1604 437 1666 cibus
458 1605 492 1665 in
519 1619 640 1680 mense,
674 1606 756 1667 ultra
788 1606 956 1680 Paschatis,
989 1605 1098 1668 Pente-

345 1705 459 1782 ¹costes,
481 1697 628 1760 Omnium
654 1699 850 1772 Sanctorum,
871 1707 902 1759 et
924 1699 1099 1760 Natiuitatis

352 1789 474 1852 Domini
496 1791 942 1865 solemnitates,conliteamur
963 1799 994 1852 et
1016 1807 1099 1852 com-

352 1884 527 1946 municent.
545 1885 715 1948 observent
728 1886 889 1948 silentium
906 1887 938 1947 in
953 1887 1097 1958 oratorio,

352 1977 527 2052 refectorio,
550 1979 733 2041 dormitorio
748 1986 778 2039 et
801 1979 901 2056 cellis3
926 1987 956 2040 et
978 1979 1008 2039 in
1033 1978 1099 2039 aliis

353 2070 437 2144 locis,
462 2072 650 2149 minusque
672 2073 738 2134 lieri
768 2073 890 2150 poterit,
914 2071 1088 2150 loquantur.

115 2169 333 2266 eoufffirgffi‘mm
393 2179 451 2224 xxx.
475 2165 595 2226 Fratres
628 2165 720 2228 huius
749 2165 871 2228 Ordinis
900 2181 965 2226 esse
985 2165 1099 2226 debent

271 2257 275 2266 '
353 2257 430 2320 laici.
453 2256 669 2320 Permittimus
693 2267 796 2320 tamen
815 2258 895 2336 qnod
918 2274 999 2318 unus
1021 2257 1101 2334 ipso·

353 2367 425 2413 rum
457 2351 673 2412 tantummodo
705 2367 761 2428 pro
787 2351 926 2428 quolibet
957 2349 1098 2427 hospitali

353 2444 448 2522 possit
468 2460 534 2506 esse
555 2444 763 2521 promotusad
786 2459 894 2505 omnes
916 2443 1040 2505 ordines
1053 2459 1098 2503 sa-

352 2554 431 2613 cros,
454 2539 582 2600 servatis
609 2537 756 2599 omnibus
777 2537 814 2598 de
835 2537 903 2598 iure
928 2536 1098 2609 servandis,

352 2638 383 2692 et
403 2647 474 2694 cum
502 2632 645 2708 expressi
673 2630 776 2690 iratris
797 2629 921 2690 maioris
946 2629 1099 2705 generalis

353 2724 491 2798 licentia,
514 2721 683 2786 dummodo
709 2731 782 2786 ante
808 2723 1038 2804 promotionem
1063 2721 1097 2782 ad

352 2818 558 2879 sacerdotium
580 2819 687 2879 haheat
709 2819 817 2881 saltem
839 2835 893 2880 sex
911 2833 1009 2879 annos
1030 2831 1099 2894 pro·

353 2909 503 2972 iassionis.
528 2911 649 2972 Fratres
680 2911 724 2972 illi
747 2914 800 2990 quii
822 2912 855 2973 in
877 2917 1034 2990 posterum
1058 2911 1098 2970 ita

353 3003 486 3081 promoti
508 3003 642 3079 inerint,
666 3005 823 3082 incapaces
845 3011 938 3066 erunt
961 3002 1099 3081 superio·

353 3096 451 3157 citatis
476 3103 507 3158 et
534 3096 704 3158 ciliciorum
738 3100 892 3160 maiorum
926 3096 1098 3172 religionis,

351 3189 468 3252 scilicet
484 3190 575 3252 oihcii
591 3191 693 3252 iratris
708 3191 832 3252 maioris
847 3191 1012 3266 generalis,
1028 3205 1099 3251 con-

352 3281 477 3357 siliarii,
510 3283 716 3360 procuratoris
744 3285 916 3360 generalis,
940 3291 971 3346 et
997 3283 1099 3344 iratris

353 3376 479 3438 maioris
501 3375 621 3451 localis,
648 3378 699 3439 sed
722 3376 858 3440 odicium
889 3378 1015 3440 illorum
1041 3377 1099 3438 erit

353 3469 507 3531 celebrare
518 3479 658 3531 sanctum
674 3471 784 3532 missae
804 3471 989 3534 sacrificium
1004 3479 1035 3532 et
1050 3471 1099 3533 ad·

354 3562 533 3626 ministrare
562 3571 761 3626 sacramenta.
793 3565 907 3628 Omnes
928 3573 1033 3626 tamen
1055 3581 1099 3626 sa-

354 3657 504 3730 cerdotes,
528 3666 589 3718 um
611 3667 787 3734 praesentes
815 3673 907 3736 qnam
929 3657 1038 3728 inturi,
1061 3657 1099 3720 ob

354 3750 467 3826 gradus
488 3749 615 3812 illorum
640 3751 922 3826 honorabilitatem,
945 3753 977 3814 in
1000 3752 1099 3813 omni-

353 3843 410 3905 bus
430 3842 547 3905 actibus
561 3845 795 3907 communitatis
815 3845 947 3908 habeant
962 3846 1099 3924 primum

354 3935 457 3998 locum
482 3944 550 4014 post
574 3935 702 3998 tratrem
731 3937 879 4000 maiorem
908 3938 1098 4014 generalem,

353 4027 554 4102 consiliarios,
568 4037 798 4107 procuratorem
810 4030 987 4107 generalem
1000 4039 1030 4092 et
1041 4031 1099 4091 ira-

356 4128 436 4183 trem
456 4122 607 4184 maiorem
628 4124 748 4186 domus.

122 4225 336 4288 bestatutorum
396 4230 466 4276 xxix.
491 4215 552 4276 Hae
572 4224 647 4278 sunt
661 4217 898 4280 constitutiones
914 4217 1100 4280 inviolabili-

110 4277 338 4379 {gravaminumna-
356 4317 403 4372 ter
433 4309 656 4384 observandae,
686 4311 726 4371 ita
752 4319 782 4372 et
809 4311 928 4385 taliter,
952 4317 987 4373 ut
1011 4309 1099 4372 nullo

355 4404 447 4466 modo
461 4421 477 4464 a
491 4404 701 4482 superioribus
719 4404 881 4482 religionis
896 4405 1017 4468 alterari
1033 4420 1099 4482 pos-

354 4497 432 4572 sint,
456 4513 514 4559 nec
544 4497 649 4559 minus
674 4515 690 4558 a
717 4498 858 4576 capitulis
890 4497 1097 4576 generalibus.

356 4590 551 4652 Declaramus
581 4589 801 4666 nihilominus,
825 4607 880 4669 pro
901 4593 1007 4670 quiete
1028 4607 1099 4654 con-

354 4683 556 4747 scientiarum
578 4685 805 4762 religiosorum,
821 4685 901 4763 quod
918 4701 982 4747 non
998 4685 1100 4748 inten-

355 4777 462 4839 damus
476 4793 528 4839 eos
542 4777 679 4855 obligare
692 4778 728 4840 ad
743 4777 875 4856 aliquam
891 4778 1024 4858 culpam,
1041 4779 1101 4842 nisi

356 4869 387 4932 in
409 4870 446 4932 iis
466 4870 560 4933 rebus
586 4872 739 4934 contentis
761 4873 792 4934 in
823 4873 906 4951 ipsis,
928 4889 1007 4951 quae
1028 4873 1100 4936 aliais

355 4971 429 5025 sunt
447 4970 563 5026 statuta
584 4971 615 5025 et
637 4965 805 5043 respective
827 4966 979 5044 prohibita
1001 4966 1099 5042 alege

356 5056 460 5118 divina
475 5065 527 5118 aut
542 5057 693 5134 humanat3
713 5068 744 5121 et
758 5073 813 5136 pro
828 5059 1038 5120 conservanda
1053 5077 1101 5120 ce-

355 5156 458 5212 terum
481 5149 653 5213 eademmet
674 5151 779 5229 quiete
802 5152 1009 5214 conscientiae
1030 5152 1102 5214 reli-

357 5243 526 5319 giosorum,
544 5244 724 5308 ordinamus
740 5245 855 5324 pariter
866 5253 896 5306 et
911 5246 1100 5308 declaramus

356 5337 436 5414 quod
452 5338 576 5399 ordines
590 5339 788 5416 superiorum
803 5345 856 5400 aut
874 5339 1034 5415 generales
1048 5345 1100 5401 aut

356 5428 464 5491 locales
486 5445 548 5492 non
577 5431 717 5508 obligent
738 5430 876 5493 subditos
901 5431 959 5493 sub
979 5439 1100 5509 peccato

357 5522 490 5597 mortali,
514 5524 574 5584 nisi
595 5525 657 5585 sint
679 5524 748 5586 iacti
772 5524 958 5603 inscriptis,
981 5527 1013 5587 in
1036 5541 1100 5586 ma-

357 5615 432 5676 teria
454 5616 552 5692 gravi,
568 5625 599 5677 et
614 5619 777 5695 praemissi
795 5617 894 5697 aliqui
916 5619 1099 5694 monitione,

356 5715 387 5768 et
399 5709 535 5785 expressi
545 5708 609 5770 sint
623 5725 678 5788 per
689 5711 781 5772 verba
795 5711 1001 5788 significantia
1017 5727 1100 5790 prae-

397 5925 427 5982 (1)
442 5895 511 5972 ladit.v
525 5926 602 5974 Mein.
616 5923 682 5984 legit
696 5930 737 5971 stt.

1825 526 1882 591 199
1931 523 2121 580 xn.c.1roo

1154 681 1278 751 ceptum
1301 673 1332 735 in
1355 669 1473 736 virtute
1495 669 1628 752 Spiritus
1653 667 1756 734 Sancti
1779 676 1810 732 et
1830 668 1901 730 obe·

1154 766 1298 828 dieutiae.
1324 768 1457 829 hemum
1479 766 1648 844 capitulum
1664 763 1810 841 generale
1831 779 1901 824 auc-

1154 861 1311 922 toritatem
1327 861 1434 922 habeat
1455 859 1627 922 declarandi
1649 857 1739 920 dubia
1760 873 1838 934 quae
1852 872 1900 918 oc-

1154 969 1280 1014 currere
1312 959 1437 1030 possent
1462 952 1494 1012 in
1524 950 1730 1028 intelligentia
1757 965 1900 1028 praesen-

1156 1046 1234 1107 tiunt
1256 1045 1529 1120 constitutionum,
1546 1045 1645 1105 lacere
1666 1049 1778 1106 statuta
1801 1051 1830 1104 et
1852 1059 1902 1102 or-

1155 1139 1327 1200 dinationes
1359 1153 1415 1216 pro
1446 1139 1526 1200 bono
1558 1137 1717 1212 religionis
1749 1135 1901 1212 gubernio

1155 1232 1240 1294 iuxta
1263 1231 1460 1294 necessitates
1478 1246 1556 1308 quae
1578 1245 1739 1292 occurrere
1755 1236 1901 1306 poterunt

1154 1340 1225 1386 cum
1250 1332 1400 1402 tempore,
1424 1323 1592 1384 dummodo
1615 1323 1669 1384 ista
1686 1339 1748 1384 non
1771 1323 1835 1382 sint
1856 1321 1901 1400 (l)

1154 1417 1306 1479 contraria
1329 1416 1421 1478 sacris
1443 1416 1611 1478 canonibus
1627 1423 1657 1476 et
1673 1413 1901 1476 constitutioni-

1157 1511 1211 1572 bus
1232 1510 1402 1587 apostolicis
1429 1525 1486 1571 nec
1507 1509 1721 1588 praesentibus
1753 1507 1902 1568 constitu-

1156 1599 1302 1673 tibnibus,
1319 1619 1376 1664 nec
1391 1603 1523 1664 habeant
1545 1603 1685 1677 vigorem
1707 1601 1902 1664 constitutio-

1155 1712 1246 1770 num,
1261 1695 1298 1770 si,
1316 1703 1381 1774 post
1404 1694 1493 1756 iactas
1516 1695 1724 1756 ordinationes
1746 1693 1900 1772 supradic-

1157 1798 1200 1850 tas
1222 1790 1254 1850 in
1277 1805 1340 1850 uno
1363 1788 1495 1866 capitulo
1518 1788 1671 1864 generali,
1696 1804 1759 1848 non
1783 1787 1902 1848 inerint

1154 1883 1324 1944 successive
1345 1881 1524 1942 confirmata
1539 1880 1584 1960 (Ξ)
1600 1899 1615 1942 a
1634 1881 1753 1942 dnobus
1768 1881 1834 1942 aliis
1855 1896 1903 1940 ca-

1155 1975 1260 2053 pitulis
1282 1975 1460 2058 immediate
1478 1975 1749 2052 subsequentibus,
1772 1981 1803 2034 et
1824 1973 1903 2034 ulte·

1155 2069 1220 2130 rius
1241 2069 1424 2146 approbatae
1444 2067 1482 2128 ab
1504 2067 1687 2145 hrchiepisc.
1701 2067 1856 2128 llexicano
1869 2084 1897 2125 s.

1194 2161 1262 2234 §2
1288 2162 1365 2222 (lum
1388 2165 1505 2233 autem,
1521 2160 1600 2220 sicut
1622 2161 1729 2221 eadem
1752 2158 1902 2235 expositio
1968 2170 2132 2220 connrmauo

1154 2255 1370 2328 subiungebat,
1385 2255 1483 2316 dictus
1505 2253 1635 2315 loannes
1656 2257 1835 2330 procurator
1851 2265 1901 2326 ge·
1921 2222 2133 2324 {iipaffloffi'ssnfffm'

1156 2346 1268 2407 neralis
1289 2347 1527 2408 constitutiones
1549 2345 1743 2419 huiusmodi,
1766 2361 1828 2423 quo
1851 2344 1900 2404 sn·-

1155 2443 1236 2502 mius
1257 2440 1425 2502 subsistant
1441 2447 1471 2501 et
1485 2449 1653 2502 serventur
1667 2440 1815 2515 exactius,
1831 2453 1902 2517 apo·

1154 2533 1280 2595 stolicae
1305 2534 1551 2596 confirmationis
1581 2542 1704 2596 nostrae
1732 2531 1900 2610 patrocinio

1155 2625 1344 2687 communiri
1357 2626 1529 2702 plurimum
1541 2626 1708 2688 desideret:
1726 2641 1793 2700 nos,
1806 2623 1900 2701 ipsius

1157 2717 1277 2777 loannis
1300 2718 1506 2794 procuratoris
1521 2719 1673 2795 generalis
1695 2719 1775 2780 votis
1797 2717 1852 2778 hac
1868 2715 1900 2776 in

1156 2819 1376 2888 sequentum
1403 2827 1473 2872 cum
1504 2813 1634 2874 Domino
1661 2826 1835 2888 possumus,
1859 2809 1900 2870 la-

1155 2901 1336 2964 vorabiliter
1363 2920 1503 2966 annuere
1528 2904 1685 2979 volentes,
1717 2919 1854 2981 eumque
1885 2920 1900 2964 a

1155 3001 1315 3078 quibusvis
1330 3003 1672 3076 excommunicationis,
1689 3001 1901 3080 suspensionis

1155 3102 1186 3155 et
1209 3095 1375 3169 interdicti,
1398 3094 1527 3173 aliisque
1546 3095 1756 3157 ecclesiasticis
1778 3103 1901 3156 senten-

1156 3187 1216 3262 tiis,
1240 3189 1378 3250 censuris
1403 3195 1434 3250 et
1456 3190 1606 3267 poenis,a
1628 3189 1695 3250 iure
1718 3189 1768 3250 vcl
1789 3189 1827 3250 ab
1847 3190 1901 3248 ho·

1158 3283 1254 3356 mine,
1277 3282 1384 3360 quavis
1406 3284 1563 3344 occasione
1585 3283 1635 3344 vel
1664 3282 1751 3344 causi
1772 3281 1852 3355 latis,
1875 3283 1901 3342 si

1157 3375 1269 3453 quibus
1290 3376 1523 3454 quomodolibet
1546 3376 1709 3438 innodatus
1732 3373 1848 3449 existit,
1864 3374 1901 3434 ad

1157 3467 1301 3530 ellectum
1317 3469 1526 3545 praesentium
1539 3471 1697 3530 dumtaxat
1709 3481 1901 3544 consequen·

1156 3562 1241 3636 dum,
1252 3562 1362 3623 harum
1377 3563 1457 3624 serie
1468 3561 1662 3623 absolventes
1679 3567 1710 3622 et
1724 3561 1901 3622 absolutum

1155 3652 1221 3716 iore
1253 3661 1431 3730 censentes,
1460 3655 1733 3734 supplicationibus
1757 3656 1825 3716 eius
1846 3668 1900 3714 no·
1990 3723 1992 3728 ,

1155 3749 1241 3836 mine
1262 3749 1349 3810 nohis
1371 3765 1465 3827 super
1485 3749 1543 3810 hoc
1568 3747 1731 3810 humiliter
1751 3747 1900 3825 porrectis

1156 3841 1314 3916 inclinati,
1342 3843 1379 3904 de
1411 3841 1638 3904 nonnullorum
1673 3840 1899 3903 venerabilium

1155 3934 1286 3997 fratrum
1303 3943 1480 3997 nostrorum
1493 3935 1524 3998 S.
1535 3934 1571 3997 lt.
1584 3935 1617 3996 E.
1630 3933 1839 3997 cardinalium
1850 3952 1900 3996 su-

1154 4043 1209 4106 per
1229 4030 1287 4092 hoc
1318 4029 1445 4105 negotio
1472 4029 1644 4106 specialiter
1669 4029 1899 4105 deputatorum,

1155 4125 1207 4202 qui
1223 4139 1289 4185 rem
1306 4130 1425 4184 mature
1441 4123 1661 4197 discusserunt,
1679 4123 1818 4198 consilio,
1835 4140 1900 4186 om-

1155 4233 1210 4280 nes
1225 4227 1256 4280 et
1270 4217 1408 4294 singulas
1428 4217 1664 4280 constitutiones
1684 4220 1898 4296 praeinsertas,

1154 4311 1337 4373 auctoritate
1356 4312 1530 4390 apostolica,
1549 4322 1656 4374 tenore
1677 4311 1899 4390 praesentium,

1155 4407 1358 4484 approbamus
1372 4415 1403 4468 et
1418 4408 1651 4482 confirmamus,
1664 4405 1787 4484 illisque
1802 4405 1901 4466 invio·

1156 4499 1254 4562 labilis
1275 4500 1457 4578 apostolicae
1478 4499 1633 4562 firmitatis
1648 4501 1744 4561 robur
1757 4499 1901 4576 adiungi-

1154 4609 1246 4668 mus,
1269 4610 1302 4656 ac
1323 4609 1432 4655 omnes
1461 4602 1491 4656 et
1511 4591 1650 4670 singulos
1678 4591 1754 4655 iuris
1775 4600 1806 4654 et
1830 4593 1899 4654 iacti

1155 4686 1303 4762 deiectus,
1325 4687 1351 4748 si
1372 4689 1426 4766 qui
1447 4687 1578 4766 desuper
1601 4685 1830 4766 quomodolibet
1853 4685 1898 4748 in-

1157 4779 1363 4854 tervenerint,
1385 4780 1575 4859 supplemus.

1195 4874 1214 4948 g
1234 4872 1264 4933 3.
1287 4871 1507 4948 Decernentes,
1523 4873 1645 4936 easdem
1661 4883 1836 4952 praesentes
1852 4875 1900 4937 lit·

1154 4973 1235 5028 teras
1249 4981 1372 5044 semper
1386 4967 1501 5042 sirmas,
1514 4966 1627 5030 validas
1643 4969 1822 5031 etsilicaces
1837 4970 1900 5030 exi·

1155 5066 1238 5122 stere
1252 5068 1283 5120 et
1304 5059 1381 5133 iore,
1397 5075 1530 5136 suosque
1547 5059 1699 5138 plenarios
1715 5069 1746 5124 et
1761 5062 1900 5139 integros

1155 5151 1282 5215 eiiectus
1302 5152 1406 5214 sortiri
1423 5159 1455 5214 et
1469 5152 1620 5226 obtinere,
1643 5171 1677 5217 ac
1699 5155 1758 5216 illis
1774 5157 1808 5218 ad
1824 5172 1900 5232 quos

1154 5252 1283 5323 spectat,
1314 5244 1364 5307 vel
1387 5261 1440 5327 pro
1468 5252 1608 5326 tempore
1639 5249 1899 5326 quandocumque

1155 5340 1315 5416 spectabit,
1338 5339 1370 5400 in
1393 5341 1537 5402 omnibus
1552 5346 1582 5402 et
1598 5357 1652 5418 per
1667 5342 1771 5404 omnia
1786 5342 1901 5421 plenis·

1154 5433 1232 5494 sime
1252 5431 1424 5508 suffragari,
1438 5439 1468 5494 et
1489 5433 1526 5494 ab
1547 5433 1589 5494 eis
1611 5435 1781 5512 respective
1802 5435 1901 5497 invio-

1155 5524 1288 5586 labiliter
1302 5525 1469 5600 observari,
1491 5527 1596 5604 sicque
1611 5526 1642 5586 in
1658 5528 1832 5604 praemissis
1846 5546 1901 5608 per
1976 5521 1978 5526 ’

1156 5634 1368 5697 quoscumque
1382 5621 1497 5682 iudices
1515 5619 1685 5682 ordinarios
1701 5629 1731 5682 et
1746 5619 1901 5698 delegatos

1156 5712 1249 5775 etiam
1270 5728 1431 5776 causarum
1453 5711 1556 5790 palatii
1572 5713 1727 5792 apostolici
1749 5715 1902 5778 auditores

1946 4893 2089 4944 Clausulas.

1124 5931 1128 5982 Ι
1194 5929 1223 5986 (2)
1239 5927 1427 5977 cohaerentias
1441 5928 1499 5986 lege
1513 5929 1555 5975 vel
1569 5931 1751 5985 confirmatae.
