4844 6990
46 323 58 340 2¹
46 269 59 296 ⁴21

31 1001 63 1216 ÷<j2.·=.·*2‘·x.⁸‘f{³·2j
36 909 63 982 :12-2,
39 867 63 886 Γ
35 763 67 854 53:2³<
53 743 54 746 „
38 707 60 726 ς,
35 641 63 688 ,ϊῑ-
43 603 57 622 -,.

4 1317 28 1364 2⁴³⁸?

4 1721 46 2192 *zwgww’htfffi
4 1627 36 1742 ’ᾖ
4 1321 46 1654 ›juv-*ven

43 2015 44 2018 „
35 1761 60 1928 ε
33 1633 43 1730 ·’”
37 1605 43 1614 ’
44 1575 45 1578 „
32 1365 63 1554 {1115'223152
39 1327 54 1346 ἲ

4 2195 31 2496 ἕξξνέᾎῖἒεὲἑῗξῖέἕ

4 2897 6 2904 ἡ
27 2873 30 2880 ,
4 2793 32 2858 ,τά
5 2735 27 2754 s
29 2715 31 2718 ,
4 2499 42 2678 ἰῆξῂᾎῖἕῆ

47 2967 48 2974 ⁴
30 2915 39 2930 ³
41 2859 48 2876 f
39 2805 47 2840 1’-
35 2767 48 2778 ἲ
39 2739 55 2752 ἶ.
30 2635 57 2726 ,ῙΞΞ-ςῖ
37 2549 48 2612 ⁵

24 2407 48 2546 ‚tf-⁴145<
25 2351 46 2392 ssz.
35 2303 45 2324 «ἶ
23 2249 43 2284 :f‘
26 2129 48 2230 <Eat-2²„-
37 2093 50 2112 ,τ

325 459 379 516 Δη.
393 464 424 517 d.
445 465 513 517 1736
562 462 621 526 472

543 599 686 663 conierre
707 603 869 677 auderent,
893 602 973 664 nulli
987 612 1019 668 et
1033 603 1115 666 irriti
1137 603 1290 668 haberen-

543 699 610 754 tur:
641 696 796 757 emanavit
818 712 834 755 a
854 695 1009 773 praedicti
1041 697 1289 772 Congregatione

544 783 755 848 Cardinalium
786 787 947 849 decretum
969 789 1086 850 tenoris
1113 787 1167 865 qui
1187 789 1288 867 sequi-

543 883 606 951 tur,
629 877 790 940 videlicet:

309 1061 524 1170 glssggffiligffisffigj
563 1065 672 1128 *Sacra
694 1068 900 1146 congregatio
922 1069 1241 1132 eminentissimorum
1257 1075 1289 1130 et

329 1168 472 1264 neuportum
498 1173 524 1215 et
542 1160 874 1222 reverendissimorum
902 1162 932 1225 S.
956 1162 991 1223 ll.
1017 1163 1052 1224 E.
1077 1161 1287 1224 cardinalium

311 1231 525 1330 postgffirumsu-
542 1252 674 1326 negotiis
695 1257 726 1313 et
759 1255 1037 1316 consultationibus
1066 1254 1287 1332 Episcoporum

541 1343 785 1420 etllegularium
799 1347 982 1425 praeposita,
998 1347 1116 1408 attenti
1137 1348 1288 1410 relatione

541 1439 750 1514 procuratoris
766 1439 918 1515 generalis
933 1455 1027 1518 super
1042 1441 1199 1518 expositis,
1216 1455 1288 1502 cen-

540 1530 605 1592 suit
616 1529 862 1606 rescribendum,
880 1539 970 1610 prout
985 1533 1156 1610 praesentis
1171 1521 1286 1595 decreti

543 1623 649 1699 vigore
662 1623 796 1699 benigne
807 1625 956 1699 rescribit,
967 1640 1022 1702 pro
1035 1625 1240 1702 prohibitione
1254 1625 1285 1686 in

541 1715 683 1778 loturum
705 1717 840 1794 capitulo
858 1718 995 1793 generali
1017 1717 1203 1780 concedendi
1219 1735 1287 1796 gra-

539 1807 597 1869 dus
618 1809 809 1870 honorarius.
833 1809 958 1884 Romae,
975 1810 1024 1872 die
1039 1826 1103 1872 xvr.
1115 1811 1286 1874 decembris

541 1919 727 1966 xnccxxxv.
745 1935 783 1949 -
800 1901 887 1966 card.
906 1903 1106 1966 anncrscus
1127 1904 1285 1966 Burnum·

540 2011 610 2056 nus.
636 1995 669 2060 G.
687 1993 829 2074 Archiep.
854 1994 1123 2070 Chalcedonensis,
1146 2005 1255 2059 secret.

621 2130 698 2191 Loco
712 2130 733 2207 †
746 2130 860 2210 sigilli.

310 2283 520 2384 aurfissfflirmaiw
579 2279 648 2354 §t
673 2281 751 2342 Cum
773 2285 895 2354 autem,
923 2280 1002 2342 sicut
1023 2281 1122 2344 dictus
1149 2283 1284 2361 Alphen-

309 2390 377 2436 oren.
449 2351 457 2384 ¹
497 2350 522 2384 ⁰‘
539 2389 591 2434 sus
613 2371 702 2436 nobis
723 2370 854 2434 subinde
865 2373 978 2450 exponi
1001 2373 1084 2448 lecit,
1102 2375 1166 2453 ipse
1181 2378 1285 2440 decre-

539 2471 608 2526 tum
640 2464 833 2538 huiusmodi,
867 2480 928 2542 quo
962 2466 1082 2529 firmins
1120 2469 1281 2545 subsistat,

535 2555 721 2634 apostolicae
749 2557 993 2620 confirmationis
1014 2567 1137 2622 nostrae
1158 2563 1285 2639 patroci-

539 2650 592 2712 nio
614 2651 801 2712 communiri
817 2666 1015 2728 summopere
1030 2651 1197 2715 desideret:
1215 2670 1283 2730 nos,

537 2742 702 2819 specialem
723 2743 782 2822 ipsi
797 2744 954 2822 hlphonso
971 2745 1102 2820 gratiam
1116 2746 1216 2808 lacere
1233 2763 1278 2808 vo-

436 2875 438 2880 .
538 2835 648 2910 lentes,
669 2842 700 2897 et
721 2852 737 2896 a
758 2835 918 2914 quibusvis
940 2838 1282 2916 excommunicationis,

536 2927 748 3005 suspensionis
768 2935 799 2988 et
817 2927 984 3004 interdicti,
996 2928 1125 3008 aliisque
1145 2931 1283 2994 ecclesia·

536 3021 619 3088 sticis
642 3021 818 3094 sententiis,
834 3021 973 3082 censuris
993 3029 1023 3083 et
1044 3023 1192 3101 poenis,a
1214 3025 1283 3088 iure

533 3111 646 3174 veleb
670 3113 808 3187 homine,
830 3113 938 3191 quavis
953 3114 1110 3177 occasione
1131 3116 1181 3178 vel
1196 3117 1283 3179 causi

537 3203 622 3278 latis,
652 3205 678 3266 si
709 3206 821 3282 quibus
856 3206 1087 3283 quomodolibet
1116 3208 1281 3272 innodatus

537 3297 652 3371 existit,
675 3297 710 3358 ad
732 3297 877 3360 ellectum
900 3299 1110 3375 praesentium
1125 3300 1282 3364 dumtaxat

536 3390 807 3468 consequendum,
835 3392 947 3452 harum
975 3393 1055 3454 serie
1087 3393 1282 3455 absolventes

536 3489 568 3544 et
589 3482 765 3544 absolutum
790 3481 856 3543 lore
883 3491 1063 3558 censentes,
1086 3485 1282 3562 supplicatio-

535 3574 627 3636 nibus
649 3574 714 3636 eius
729 3577 857 3636 nomine
872 3577 960 3638 nobis
973 3593 1067 3654 super
1082 3578 1138 3639 hoc
1157 3578 1283 3640 humili-

535 3675 583 3728 ter
610 3668 760 3745 porrectis
787 3668 937 3743 inclinati,
960 3669 1119 3730 decretum
1141 3687 1282 3748 praesen·

536 3759 615 3820 tium
637 3761 856 3822 confirmamus
885 3769 915 3822 et
936 3762 1151 3839 approbamus,
1175 3762 1282 3842 illique

535 3851 722 3914 inviolabilis
733 3853 913 3931 apostolicae
928 3854 1084 3916 firmitatis
1099 3855 1194 3918 robur
1209 3857 1283 3918 adii-

534 3945 647 4008 cimus:
671 3946 879 4010 salvatamen
907 3964 1029 4026 semper
1051 3949 1083 4010 in
1109 3949 1281 4028 praemissis

534 4040 716 4118 auctoritate
732 4041 987 4118 Congregattonis
1010 4041 1229 4104 Cardinalium.

331 4134 446 4200 eiusdem
459 4147 516 4182 con·
574 4135 593 4208 g
615 4132 644 4192 l.
668 4131 886 4208 Decernentes,
903 4133 1025 4194 easdem
1041 4143 1217 4211 praesentes
1233 4135 1283 4197 lit-

304 4187 458 4288 Xt'ffl'm
476 4189 516 4235 fi*
535 4232 614 4286 teras
625 4241 748 4302 semper
759 4225 873 4300 firmas,
891 4225 1003 4288 validas
1019 4235 1050 4288 et
1066 4226 1202 4288 eltieacos
1217 4227 1281 4290 exi·

534 4322 615 4376 stere
636 4322 666 4375 et
688 4315 764 4390 lore,
783 4331 916 4393 suosque
932 4315 1085 4392 plenarios
1100 4323 1131 4378 et
1143 4317 1281 4394 integros

535 4405 661 4467 effectus
672 4407 776 4467 sortiri
798 4417 828 4468 et
850 4407 1003 4482 obtinere,
1020 4425 1053 4470 ac
1076 4409 1134 4470 illis
1156 4410 1190 4471 ad
1204 4426 1281 4488 quos

534 4506 650 4576 spectat
664 4507 695 4560 et
710 4515 765 4576 pro
787 4507 925 4579 tempore
943 4501 1101 4577 spectabit,
1125 4503 1156 4563 in
1181 4504 1281 4566 omni·

535 4591 590 4652 bus
605 4599 636 4654 et
657 4607 709 4669 per
726 4592 830 4654 omnia
856 4592 1034 4670 plenissime
1055 4595 1227 4670 suflragari,
1250 4603 1281 4658 et

533 4683 571 4744 ab
591 4685 635 4744 eis
660 4685 830 4760 respective
862 4684 1081 4748 inviolabiliter
1112 4687 1279 4763 observari,

531 4775 637 4852 sicque
652 4776 685 4838 in
707 4777 880 4854 praemissis
896 4793 950 4855 per
969 4795 1182 4858 quoscumque
1202 4781 1280 4843 iudi-

533 4883 583 4930 ces
602 4869 770 4930 ordinarios
786 4877 816 4930 et
827 4870 993 4946 delegatos,
1011 4873 1104 4932 etiam
1119 4889 1280 4936 causarum

533 4960 636 5037 palatii
657 4962 813 5039 apostolici
834 4963 997 5038 auditores,
1021 4964 1147 5026 iudicari
1162 4973 1192 5026 et
1207 4967 1280 5027 doli·

533 5053 594 5114 niri
609 5054 731 5129 debere,
748 5071 782 5116 ac
796 5055 920 5118 irritum
936 5065 967 5118 et
982 5057 1074 5118 inane
1089 5057 1113 5117 si
1129 5074 1215 5118 secus
1230 5075 1280 5120 su-

532 5163 588 5225 per
599 5145 646 5207 his
661 5165 676 5207 a
692 5164 847 5227 quoquam
866 5150 973 5228 quavis
985 5151 1166 5212 auctoritate
1182 5153 1279 5214 scien-

534 5248 581 5300 ter
596 5241 644 5301 vel
668 5241 848 5318 ignoranter
873 5243 1039 5320 contigerit
1060 5245 1217 5306 attentari.

573 5333 642 5406 §5-
667 5332 735 5396 Non
758 5335 949 5396 obstantibus
964 5337 1236 5399 constitutionibus
1248 5347 1279 5401 et

533 5425 779 5488 ordinationibus
814 5428 1005 5506 apostolicis,
1035 5446 1069 5490 ac
1100 5430 1219 5492 Ordinis
1248 5438 1279 5492 et

533 5517 790 5593 Congregationis
818 5520 1042 5598 praelatorum,
1075 5522 1168 5582 etiam
1200 5523 1279 5584 iura·

514 5618 651 5684 mento,
674 5611 910 5675 confirmatione
932 5613 1110 5691 apostolice,
1135 5615 1184 5676 vel
1205 5631 1278 5693 qua·

573 5823 603 5880 (l)
618 5825 655 5869 Is'x
668 5826 771 5881 Regest.
788 5825 815 5870 in
829 5825 904 5871 Arch.
920 5829 992 5872 Brev.

1066 485 1131 531 lun.
1156 487 1246 532 rubr.
1270 488 1311 534 DE
1332 490 1360 534 Ρ.
1385 489 1413 536 F·
1439 491 1520 535 PARS
1541 490 1563 534 l.

2122 469 2178 524 An.
2192 470 2225 524 G.
2248 471 2316 524 laet

1346 605 1392 666 vis
1414 605 1560 668 firmitate
1575 605 1632 668 alil
1651 605 1813 682 roboratis,
1836 606 1959 668 statutis
1974 612 2005 668 et
2018 621 2092 668 con-

1344 698 1574 772 suetudinibus,
1602 698 1775 776 privilegiis
1799 715 1935 778 quoque,
1960 697 2092 762 indultis

1345 797 1376 852 et
1402 789 1513 853 litteris
1538 790 1709 868 apostolicis
1732 792 1764 852 in
1786 791 1977 854 contrarium
2006 806 2090 868 prae·

1345 881 1512 944 missorum
1540 881 1770 958 quomodolibet
1794 883 1958 958 concessis,
1980 883 2091 946 contir-

1345 975 1435 1036 matis
1456 981 1487 1036 et
1508 974 1675 1051 innovatis3
1695 975 1806 1054 quihus
1821 977 1967 1040 omnibus
1984 983 2014 1038 et
2028 977 2091 1038 sin·

1345 1066 1438 1141 gulis,
1454 1066 1580 1128 illorum
1595 1075 1718 1130 tenores
1738 1069 1950 1145 praesentibus
1962 1085 2016 1148 pro
2027 1069 2091 1150 ple·

1345 1175 1385 1220 ne
1400 1166 1431 1220 et
1454 1160 1644 1226 sufficienter
1668 1163 1819 1238 expressis
1840 1178 1875 1223 ac
1897 1163 1933 1227 ad
1959 1162 2090 1224 verbum

1345 1252 1469 1314 insertis
1491 1252 1648 1328 habentes,
1671 1253 1732 1314 illis
1756 1254 1828 1315 aliis
1850 1254 1882 1316 in
1903 1271 1959 1318 suo
1980 1254 2091 1318 robore

1344 1345 1570 1422 permansuris,
1592 1345 1629 1406 ad
1657 1347 1897 1425 praemissorum
1925 1347 2088 1424 ellectum,

1344 1437 1399 1498 hac
1413 1437 1480 1500 vice
1504 1439 1675 1513 dumtaxat,
1697 1440 1871 1517 specialiter
1892 1446 1923 1500 et
1947 1455 2091 1519 expresse

1344 1530 1543 1608 derogamus,
1573 1531 1745 1610 ceterisque
1774 1532 1937 1596 contrariis
1963 1533 2089 1611 quibus·

1343 1639 1489 1701 cumque.

1384 1719 1494 1778 Datum
1517 1717 1643 1792 Romae,
1660 1715 1739 1795 apud
1755 1716 1787 1780 S.
1805 1717 1929 1781 Mariam
1943 1717 2090 1784 Maiorem

1342 1810 1399 1872 sub
1431 1810 1550 1872 annulo
1585 1809 1763 1884 Piscatoris,
1798 1810 1847 1872 die
1876 1826 1920 1872 xx.
1957 1811 2091 1874 ianuarii
2191 1865 2195 1872 .

1343 1919 1555 1978 nnccxxxvr.,
1579 1903 1776 1982 pontificatus
1797 1905 1897 1966 nostri
1918 1920 1999 1966 anno
2021 1921 2064 1966 vr.

1595 2103 1833 2116 ῃ

1667 2281 1765 2344 XXX.

1344 2467 1517 2545 Confirmet
1527 2467 1773 2530 constitutiones
1784 2475 1814 2531 et
1824 2469 2043 2534 ordinationes
2052 2472 2089 2534 in

1380 2561 1525 2637 capitulo
1536 2561 1677 2639 generali
1693 2559 1823 2622 Ordinis
1834 2563 1982 2641 fratrum
1994 2562 2089 2626 Beth·

1381 2652 1606 2714 lohentiternm
1629 2652 1664 2713 in
1695 2655 1796 2716 indiis
1828 2651 2088 2720 Occidentalibnr

1380 2760 1465 2807 anno
1498 2761 1663 2806 unccxxx.
1687 2746 1723 2806 in
1753 2747 1887 2808 civitate
1916 2747 2088 2812 Mentioned

1380 2837 1535 2902 celebrato
1563 2853 1619 2914 pro
1647 2838 1736 2918 felici
1764 2839 1920 2916 regimine
1947 2840 2087 2904 ciusdem

1384 2930 1515 2992 Ordinis
1538 2929 1701 2992 editorem
1722 2930 1778 3010 (l).

1540 3097 1726 3167 cennens
1749 3100 1808 3168 ΡΡ.
1830 3099 1895 3184 ΧΙΙ.Ι

1459 3219 1496 3287 ed
1519 3227 1690 3304 perpetuam
1713 3222 1757 3289 rei
1780 3223 1963 3291 memorien.

1380 3395 1495 3460 Crediti
1517 3395 1605 3458 nobis
1626 3397 1752 3460 caelitus
1773 3401 1953 3464 sacrosancti
1968 3409 2087 3480 aposto-
2131 3412 2313 3460 Prooemium.
2417 3441 2418 3454 ,

1340 3489 1418 3551 latus
1440 3488 1533 3550 officii
1554 3489 1633 3550 ratio
1654 3490 1763 3567 exigit,
1788 3501 1822 3554 ut
1843 3492 1915 3568 illis,
1931 3511 2011 3571 quae
2031 3511 2087 3573 pro

1339 3580 1420 3642 lelici
1442 3581 1659 3658 religiosorum
1684 3582 1835 3646 Ordinum
1857 3585 1893 3646 ad
1914 3587 2086 3650 exercenda

1339 3673 1523 3736 christianae
1544 3673 1664 3750 pietatis
1685 3682 1777 3753 atque
1795 3677 1928 3738 caritatis
1950 3694 2086 3755 praeser-

1341 3765 1397 3826 tim
1418 3779 1490 3840 erga
1511 3773 1651 3841 aegrotos
1666 3773 1696 3826 et
1711 3767 1959 3831 convalescentes
1981 3785 2084 3848 opera,

1338 3858 1388 3934 pie
1409 3865 1575 3934 sancteque
1590 3859 1621 3919 in
1638 3858 1770 3921 Ecclesid
1791 3861 1845 3922 Dei
1867 3861 2085 3925 institutorum

1339 3949 1492 4026 regimine
1514 3959 1545 4012 et
1569 3967 1734 4029 progressu
1762 3955 1890 4030 provide
1917 3957 2083 4018 constituta

1339 4049 1431 4120 atque
1452 4043 1589 4105 ordinata
1612 4059 1679 4104 esse
1700 4055 1889 4121 noscuntur,
1911 4063 1973 4126 quo
1995 4049 2084 4113 firma

1338 4149 1460 4212 semper
1474 4153 1507 4198 ac
1523 4136 1637 4197 illibata
1652 4139 1827 4214 persistant,
1844 4139 2001 4216 apostolici
2016 4155 2085 4202 mu-

1339 4228 1478 4302 niminis
1502 4245 1573 4290 curn
1589 4245 1604 4290 a
1621 4229 1709 4292 nobis
1730 4233 1857 4308 petitur,
1881 4233 2084 4310 adiungamus

1340 4320 1531 4380 firmitatem.

1378 4413 1396 4486 ἓ
1420 4412 1446 4472 l.
1472 4413 1592 4492 Exponi
1613 4416 1764 4494 siquidem
1782 4417 1869 4480 nobis
1884 4435 1984 4498 nuper
2006 4420 2082 4486 lece-
2107 4431 2322 4478 rfatresnerute-
2417 4395 2418 4406 ¹

2100 4481 2230 4531 hemiterii
2252 4495 2321 4532 non·

1339 4494 1413 4566 runt
1441 4505 1544 4567 dilecti
1572 4507 1629 4568 filii
1657 4508 1827 4586 praelectus
1849 4528 1882 4578 ac
1906 4513 2082 4575 definitores
2100 4535 2188 4582 nutias
2217 4540 2322 4584 eonsn-
2417 4537 2418 4586 t

1339 4598 1499 4672 generales
1521 4607 1551 4660 et
1573 4594 1682 4661 iratre's
1703 4601 1824 4664 Ordinis
1843 4603 2081 4672 Bethlehemite·
2100 4591 2219 4640 ΝΜ
2243 4593 2321 4640 ⁰⁸⁰¹·
2417 4605 2418 4672 i

1338 4705 1409 4751 rum
1432 4693 1601 4767 nuncupati
1623 4693 1655 4754 in
1677 4695 1783 4770 regnis
1804 4695 1959 4760 blexicano
1974 4715 2007 4760 nc
2028 4699 2081 4761 Pe·
2100 4645 2182 4716 manq
2252 4699 2254 4702 ’

1338 4799 1434 4844 ruano
1456 4784 1645 4863 reliquisque
1659 4787 1753 4848 lndiis
1768 4787 2012 4852 Occidentalibns
2026 4793 2081 4854 du·

1338 4876 1413 4936 dum
1435 4891 1450 4934 a
1473 4875 1550 4938 Sede
1564 4879 1736 4954 Apostolical
1759 4880 1905 4956 instituti,
1928 4885 2008 4961 quod
2024 4885 2081 4962 ipsi

1339 4968 1370 5028 in
1392 4968 1560 5028 novissimo
1582 4986 1691 5032 eorum
1715 4974 1848 5050 capitulo
1870 4977 2008 5050 generali
2029 4994 2081 5038 an·

1337 5076 1378 5120 no
1400 5076 1565 5122 nnccxxx.
1584 5063 1616 5124 in
1631 5063 1757 5126 civitate
1772 5067 1926 5130 blexicanal
1948 5069 2081 5131 celebra·

1338 5161 1369 5214 to
1391 5155 1558 5216 nonnullas
1580 5173 1674 5218 novas
1696 5160 1932 5221 constitutiones
1948 5169 1980 5222 et
2000 5163 2080 5223 ordi·

1337 5247 1476 5308 nationes
1491 5264 1545 5325 pro
1567 5248 1681 5309 salubri
1697 5267 1729 5310 ac
1748 5255 1890 5329 prosperi
1912 5253 2034 5315 Ordinis
2048 5271 2082 5317 ac

1336 5339 1468 5400 fratrum
1500 5339 1707 5417 praelatorum
1736 5343 1905 5406 directione
1932 5345 2081 5420 regulari-

1336 5447 1397 5509 que
1412 5431 1525 5494 ibidem
1541 5433 1718 5512 disciplinae
1732 5435 1937 5512 observantii,
1954 5437 2082 5516 praelati

1335 5525 1473 5586 eiusdem
1499 5525 1637 5601 Ordinis,
1660 5528 1731 5605 qui,
1756 5537 1790 5590 ut
1811 5530 1995 5608 accepimus,
2017 5545 2081 5594 ma-

1335 5617 1400 5678 iora
1422 5617 1453 5678 in
1475 5617 1555 5692 dies,
1585 5619 1788 5689 benedicente
1816 5622 1965 5700 Domino,
1989 5624 2023 5689 in
2044 5625 2081 5686 iis
