4848 6990
971 601 1178 648 innocencius
1200 603 1258 648 xli.

338 729 369 786 et
384 719 457 784 dicti
471 719 593 784 Ordinis
608 720 832 784 detrimentum
847 727 879 782 et
893 719 1083 795 scandalum,

338 813 567 895 perturbarnet,
589 814 784 876 destruerent
799 821 830 874 et
844 812 1082 886 conlaudarent,

338 916 373 970 ut
395 906 427 970 13
455 907 593 968 eiusdem
625 906 703 969 Sixti
732 905 970 984 praedecessoris
1002 919 1085 966 anno

338 989 560 1064 incarnationis
587 998 759 1061 dominicae
787 1013 954 1072 uonnxxii,
977 1015 1006 1056 v.
1032 998 1084 1058 lia-

338 1091 443 1154 leudas
464 1091 623 1166 iebruarii,
645 1091 841 1170 pontificatus
862 1106 944 1154 anno
965 1107 1014 1165 ii.,
1033 1106 1085 1152 ex-

339 1184 449 1264 peditis
471 1183 583 1246 litteris
604 1184 794 1247 continetur.

158 1282 320 1341 xppmuatio
378 1278 448 1352 54.
471 1281 561 1354 Quas,
584 1295 618 1339 ac
645 1279 716 1340 31133
742 1275 889 1356 praelatas
921 1275 1084 1339 memorati

99 1337 188 1383 dictas
202 1337 322 1383 modera-
461 1373 478 1384 ..
726 1371 730 1382 .
788 1371 793 1380 .
956 1371 961 1380 .

100 1391 185 1436 ironis
206 1391 320 1454 cregorii
338 1372 480 1449 Gregorii
508 1374 748 1450 praedecessoris
773 1371 907 1445 litteras,
933 1385 998 1448 piae
1020 1385 1085 1430 me-

98 1444 321 1544 ‘sfflffffiissnssfi
340 1467 456 1528 moriae
477 1465 573 1527 lulius
594 1465 671 1542 Papa
692 1464 728 1526 ll.
752 1465 845 1526 etiam
872 1466 1085 1541 praedecessor

98 1550 181 1597 ΕΜ
339 1567 455 1632 333133,
478 1557 531 1636 qui
554 1558 586 1620 iii
608 1557 782 1620 minoribus
800 1557 998 1631 constitutus,
1021 1573 1083 1618 car-

338 1649 490 1722 dinalatus
505 1652 623 1712 bonore
638 1650 775 1726 lulganS,
792 1649 864 1712 dicti
879 1649 1000 1713 Ordinis
1014 1665 1083 1728 pro-

335 1754 436 1822 tector
457 1745 627 1821 vigintisex
641 1744 730 1805 33313
744 1751 776 1804 31
791 1743 872 1804 31133
894 1743 1006 1817 133331,
1023 1743 1084 1805 ilic-

338 1847 446 1916 tosque
476 1838 586 1899 iratres
617 1843 775 1916 tamquam
806 1836 973 1916 peculiares
1005 1835 1083 1896 filios

336 1935 371 1996 in
391 1931 562 1994 visceribus
576 1929 730 1992 charitatis
745 1945 868 2006 gerens,
885 1930 990 1990 eadem
1001 1943 1083 1990 coni-

337 2029 427 2090 moda
448 2033 480 2086 et
503 2021 762 2102 tranquillitatem
782 2023 911 2084 sinceris
926 2021 1083 2083 aflectibus

337 2120 513 2198 exoptabat,
536 2119 660 2198 praevia
685 2117 848 2178 ambarum
876 2115 1083 2194 praelatarum

337 2214 518 2289 insertione,
530 2212 597 2272 aliis
608 2211 671 2272 suis
686 2209 798 2272 litteris
808 2208 866 2271 sub
879 2207 987 2270 ilatum
1001 2223 1083 2270 anno

336 2305 560 2370 incarnationis
574 2304 726 2382 praelatae
740 2319 871 2377 unvun,
887 2301 986 2364 idibus
1001 2309 1084 2363 octo-

337 2401 411 2475 bris,
434 2399 630 2477 pontificatus
650 2396 699 2458 sui
720 2411 803 2458 anno
820 2412 876 2470 iv.,
893 2393 1082 2474 approbavit,

338 2509 371 2556 ac
385 2490 566 2554 earumdem
581 2505 708 2552 suarum
723 2487 898 2550 litterarum
914 2486 1084 2566 patrocinio

337 2585 556 2649 communivit.

116 2739 121 2746 ,
173 2687 321 2748 contuma-
378 2678 448 2755 δῦ.
471 2677 639 2756 cupientes
666 2675 770 2754 itaque
791 2683 822 2737 et
843 2677 959 2755 pluries
979 2673 1084 2736 animo

105 2741 321 2854 ῗῖιοιωωῧῗᾞῗαῗοῗ
339 2779 457 2838 3113313
478 2770 674 2832 revolventes
689 2769 780 2831 etiarn
797 2769 830 2830 in
844 2769 900 2831 hac
913 2775 1000 2846 parte
1014 2781 1085 2844 apo-

106 2845 321 2956 ffifflssfflffiss
338 2864 463 2928 stolicae
483 2861 697 2925 sollicitudinis
710 2862 848 2924 studium
870 2875 1036 2940 apponere,
1052 2875 1085 2920 ac

108 2953 179 2997 [3113-
339 2957 483 3020 33133133
516 2955 657 3017 salutaris
689 2953 874 3032 provisionis
910 2952 1084 3014 remedium

338 3051 455 3112 iamdiu
469 3065 485 3108 3
500 3048 589 3110 nobis
611 3048 878 3126 praemeditatum,
901 3063 935 3107 ac
956 3045 1049 3106 etiain
1068 3060 1084 3103 a

338 3143 576 3223 quampluribus
601 3142 796 3202 diversorum
822 3139 972 3202 Ordinum
994 3153 1085 3214 regu·

338 3237 455 3299 laribus
465 3235 644 3314 suppliciter
658 3234 804 3313 petitum,
817 3233 934 3296 diutins
948 3231 1083 3306 dillerro,

337 3331 555 3406 dictorumque
572 3327 783 3388 Romanorum
799 3325 985 3388 Pontificum
999 3339 1085 3404 prae-

337 3421 533 3484 decessorum
544 3418 903 3495 vestigiisinbaerentes,
913 3425 1001 3480 motu
1016 3433 1085 3494 pro·

338 3515 417 3594 prio,
440 3529 480 3574 eii
501 3513 583 3574 corti
604 3511 731 3572 scientiai
753 3517 784 3572 31
804 3511 923 3572 maturi
937 3509 1086 3571 delibera-

339 3606 424 3668 tione
445 3603 570 3677 nostris,
599 3604 699 3679 deque
720 3601 901 3680 apostolicae
929 3601 1086 3678 potestatis

338 3695 553 3777 plenitudine,
576 3711 699 3757 necnon
721 3696 759 3756 de
780 3694 1008 3756 nonnullorum
1034 3709 1086 3754 ve-

339 3790 524 3852 nerabilium
555 3787 687 3850 fratrum
720 3795 900 3849 nostrorum
933 3786 963 3849 S.
987 3786 1022 3848 ll.
1048 3787 1082 3847 E.

339 3881 549 3946 cardinalium
570 3888 601 3942 et
622 3879 955 3942 dilectorumiiliorum
976 3879 1087 3940 Roma·

339 3991 397 4038 333
419 3973 530 4036 Curiae
551 3973 759 4051 praelatorum
779 3973 910 4050 pietate,
934 3971 1085 4047 doctrine,

339 4068 504 4148 prudentia
525 4074 556 4128 31
583 4082 690 4128 rerum
712 4081 771 4128 usu
802 4065 1029 4142 praestantium
1050 4065 1085 4126 ad

339 4164 422 4223 liunc
443 4159 589 4222 ellectum
611 4157 814 4220 demandato
836 4165 943 4218 nostro
958 4171 1088 4234 congre-

339 4261 483 4331 gatorum
503 4251 644 4325 consilio,
667 4250 814 4329 praelatas
840 4257 1086 4312 memoratorum

338 4345 491 4422 Gregorii,
514 4343 593 4407 Sixti
615 4351 646 4404 31
674 4343 745 4405 13111
775 4345 1016 4421 praedecessoris
1038 4343 1088 4404 lit·

340 4449 419 4502 teras
436 4447 544 4500 tenore
558 4438 769 4516 praesentium
784 4439 997 4516 approbamus,
1013 4453 1086 4500 coii-

339 4535 500 4595 firmamus
521 4539 551 4594 31
574 4533 771 4607 innovamus,
787 4539 819 4594 at
833 4531 868 4593 ad
891 4532 1086 4609 primaevum

338 4635 465 4701 statum,
489 4627 720 4704 pristinumque
745 4641 836 4686 usum
858 4624 1034 4686 reducimus
1055 4631 1088 4686 et

339 4720 585 4796 reintegremus,
609 4717 732 4795 illisque
755 4719 788 4778 in
815 4717 960 4778 omnibus
982 4725 1012 4778 31
1034 4733 1088 4794 per

340 4814 444 4874 omnia
465 4818 649 4890 perpetuum
671 4819 702 4872 et
723 4809 909 4872 inviolabilis
931 4809 1088 4870 firmitatis

339 4905 436 4967 robur
455 4903 623 4966 adlicimus.

143 5007 266 5052 cetensio
281 5014 323 5052 sa·
380 4999 450 5072 §ii
475 4998 614 5074 insuper,
637 5003 672 5058 ut
693 4996 727 5057 13
749 4995 893 5056 omnibus
908 5004 938 5056 et
955 4993 1088 5071 singulis

107 5055 224 5106 cumdem
258 5069 323 5104 con·
762 5088 766 5099 .
904 5089 908 5098 .
939 5089 942 5097 .

106 5113 276 5159 siiiuivonum
288 5111 323 5158 33
341 5105 612 5170 quorumcumque
634 5090 825 5165 regularium
839 5087 1004 5150 Ordinibus
1025 5103 1089 5148 me·

105 5163 323 5276 ξξῖῗξῗὲἧᾟῗῑ
342 5191 534 5246 moratorum
555 5189 767 5261 protectorum
792 5198 885 5243 curae
904 5181 1086 5256 commissis,

105 5273 323 5386 ffi'r‘ffglssggfflssg}
340 5297 396 5343 seii
416 5279 567 5342 committi
589 5277 755 5350 consuetis,
779 5291 840 5337 una
866 5273 1037 5352 eademque
1058 5282 1089 5336 et

105 5395 160 5432 xis
341 5373 516 5454 parilormis
545 5371 721 5434 huiusmodi
743 5368 972 5447 protectionum
992 5368 1032 5428 sit
1057 5373 1089 5428 31

341 5475 491 5546 perpetuo
512 5481 578 5527 esse
599 5465 706 5526 debeat
733 5461 840 5540 regula
862 5469 892 5524 et
918 5459 1087 5538 disciplina,

341 5561 444 5622 omnia
466 5565 496 5620 et
511 5573 737 5637 quaecumque,
753 5563 816 5616 tam
831 5555 864 5615 13
880 5552 1088 5632 praelatorum

341 5653 612 5732 praedecessorum
640 5657 675 5713 ut
710 5647 883 5728 praetenui
925 5648 1089 5710 confirma-

340 5745 391 5820 tis,
414 5761 507 5823 quain
525 5746 558 5806 in
573 5743 784 5822 praesentibus
805 5741 917 5802 nostris
930 5747 1086 5814 contenta,

342 5841 374 5902 13
394 5839 540 5901 omnibus
565 5845 597 5898 et
622 5834 753 5912 singulis
783 5835 850 5896 sive
878 5833 909 5896 S.
934 5833 1087 5896 Francisci

341 5933 408 5994 3133
427 5931 652 6008 cuiuscumque
672 5929 800 5992 alterius
820 5927 948 6004 regulae
968 5926 1018 5987 331
1040 5925 1089 5986 in-

1812 589 1867 652 117
1918 591 2018 662 amc.
2039 593 2108 644 3334

1140 720 1241 782 3111311
1261 737 1295 783 33
1322 723 1614 802 quomodocumque
1636 723 1764 799 erectis,
1791 724 1889 786 selor-

1141 813 1230 874 matis
1250 830 1305 875 seu
1327 814 1544 890 existentibus,
1560 833 1593 878 ac
1607 813 1776 894 erigendis
1792 816 1889 878 reior-

1141 907 1261 968 mandis
1285 923 1340 969 seii
1366 907 1479 968 iuturis
1500 914 1531 969 et
1553 909 1786 986 quomodolibet
1807 925 1890 973 nun·

1140 1000 1258 1076 cupatis
1285 1017 1340 1062 seu
1369 1002 1586 1079 nuncupandis
1613 1002 1790 1078 Ordinibus,
1817 1004 1889 1064 reli·

1141 1092 1301 1168 gionibus,
1334 1093 1626 1170 congregationibus
1658 1096 1709 1158 vel
1740 1095 1887 1158 reforma-

1142 1185 1294 1262 tionibus,
1325 1193 1387 1248 tam
1415 1187 1556 1248 virorum
1582 1205 1676 1267 quain
1697 1189 1886 1264 mulierum,

1140 1293 1232 1340 curae
1260 1285 1471 1357 protectorum
1498 1280 1630 1356 Ordinis,
1656 1281 1744 1343 cuius
1766 1282 1812 1342 1111
1833 1299 1889 1344 333

1141 1371 1210 1432 11133
1241 1372 1398 1448 33131331,
1431 1374 1622 1449 generaliter
1653 1374 1890 1437 commissorum

1139 1480 1194 1526 seii
1215 1465 1468 1541 commissarum,
1497 1465 1697 1542 observanda,
1728 1467 1889 1530 attenden-

1140 1559 1176 1620 da
1197 1575 1230 1620 ac
1251 1561 1448 1621 omnimodae
1476 1560 1656 1622 executioni·
1678 1559 1888 1624 demandanda

1139 1665 1206 1712 esse
1225 1659 1257 1712 et
1283 1651 1492 1728 lore,1notu,
1520 1654 1650 1716 33133113
1676 1661 1707 1714 31
1731 1654 1889 1732 potestatis

1139 1742 1335 1820 plenitudine
1356 1745 1491 1822 paribus,
1504 1746 1560 1806 1333
1580 1745 1613 1808 13
1635 1753 1823 1824 perpetuum
1838 1762 1889 1806 va·

1140 1835 1233 1896 litura
1264 1837 1506 1914 constitutione,
1535 1839 1691 1900 sancimus
1712 1845 1743 1900 et
1764 1839 1890 1900 manda-

1140 1944 1219 1990 mus.
1245 1931 1283 1992 Et
1305 1930 1529 2006 nibilominus,
1553 1949 1593 1994 ne
1620 1933 1798 1994 huiusmodi
1820 1949 1888 2010 pro-

1141 2029 1272 2086 tectores
1293 2024 1326 2085 13
1354 2025 1507 2103 aliquibus
1530 2025 1683 2102 negociis,
1713 2026 1811 2088 causis
1832 2042 1888 2088 seu

1140 2115 1244 2192 rebus,
1260 2134 1339 2195 quae
1354 2119 1537 2180 universum
1553 2118 1700 2181 Ordinem
1715 2136 1770 2181 seu
1784 2126 1888 2182 totum

1139 2226 1249 2288 corpus
1270 2210 1431 2287 religionis
1446 2227 1509 2272 non
1534 2219 1740 2287 concernunt,
1756 2228 1795 2273 ex
1817 2229 1889 2292 qua·

1139 2318 1274 2380 cumque
1294 2303 1393 2378 33331,
1417 2305 1591 2380 occasione,
1615 2305 1706 2367 titulo
1727 2322 1782 2367 seu
1803 2321 1889 2384 prae-

1141 2401 1241 2470 textu,
1262 2411 1330 2457 sese
1350 2412 1474 2474 quoquo
1495 2396 1587 2458 modo
1609 2397 1820 2460 intromittant
1833 2411 1889 2459 seu

1140 2486 1297 2564 ingerant,
1320 2488 1413 2550 etiam
1437 2497 1545 2552 tenore
1571 2491 1782 2567 praesentium
1802 2491 1889 2568 peni-

1140 2586 1191 2642 tus
1213 2581 1427 2660 probibemus,
1449 2583 1615 2645 statuimus
1636 2589 1729 2661 atque
1750 2583 1888 2658 decerni-

1141 2689 1221 2736 mus.

1181 2770 1200 2843 ἓ
1221 2769 1248 2830 7.
1272 2768 1361 2843 Hinc,
1384 2785 1456 2830 cum
1477 2770 1615 2848 (retento
1643 2769 1851 2847 praelatarum
1872 2788 1888 2832 3
1989 2790 2122 2838 33333333

1140 2861 1229 2922 nobis
1251 2861 1505 2924 confirmatarum
1521 2869 1551 2924 et
1572 2863 1608 2924 ad
1630 2877 1739 2924 omnes
1759 2862 1888 2925 Ordines
1907 2845 2123 2952 Effiffifffssfissffissl

1140 2953 1298 3030 regulares
1326 2961 1526 3016 extensarum
1546 2971 1580 3018 ac
1601 2955 1812 3032 praesentium
1834 2948 2036 3017 331-(11111111
2057 2953 2121 2996 ⁶⁰¹¹·

1140 3057 1276 3110 strarum
1297 3048 1473 3110 litterarum
1494 3047 1643 3127 themate)
1665 3065 1838 3126 congruere
1859 3056 1889 3110 et
1907 3004 2051 3102 {gfiffi‘s'ff
2064 3015 2123 3103 <⁰232

1141 3142 1175 3202 in
1197 3142 1451 3220 consequentiam
1472 3141 1581 3202 venire
1602 3141 1755 3216 videatur,
1775 3147 1891 3204 31333-
1908 3110 2122 3223 ssssffgaffiffiffm'

1141 3235 1253 3296 morati
1278 3241 1468 3312 protectores
1495 3233 1589 3296 etiam
1614 3251 1630 3294 3
1659 3234 1838 3310 cognitione
1858 3241 1890 3296 et

1141 3326 1323 3389 delinitione
1343 3342 1516 3400 causarum,
1544 3343 1599 3388 seii
1622 3327 1735 3404 litium,
1764 3327 1815 3388 vel
1836 3342 1891 3388 ne-

1142 3419 1300 3496 gotiorum
1315 3421 1411 3482 dictos
1424 3419 1594 3496 regulares,
1606 3419 1657 3482 vel
1672 3435 1783 3482 eorum
1797 3419 1888 3496 bona,

1142 3513 1221 3587 iuva,
1244 3513 1363 3586 domos,
1379 3511 1499 3590 aliaque
1513 3519 1549 3574 ut
1569 3512 1744 3590 praelertur
1758 3513 1889 3590 particu-

1142 3605 1247 3666 lariter
1272 3605 1549 3679 concernentium,
1579 3605 1694 3682 pariter
1714 3622 1770 3666 seu
1791 3605 1890 3682 magis

1142 3697 1355 3774 abstinerent;
1385 3697 1452 3758 vice
1483 3705 1588 3760 autem
1614 3698 1702 3758 versi
1731 3705 1891 3760 causaest

1142 3790 1222 3864 lites,
1246 3789 1420 3864 1331331133,
1443 3790 1608 3866 petitiones
1624 3790 1673 3850 331
1696 3791 1820 3866 negotia
1835 3791 1891 3854 liu-

1143 3883 1293 3957 iusmodi,
1316 3883 1382 3944 sive
1403 3899 1442 3945 ex
1463 3883 1609 3958 indultis,
1642 3883 1813 3963 privilegiis
1838 3893 1891 3946 aut

1142 3974 1417 4037 constitutionibus
1432 3974 1616 4052 apostolicis,
1628 3975 1694 4038 3133
1709 3993 1748 4036 eii
1763 3976 1890 4053 regulis,

1143 4067 1193 4130 vel
1213 4067 1347 4141 statutis,
1369 4083 1425 4128 seu
1448 4065 1694 4130 ordinationibus
1714 4069 1890 4146 aliquorum

1142 4160 1312 4236 Ordinum,
1334 4161 1400 4222 sive
1421 4177 1460 4222 ex
1486 4160 1742 4224 declarationibus
1768 4163 1818 4224 331
1840 4165 1891 4226 de-

1143 4253 1233 4315 cretis
1254 4253 1351 4314 3113133
1372 4253 1403 4316 S.
1427 4253 1463 4314 ll.
1488 4253 1522 4315 E.
1547 4255 1761 4317 cardinalium
1781 4256 1891 4334 aliqui-

1143 4347 1200 4408 bus
1222 4346 1520 4422 congregationibus
1545 4347 1803 4424 praepositorum,
1825 4350 1891 4412 sive

1143 4455 1181 4500 ex
1202 4456 1262 4502 usu
1290 4439 1341 4500 vel
1369 4455 1564 4518 quacumque
1593 4440 1834 4516 consuetudine,
1857 4443 1890 4503 iii

1143 4533 1246 4610 aliqui
1274 4532 1434 4606 instantia,
1464 4547 1519 4594 seu
1541 4532 1638 4608 gradu
1669 4533 1891 4613 cuiuscumque

1143 4625 1357 4704 appellationis
1372 4625 1422 4686 vel
1437 4624 1592 4700 recursus,
1604 4643 1620 4686 a
1632 4629 1810 4689 memoratis
1822 4643 1893 4704 pro-

1145 4719 1314 4780 tectoribus
1341 4733 1396 4779 seu
1423 4733 1532 4779 eorum
1562 4718 1717 4798 aliquibus
1742 4719 1890 4781 hactenus

1144 4811 1283 4886 cognita,
1317 4811 1505 4887 examinata,
1528 4827 1583 4873 333
1606 4812 1735 4874 13313313
1760 4813 1888 4888 1333131,

1145 4903 1199 4982 331
1226 4903 1383 4980 cognosci,
1406 4904 1576 4966 examinari
1597 4921 1652 4965 seii
1683 4904 1811 4966 iudicari
1837 4921 1890 4983 po·

1143 4995 1239 5057 tuisse
1250 4995 1300 5056 vel
1312 4994 1452 5058 debuisse
1467 4997 1790 5074 dignoscerenturseu
1805 5015 1890 5078 prae·

1145 5093 1365 5156 tenderentur:
1390 5100 1563 5169 propterea,
1585 5098 1620 5152 ut
1642 5091 1762 5168 modus,
1779 5093 1887 5170 lorino,

1145 5193 1176 5247 et
1197 5188 1271 5248 ordo
1292 5187 1325 5248 in
1347 5185 1489 5264 praelatis
1509 5187 1699 5246 confirmatis
1710 5195 1741 5247 et
1755 5187 1890 5248 extensis

1144 5297 1177 5342 ac
1205 5277 1419 5357 praesentibus
1451 5278 1564 5339 nostris
1591 5277 1704 5339 litteris
1730 5279 1890 5339 constituti

1144 5387 1238 5434 suum
1267 5371 1443 5450 plenarium
1465 5378 1496 5430 et
1523 5369 1718 5432 consimilem
1744 5371 1836 5432 etiam
1858 5373 1890 5432 in

1145 5465 1200 5526 bac
1221 5473 1307 5542 parte
1328 5464 1500 5526 sortiantur
1521 5462 1678 5537 ellectum,
1701 5463 1847 5524 omnibus
1860 5471 1893 5526 et

1144 5557 1277 5635 singulis
1298 5557 1440 5636 praelatis
1461 5556 1601 5630 indultis,
1623 5554 1804 5633 privilegiis,
1821 5572 1894 5618 con·

1143 5649 1375 5726 stitutionibus,
1397 5649 1531 5726 regulis,
1554 5647 1692 5723 31313113,
1720 5647 1890 5724 ordinibus,

1144 5743 1411 5818 declarationibus
1428 5743 1571 5817 decretis,
1585 5734 1690 5804 usibus
1710 5747 1742 5800 et
1763 5757 1894 5802 consue-

1146 5836 1304 5898 tudinibus
1318 5837 1469 5914 (quorum
1489 5835 1631 5896 omnium
1647 5840 1678 5894 et
1692 5833 1892 5910 singulorum

1144 5919 1280 6003 tenores,
1303 5943 1336 5993 ac
1356 5927 1380 5988 si
1397 5929 1434 5989 de
1455 5926 1551 5988 verbo
1571 5927 1608 5988 ad
1629 5926 1762 5988 verbum
1783 5925 1892 5988 inserti
