4878 6982
290 555 344 610 Au.
359 557 389 609 O.
411 557 480 610 1705

331 890 404 936 Fides
420 893 492 938 tran·

279 949 447 1002 sumptorum.

334 3214 470 3270 expositio.

369 4049 502 4093 Decretum

292 4099 503 4178 S2angregatio·

292 4155 504 4263 fflgnlssxlgtuptiutn:

292 4259 505 4362 lllult¹¹¹¹¹¹¹¹³

530 557 591 620 238

509 709 654 774 expresse
677 692 877 769 derogamus;
902 690 1073 770 ceterisque
1093 691 1256 754 contrariis

509 787 766 866 quibuscumque.

549 881 568 955 ἓ
589 880 618 940 i.
642 879 793 942 Volumus
808 885 912 940 autem
927 883 961 940 ut
976 879 1156 940 earumdem
1171 893 1258 956 prae·

509 973 647 1036 sentium
662 972 837 1034 litterarum
853 972 1066 1050 transumptis,
1082 987 1137 1034 seu
1152 986 1259 1034 exem-

510 1066 581 1144 plis,
604 1066 696 1127 etiam
719 1065 886 1142 impressis,
905 1081 1000 1128 manu
1021 1064 1150 1126 alicuius
1171 1070 1259 1125 nota·

510 1159 549 1220 rii
570 1157 684 1237 publici
714 1157 906 1236 subscriptis,
929 1165 960 1218 et
979 1156 1082 1234 sigillo
1109 1171 1259 1235 personae

510 1251 544 1313 in
565 1251 766 1313 ecclesiastiea
787 1250 938 1326 dignitate
955 1251 1139 1312 constitutae
1155 1249 1260 1310 muni-

511 1344 562 1418 tis,
584 1344 693 1406 eadem
724 1359 849 1420 prorsus
881 1342 955 1406 tides
984 1343 1099 1420 ubique
1120 1341 1258 1404 locorum

512 1441 574 1498 tam
596 1437 629 1498 in
649 1437 761 1498 iudicio
776 1451 870 1514 quam
890 1442 976 1497 extra
999 1434 1075 1498 illud
1096 1434 1258 1505 habeatur,

511 1545 590 1607 quae
611 1529 681 1607 ipsis
697 1528 908 1606 praesentibus
923 1528 1100 1602 haberetur,
1117 1527 1141 1588 si
1158 1525 1260 1589 iurent

512 1622 666 1686 exhibitae
686 1622 737 1684 vei
757 1629 906 1684 ostensae.

553 1717 665 1778 ilatum
686 1715 799 1776 Romae
821 1715 901 1792 apud
917 1714 948 1778 S.
972 1715 1111 1788 Petrum,
1129 1713 1188 1776 sub
1208 1728 1260 1774 an-

513 1810 589 1872 nulo
610 1809 780 1884 Piscatoris,
806 1807 856 1868 die
881 1823 957 1868 xxx.
972 1807 1103 1870 ianuarii
1125 1821 1259 1882 uocet,

513 1902 710 1984 pontificatus
732 1901 830 1963 nostri
852 1915 933 1962 anno
954 1917 984 1960 v.

771 2059 1010 2070 ·.------—--

753 2186 755 2188 ’
840 2180 934 2246 xvir.

517 2369 692 2447 Confirrrrut
721 2370 883 2431 decretum
915 2365 1180 2446 Cortpreputiortis
1207 2363 1262 2426 itt-

556 2469 650 2524 tuum
673 2462 708 2524 dc
730 2462 889 2540 facultate
921 2456 1101 2522 celebrandi
1131 2457 1262 2519 missum

556 2555 592 2618 de
614 2555 649 2616 B.
673 2555 715 2620 M.
737 2554 766 2616 V.
789 2553 929 2634 siugulis
950 2550 1093 2616 sabbatis
1115 2566 1171 2628 pro
1194 2551 1262 2628 sru-

556 2646 662 2710 trt'bus
685 2645 864 2712 Minoribus
892 2645 1106 2710 Discolceotr's
1134 2643 1263 2721 prociu-

555 2742 622 2804 ct'uc
643 2741 828 2806 Macicuoue
849 2737 906 2818 (l).

1035 573 1099 618 IUR·
1125 573 1214 619 PONT.
1238 574 1279 620 ut:
1300 575 1330 620 P.
1353 575 1382 620 F·
1407 575 1489 621 PARS
1511 576 1531 620 1.

1312 695 1411 756 nostri
1432 702 1463 758 et
1483 694 1690 770 Pentecostes
1712 701 1743 757 et
1764 694 1870 772 vigilia
1885 694 2061 758 Natiuitatis

1312 787 1435 851 Domini
1454 789 1480 850 si
1495 787 1528 851 in
1542 788 1704 852 sabbatum
1720 787 1874 862 inciderit,
1891 804 1955 852 non
1970 788 2061 850 omis-

1312 881 1343 942 sa
1363 880 1576 957 conventuali,
1599 881 1688 944 unica
1720 881 1814 943 etiam
1844 881 1936 942 missa
1957 881 2062 942 votiva

1313 974 1350 1036 de
1372 974 1457 1038 beata
1479 973 1571 1036 Marii
1592 975 1723 1050 Virgine
1747 973 1896 1036 celebrari
1917 974 2012 1051 possit
2032 981 2064 1036 et

1313 1066 1423 1129 valeat.
1447 1067 1502 1128 Die
1530 1084 1572 1128 ιν.
1596 1068 1701 1146 aprilis
1729 1083 1847 1130 uocet.
1871 1098 1910 1114 -
1932 1067 1968 1130 G.
1993 1067 2064 1132 Car-

1314 1159 1424 1221 dinalis
1439 1159 1634 1224 Cneerusus.
1652 1163 1729 1223 Loco
1742 1161 1764 1239 †
1777 1161 1892 1241 sigilli.
1910 1161 1944 1222 B.
1960 1162 2065 1224 literu-

1315 1269 1409 1328 ntur,
1423 1268 1580 1314 sacrorum
1595 1253 1725 1316 Rituum
1740 1255 1996 1332 congregationis
2012 1254 2064 1318 Se·

1315 1349 1465 1410 cretartus
1478 1364 1508 1407 r.
1542 1379 1543 1386 κ

1355 1439 1422 1514 52.
1445 1441 1522 1504 Cum
1545 1449 1662 1516 autem,
1684 1443 1765 1504 sicut
1792 1442 1966 1520 praedictus
1987 1443 2065 1505 lose-

1316 1533 1395 1610 pbus
1417 1533 1505 1596 nobis
1526 1534 1657 1597 subinde
1688 1535 1802 1614 exponi
1823 1535 1905 1609 lecit,
1929 1535 1993 1614 ipse
2014 1535 2067 1597 de-

1315 1635 1438 1690 cretum
1470 1627 1660 1702 huiusmodi,
1690 1643 1751 1707 quo
1779 1628 1900 1691 firmins
1921 1628 2066 1690 subsistat

1316 1726 1347 1781 et
1368 1727 1512 1783 servetur
1532 1721 1679 1797 exactius,
1699 1721 1882 1800 apostolicae
1902 1722 2066 1784 conilrma-

1317 1813 1411 1876 tionis
1434 1821 1557 1876 nostrae
1577 1813 1746 1893 patrocinio
1767 1814 1955 1884 communiri
1970 1815 2067 1894 pluri-

1317 1923 1406 1970 mum
1427 1907 1594 1970 desideret:
1619 1923 1687 1982 nos,
1703 1907 1806 1986 ipsum
1820 1908 1983 1985 losepbum
2000 1925 2067 1988 spe·

1317 2002 1444 2064 cialibus
1470 2000 1627 2064 latoribus
1651 2009 1682 2063 et
1710 2001 1815 2078 gratiis
1843 2002 1988 2081 prosequi
2014 2019 2067 2065 vc

1318 2094 1429 2170 lentes,
1452 2101 1483 2156 et
1504 2110 1520 2154 a
1541 2093 1701 2171 quibusvis
1722 2094 2066 2171 excommunicationis,

1316 2187 1527 2266 suspensionis
1542 2193 1572 2248 et
1594 2186 1769 2263 interdicti,
1785 2186 1915 2265 aliisque
1929 2187 2067 2250 ecclisia·

1317 2280 1401 2342 stitis
1421 2279 1597 2354 sententiis,
1614 2278 1752 2342 censuris
1774 2287 1805 2341 et
1825 2280 1978 2358 poenis,a
2000 2281 2068 2343 iure

1317 2373 1368 2434 vel
1389 2373 1426 2434 ab
1447 2371 1587 2447 bomine,
1610 2371 1719 2450 quavis
1740 2372 1899 2434 occasione
1914 2372 1964 2434 vel
1979 2373 2068 2436 causa

1318 2466 1397 2541 latis,
1413 2466 1438 2526 si
1454 2465 1566 2544 quibus
1581 2463 1811 2544 quomodolibet
1825 2464 1990 2528 innodatus
2003 2465 2070 2526 exi·

1318 2559 1389 2634 stit,
1422 2559 1458 2620 ad
1489 2557 1633 2620 ellectum
1663 2557 1874 2636 praesentium
1905 2557 2069 2620 dumtaxat

1318 2652 1584 2730 consequendum,
1600 2650 1712 2712 barum
1732 2651 1812 2712 serie
1832 2649 2025 2712 absolventes
2039 2656 2071 2712 et

1318 2743 1494 2806 absolutum
1514 2743 1580 2806 lore
1598 2749 1771 2817 censentes,
1793 2741 2068 2821 supplicationibus

1244 2893 1245 2898 ,
1320 2836 1385 2899 eius
1418 2837 1545 2898 nomine
1578 2835 1665 2898 uobis
1696 2849 1789 2914 super
1820 2835 1878 2897 boc
1907 2835 2071 2898 bumiliter

722 2907 908 2977 OLEMEOS
931 2908 1061 2976 ee.xt

657 3031 1123 3102 mmmmmmm

558 3210 626 3286 sl.
652 3210 816 3272 Emanavit
845 3225 946 3288 nuper
973 3227 989 3269 a
1015 3205 1266 3284 congregatione

520 3303 748 3366 venerabilium
768 3301 901 3365 fratrum
923 3309 1103 3364 nostrorum
1126 3299 1156 3362 S.
1174 3297 1210 3360 ll.
1228 3299 1263 3360 E.

519 3395 731 3458 Oardiualium
752 3395 844 3458 sacris
876 3395 986 3458 ritibus
1007 3392 1265 3470 praepositorum,

518 3490 554 3554 ad
582 3488 839 3567 supplicationem
870 3488 973 3551 dilecti
1004 3486 1061 3548 srlii
1090 3485 1209 3563 losepbi
1230 3485 1268 3546 de

519 3583 716 3660 Sottomayor
734 3581 837 3642 fratris
851 3595 995 3658 expresse
1010 3577 1138 3658 professi
1152 3593 1186 3638 ae
1199 3591 1268 3654 pro·

520 3676 659 3738 ministri
678 3672 875 3754 provincialis
896 3673 1073 3751 provinciae
1094 3669 1268 3732 llexicanae

519 3768 640 3831 Ordinis
663 3767 820 3830 itinerum
853 3765 955 3828 Sancti
977 3763 1130 3826 Francisci
1152 3763 1190 3824 de
1211 3759 1270 3823 Ob-

520 3863 677 3925 servantii
713 3859 965 3922 Excalceatorum
999 3863 1268 3934 nuncupatorum,

521 3956 682 4017 decretum
705 3954 819 4016 tenoris
841 3953 894 4032 qui
916 3952 1069 4030 sequitur,
1086 3940 1247 4011 videlicet:

562 4047 761 4110 «llexieano.
786 4047 832 4110 Ad
853 4045 1044 4108 humillimas
1059 4059 1164 4123 preces
1185 4058 1270 4104 sanc-

522 4141 641 4203 tissimo
662 4140 794 4202 Domino
815 4146 923 4200 nostro
946 4137 1100 4202 Clementi
1123 4137 1201 4214 Papa
1216 4135 1268 4197 Xl.

523 4251 538 4295 a
553 4241 638 4314 patre
652 4235 780 4312 losepbo
794 4233 831 4296 de
847 4231 1055 4307 Sottomayor,
1073 4229 1195 4293 Ordinis
1212 4228 1271 4288 Ex-

523 4327 728 4390 calceatorum
750 4324 855 4388 Sancti
876 4323 1028 4386 Francisci
1050 4329 1081 4384 et
1096 4320 1271 4402 provinciae

524 4419 698 4482 llexicanae
714 4417 926 4497 proministro,
942 4421 1106 4494 porrectas,
1124 4431 1140 4475 a
1155 4413 1273 4477 Sancti·

526 4521 586 4575 tate
608 4513 669 4576 Sua
683 4511 719 4573 ad
734 4527 892 4574 sacrorum
907 4510 1037 4572 Rituum
1054 4507 1274 4585 congregatio

525 4621 600 4668 nem
621 4607 762 4668 remissas
782 4611 814 4666 et
828 4604 865 4665 ab
879 4602 1127 4665 eminentissimo
1142 4609 1173 4662 et
1187 4616 1275 4662 reve-

454 4776 459 4786 ,
525 4699 712 4762 candissimo
733 4697 858 4759 domino
881 4695 1033 4759 cardinali
1055 4695 1086 4758 S.
1105 4693 1275 4758 Clementis

526 4794 648 4866 relatas,
670 4807 753 4854 sacra
774 4789 882 4852 eadem
903 4789 1032 4852 Rituurn
1056 4785 1273 4864 congregatio,

526 4886 657 4963 gratiam
678 4885 751 4946 aliis
771 4884 830 4946 sub
850 4883 898 4944 die
921 4899 992 4944 xnr.
1015 4881 1140 4958 augusti
1161 4895 1272 4942 uocet.

526 4982 628 5043 eidem
649 4979 756 5043 Ordini
777 4973 952 5056 provinciae
979 4976 1116 5038 Baeticae
1138 4971 1275 5051 imparti-

526 5081 591 5135 tam
622 5072 830 5148 extendendo,
863 5071 998 5146 benigne
1026 5065 1157 5129 indulsit
1184 5073 1276 5143 atque

526 5167 688 5241 concessit,
711 5174 746 5227 ut
767 5165 800 5226 in
821 5164 957 5226 ecclesiis
982 5160 1104 5225 Ordinis
1128 5157 1276 5238 praedicti

528 5259 779 5321 Excalceatorum
801 5257 905 5320 Sancti
925 5255 1078 5318 Francisci
1097 5251 1275 5332 provinciae

527 5354 703 5416 blexicanae
724 5351 860 5430 qualibet
880 5350 930 5412 die
950 5347 1066 5410 sabbati
1087 5361 1276 5425 perannum

528 5465 592 5511 non
615 5447 756 5526 impediti
777 5443 878 5506 officio
900 5441 1014 5520 duplici
1041 5440 1158 5519 primae
1180 5445 1210 5499 ct
1231 5453 1276 5498 se·

528 5543 647 5604 eundae
661 5539 776 5613 classis,
792 5537 925 5616 exceptis
940 5534 1063 5596 sabbato
1078 5537 1194 5605 sancto,
1211 5531 1277 5592 salr-

529 5632 606 5694 batis
628 5630 708 5692 inira
729 5639 867 5692 octavam
889 5625 1137 5690 Resurrectionis
1153 5623 1277 5685 Domini

1320 2930 1468 3010 porrectis
1487 2929 1639 3004 inclinati,
1656 2929 1815 2992 decretum
1829 2928 2069 3006 praeinsertum,

1320 3025 1503 3087 auctoritate
1524 3021 1699 3101 apostolici,
1717 3028 1826 3083 tenore
1846 3021 2069 3098 praesentium,

1320 3119 1541 3182 confirmamus
1563 3121 1594 3177 et
1615 3114 1830 3193 approbamus,
1848 3113 1955 3193 illique
1971 3113 2071 3176 invio-

1322 3211 1420 3274 labilis
1451 3209 1633 3290 apostolicae
1664 3208 1820 3270 firmitatis
1848 3207 1943 3269 robur
1968 3207 2073 3270 adiici·

1322 3320 1408 3382 mus;
1441 3304 1525 3366 salvi
1552 3311 1656 3364 tamen
1685 3317 1809 3380 semper
1837 3301 1870 3362 in
1897 3301 2072 3379 praemissis

1322 3397 1503 3460 auctoritate
1523 3402 1712 3458 memoratae
1728 3393 1986 3472 congregationis
2001 3395 2072 3458 Car·

1323 3491 1486 3554 dinarium.

1363 3586 1382 3659 ἓ
1403 3584 1432 3646 3.
1455 3585 1676 3657 Decernentes,
1692 3580 1815 3643 easdem
1832 3589 2010 3659 praesentes
2024 3581 2075 3644 lit·

1325 3685 1404 3740 teras
1433 3691 1558 3754 semper
1586 3677 1703 3749 tirmas,
1736 3674 1851 3738 validas
1879 3683 1911 3738 et
1938 3675 2073 3738 efficaces

1324 3771 1458 3832 existere
1479 3775 1509 3830 et
1530 3768 1607 3844 iore,
1631 3783 1766 3846 suosque
1792 3767 1948 3847 plenarios
1968 3773 1999 3830 et
2027 3769 2075 3830 in·

1327 3871 1428 3940 tegros
1450 3861 1577 3924 edoctus
1597 3861 1702 3923 sortiri
1724 3868 1756 3922 et
1778 3861 1930 3936 obtinere,
1946 3877 1980 3923 ao
2000 3861 2073 3936 illis,

1325 3956 1363 4018 ad
1383 3971 1460 4034 quos
1490 3959 1606 4032 spectat
1627 3960 1658 4015 et
1679 3969 1735 4032 pro
1767 3959 1907 4031 tempore
1938 3951 2075 4030 quando-

1326 4063 1461 4126 cumque
1474 4047 1634 4126 spectabit,
1648 4049 1681 4108 in
1696 4046 1841 4108 omnibus
1857 4053 1887 4108 et
1902 4061 1957 4124 per
1972 4045 2075 4106 omnia

1326 4139 1506 4221 plenissime
1526 4137 1699 4214 subrogari,
1718 4139 1824 4216 sicque
1845 4137 1878 4200 iu
1899 4137 2076 4216 praemissis

1327 4250 1383 4313 per
1403 4246 1616 4312 quoscumque
1643 4230 1761 4292 iudices
1781 4230 1952 4292 ordinarios
1973 4237 2004 4292 ct
2025 4230 2076 4292 de-

1328 4327 1461 4403 legatos,
1488 4324 1581 4386 etiam
1605 4337 1765 4386 causarum
1794 4322 1900 4400 palatii
1920 4321 2077 4402 apostolici

1328 4421 1498 4492 auditores
1527 4415 1655 4479 iudicari
1682 4423 1714 4477 et
1737 4415 1861 4477 definiri
1889 4415 2017 4489 debere,
2043 4431 2078 4477 ac

1329 4513 1455 4574 irritum
1471 4519 1501 4573 et
1516 4510 1621 4583 inane,
1637 4509 1664 4568 si
1683 4524 1771 4570 setus
1791 4523 1885 4586 super
1906 4508 1953 4568 bis
1971 4523 1987 4568 a
2002 4523 2077 4585 quo-

1329 4619 1433 4684 quam,
1446 4601 1553 4682 quavis
1567 4600 1761 4675 auctoritate,
1775 4601 1910 4663 scienter
1924 4600 1974 4661 vel
1989 4601 2079 4677 igno·

1330 4705 1447 4772 neuter,
1470 4694 1638 4772 contigerit
1658 4693 1814 4756 attentari.
1838 4692 1908 4754 Non
1930 4693 2078 4754 obstanti-

1330 4793 1387 4854 bus
1408 4787 1684 4851 constitutionibus
1704 4793 1736 4847 et
1750 4785 1994 4847 ordinationibus
2008 4801 2079 4864 apo-

1330 4881 1460 4957 stolicis,
1489 4880 1662 4958 ueterisque
1692 4877 1853 4941 contrariis
1879 4877 2078 4956 quibuscum-

1332 4991 1403 5055 que.

1370 5071 1482 5131 Datum
1504 5067 1630 5141 Romae,
1646 5065 1727 5144 apud
1747 5064 1779 5127 S.
1797 5064 1936 5136 Petrum,
1950 5064 2008 5126 sub
2025 5079 2079 5126 an·

1332 5164 1407 5227 nulo
1429 5160 1599 5234 Piscatoris,
1615 5159 1664 5220 die
1680 5173 1747 5218 vrrr.
1766 5157 1838 5218 maii
1853 5173 1986 5232 unctu,
2003 5171 2080 5235 pon·

1333 5259 1465 5321 libratus
1487 5252 1584 5317 nostri
1606 5266 1688 5312 anno
1708 5265 1739 5310 v.

1588 5443 1826 5453 ...-.——-——-—-

572 5875 601 5930 (1)
618 5875 654 5918 Ex
669 5875 772 5930 Regest.
793 5871 820 5916 in
835 5871 909 5916 drab.
926 5873 998 5914 Brex.
1019 5871 1086 5914 ilaec
1100 5866 1211 5913 tsetdtus
1227 5860 1348 5912 concessa
1365 5863 1452 5908 suerat
1469 5858 1618 5918 provinciae
1632 5857 1753 5904 Baeticae
1766 5853 1871 5902 constit.
1887 5853 1948 5900 edit.
1965 5863 2080 5908 proceru,

531 5943 573 5988 die
587 5953 643 5988 xtrt.
659 5939 795 5996 februarii,
809 5937 898 5997 pontis.
914 5949 949 5982 ιν.

2090 563 2144 616 An.
2159 560 2190 614 C.
2212 561 2287 614 1705

2133 1453 2304 1502 confirmatio

2085 1509 2157 1558 relati
2173 1507 2279 1554 decreti.

2119 3599 2264 3648 Clausulas.
