4880 6982
344 587 398 644 An.
412 591 442 645 G.
464 589 532 641 1720

346 1350 351 1360 Ι
372 1296 462 1362 vicarii
478 1299 544 1353 patt-

333 1355 544 1399 tronrcousensus

333 1405 405 1452 iusta
417 1405 528 1454 modum.

583 587 641 652 340

562 724 660 786 versis
682 721 825 786 iratribus
839 723 937 786 dictae
952 720 1197 800 congregationis
1213 718 1248 780 ad
1264 715 1306 778 ei·

563 815 679 880 lectum
699 806 776 878 inibi
798 817 939 892 erigendi
955 815 1128 893 Collegium
1140 829 1194 876 seu
1215 811 1305 873 semi-

563 910 686 972 narium
708 909 908 989 apostolicum
918 909 1186 972 missionariorum
1200 905 1306 968 buius-

562 1003 645 1064 modi
666 1003 723 1064 sub
744 1003 970 1066 conditionibus
992 1002 1079 1064 nobis
1100 999 1255 1064 benevisis
1276 1007 1307 1060 et

562 1096 635 1158 huic
647 1097 691 1159 rei
714 1097 811 1174 magis
832 1096 1077 1172 accommodatis,
1090 1095 1255 1158 concedere
1270 1094 1307 1154 de

562 1189 753 1267 benignitate
773 1190 937 1269 apostolica
958 1191 1173 1266 dignaremur:

602 1285 671 1359 52.
696 1283 757 1346 Nos
777 1285 947 1363 supplicem
974 1283 1115 1345 libellum
1141 1281 1230 1344 nobis
1256 1279 1309 1341 de-

562 1391 655 1455 super
675 1387 853 1456 porrectum
874 1378 985 1440 dilecto
1000 1378 1063 1440 lilio
1079 1385 1185 1440 nostro
1200 1375 1307 1437 ioanni

562 1471 722 1534 Dominico
745 1472 775 1536 S.
787 1473 822 1533 h.
834 1473 868 1534 E.
893 1471 1064 1550 praedictae
1085 1469 1238 1537 Cardinali
1255 1470 1307 1531 Pa·

563 1565 700 1628 raetiano
722 1575 900 1644 nuncupato
922 1573 1027 1628 nostro
1050 1567 1080 1627 in
1103 1565 1185 1628 Urbe
1207 1572 1246 1626 et·
1264 1565 1307 1628 di·

562 1659 673 1722 strictu
694 1659 856 1738 praedictis
885 1659 1005 1722 Vicario
1038 1659 1068 1721 in
1097 1659 1307 1738 spiritualibus

564 1755 718 1830 generali,
743 1755 830 1817 cuius
851 1769 1039 1818 consensum
1061 1753 1142 1816 idem
1164 1770 1306 1832 procura-

563 1854 612 1909 tor
635 1847 787 1924 generalis
802 1848 837 1909 ad
855 1853 928 1910 haee
942 1863 1065 1926 quoque
1087 1847 1306 1926 requisiverat,

563 1941 758 2017 remisimus,
789 1943 841 2021 qui
870 1943 997 2021 provide
1024 1943 1220 2004 considerans
1252 1958 1308 2020 per

564 2034 713 2097 eiusmodi
739 2037 973 2098 concessionem
1000 2051 1063 2097 non
1090 2038 1181 2099 modo
1200 2035 1305 2112 statui,

563 2129 745 2210 perfectioni
760 2139 791 2194 et
806 2133 1037 2194 manutentioni
1058 2130 1188 2194 fabricae
1210 2129 1307 2193 dictae

563 2223 707 2286 ecclesiae
728 2224 761 2285 B.
785 2224 896 2287 illariae
926 2224 1079 2302 Virginis,
1103 2241 1180 2304 quae
1209 2225 1307 2288 adhue

563 2317 741 2396 imperiecta
769 2319 941 2396 reperitur,
970 2319 1083 2397 virque
1110 2319 1197 2392 alias,
1221 2335 1306 2396 prae·

561 2411 671 2474 sertim
681 2411 707 2474 si
721 2411 936 2490 eleemosynae
947 2411 1101 2488 deessent,
1114 2414 1229 2476 absolvi
1241 2429 1307 2491 pos-

562 2513 608 2570 set
629 2507 667 2568 ob
689 2521 796 2583 graves
811 2521 888 2584 quae
903 2507 939 2567 ad
955 2506 984 2568 id
999 2507 1171 2582 exiguntur
1192 2523 1307 2586 expen-

561 2616 622 2674 sae,
645 2599 757 2677 quibus
773 2607 881 2662 tennes
903 2599 986 2661 illius
1003 2599 1139 2663 redditus
1154 2617 1308 2680 nusquam

562 2709 650 2771 pares
681 2709 747 2754 esse
768 2700 912 2772 possunt,
941 2694 1101 2771 provisum
1130 2695 1179 2771 iri,
1202 2695 1308 2758 sedet

563 2789 675 2852 Sedena
702 2787 889 2866 praedictam
917 2789 1035 2866 copiam
1057 2797 1088 2851 ει
1108 2791 1307 2852 commodita-

564 2889 629 2944 tem
651 2881 870 2958 religiosorunt
892 2883 926 2942 ad
949 2898 1046 2943 sacras
1074 2883 1235 2945 missiones
1257 2885 1309 2945 ha-

562 2975 684 3050 bilium,
707 2990 795 3052 qnos,
819 2975 939 3053 quoties
960 2982 991 3036 et
1012 2991 1209 3055 quocumque
1231 2993 1307 3055 opus

561 3067 656 3130 inerit
684 3067 752 3130 eive
775 3067 920 3142 libuerit,
943 3069 977 3130 ad
1000 3067 1122 3130 easdem
1144 3070 1307 3132 missiones

562 3163 726 3225 amandare
747 3161 878 3241 poterit,
902 3161 933 3223 in
956 3163 1061 3224 eadem
1083 3163 1165 3225 Urbe
1188 3163 1307 3227 habitu-

563 3271 629 3316 ram
651 3253 727 3330 iore,
751 3272 784 3318 ac
804 3256 931 3317 demum
953 3255 1119 3316 maximam
1146 3257 1308 3319 animabus

561 3347 856 3411 circumvicinorum
884 3348 1071 3422 vinitorum,
1100 3348 1307 3412 lornariorum

562 3441 756 3520 aliorumque
778 3441 967 3516 accolarum,
989 3449 1098 3520 utpote
1119 3443 1172 3521 qui
1194 3443 1226 3504 in
1248 3444 1307 3523 spi·

563 3535 724 3598 ritualibus
745 3551 855 3598 eorum
880 3535 1063 3612 indigentiis
1085 3545 1116 3598 et
1136 3553 1309 3600 sacramen·

564 3640 669 3693 torum
699 3629 965 3692 administratione
995 3645 1010 3688 a
1043 3630 1131 3692 dictis
1162 3630 1307 3693 iratribus

562 3729 625 3785 tarn
647 3723 679 3785 in
702 3723 763 3784 vitai
785 3737 878 3801 quam
901 3722 932 3782 in
955 3730 1066 3798 morte,
1083 3723 1201 3785 attenti
1221 3739 1306 3802 prae-

561 3819 670 3880 sertim
700 3831 811 3878 eorum
837 3831 852 3875 a
881 3815 958 3877 dicta
986 3817 1150 3894 parochiali
1181 3817 1306 3880 ecclesia

563 3909 724 3985 distantia,
756 3907 974 3987 multipliciter
1009 3909 1107 3970 iuvari
1140 3919 1305 3989 poterunt,

562 4011 786 4086 proventuram
801 4019 867 4065 esse
881 4004 1066 4081 utilitatem;
1089 4013 1156 4084 post
1178 4021 1245 4068 rem
1262 4015 1306 4069 to-

562 4107 624 4162 tam
659 4105 781 4161 mature
816 4098 1045 4177 diligenterque
1079 4098 1247 4162 discussam
1274 4117 1307 4164 nc

563 4193 651 4256 nobis
673 4192 812 4268 relatam,
829 4199 1016 4254 memoratae
1031 4193 1220 4256 concessioni
1236 4209 1308 4256 con-

562 4302 689 4349 sensum
717 4303 810 4348 suum
838 4285 1006 4364 praestitit,
1029 4287 1086 4348 suh
1113 4288 1243 4350 diversis
1266 4296 1309 4350 ta·

564 4396 635 4441 ιιιειι
657 4395 713 4460 per
735 4381 858 4441 eosdem
881 4379 989 4440 iratres
1009 4377 1213 4458 adimplendis
1235 4398 1306 4444 con-

562 4474 729 4536 ditionibus
755 4473 875 4550 vulgari
898 4471 1043 4534 idiomate
1070 4475 1238 4552 expressis,
1263 4484 1307 4538 te·

563 4567 646 4630 noris
667 4567 720 4645 qui
741 4568 895 4646 sequitur,
918 4565 1079 4629 videlicet:

604 4773 625 4817 ι.
649 4754 789 4833 Obligare
811 4757 848 4818 ed
870 4756 1023 4833 ipotecare
1039 4756 1048 4816 i
1064 4755 1135 4817 beni
1158 4758 1236 4820 della
1258 4775 1307 4821 su-

564 4851 645 4912 detta
671 4851 934 4926 congregazione,
965 4849 1234 4928 particolarmento
1259 4854 1307 4914 dei

565 4945 712 5006 conventi
744 4945 773 5006 di
804 4943 915 5018 Roma,
946 4943 1101 5016 Livorno‚
1130 4945 1241 5007 Milano
1270 4945 1306 5007 ed

564 5036 756 5100 hiessarrdria
778 5052 840 5097 non
862 5037 926 5098 solo
946 5035 982 5096 ad
1005 5051 1065 5097 una
1087 5039 1268 5100 esattissima
1290 5057 1307 5102 e

563 5131 747 5194 fedelissima
773 5130 1058 5204 amministratione
1085 5131 1164 5193 delle
1187 5133 1307 5194 rendite

564 5241 580 5286 e
604 5225 747 5286 limosine
769 5223 916 5301 spatianti
938 5223 993 5284 aila
1016 5222 1098 5284 detta
1119 5225 1235 5300 chiesa,
1258 5241 1307 5286 ma

563 5318 660 5380 anche
678 5315 893 5396 d’impiegarle
909 5315 991 5377 nella
1007 5315 1137 5378 iabbrica
1152 5317 1229 5380 della
1244 5334 1308 5380 me·

564 5411 679 5474 desima
701 5427 718 5472 e
738 5410 787 5473 del
811 5411 958 5486 collegio.

604 5522 638 5565 ιι.
664 5505 728 5568 Che
749 5511 857 5582 questo
879 5503 1018 5581 collegio
1043 5503 1138 5566 dehba
1160 5521 1242 5566 esser
1263 5521 1309 5566 sc-

564 5597 698 5659 minario
713 5598 878 5676 apostolico
890 5599 919 5660 di
930 5598 1115 5672 missionari,
1132 5613 1149 5658 e
1164 5597 1190 5658 si
1205 5597 1309 5676 quello

565 5706 651 5753 carne
673 5692 773 5770 questi
795 5691 933 5753 debbano
955 5693 987 5753 in
1010 5699 1090 5754 tutto
1112 5708 1128 5752 e
1151 5709 1207 5771 per
1228 5698 1309 5754 tutto

565 5801 648 5846 esser
668 5786 801 5861 soggelti
822 5785 883 5862 agli
904 5786 1005 5848 ordini
1029 5785 1107 5846 della
1123 5785 1153 5848 S.
1173 5786 1308 5862 Ctthgre-

565 5878 694 5955 ganione
716 5880 753 5940 de
775 5879 969 5957 Propaganda
991 5879 1076 5954 Fide,
1099 5878 1259 5941 coniorme
1281 5879 1309 5941 lo

541 5987 641 6034 ¹sono
673 5973 716 6050 gli
744 5971 813 6034 altri
847 5973 962 6050 Collegi
990 5973 1037 6036 de’
1059 5973 1210 6049 regelari,
1243 5973 1308 6036 ciob

1011 551 1016 568 Ι
1081 602 1144 647 lUR·
1171 600 1259 646 PON'l'·
1285 599 1325 644 DE
1347 597 1375 644 P·
1400 599 1429 644 F.
1454 599 1535 644 PARS
1558 601 1577 644 l.

1363 716 1467 794 quello
1489 717 1519 780 di
1541 719 1571 782 S.
1596 718 1699 780 Pietro
1721 719 1753 780 in
1774 719 1927 782 Montorio
1952 719 1999 784 de'
2022 719 2108 798 padri

1364 809 1475 872 hlinori
1496 811 1672 875 Osservanti
1695 811 1855 875 Riiormati
1878 813 1908 876 di
1930 815 1961 878 S.
1976 815 2107 878 Franco·

1362 922 1424 980 sco,
1447 905 1478 968 di
1493 905 1524 969 S.
1542 905 1736 968 Bartolomeo
1758 907 1891 970 all'isola
1906 911 1953 972 de’
1970 909 2107 988 religiosi

1364 998 1473 1061 hlinori
1504 1001 1680 1062 llsservanti
1711 1017 1787 1079 pure
1813 1003 1842 1066 di
1868 1003 1898 1066 S.
1922 1005 2105 1079 Franresco,

1363 1091 1398 1152 ed
1431 1092 1635 1154 aheberim
1663 1094 1802 1158 debbano
1830 1097 1906 1158 daila
1939 1099 2107 1160 medesima

1363 1184 1394 1248 S.
1419 1185 1672 1263 congregazione
1688 1190 1809 1251 ricever
1823 1189 1851 1252 le
1872 1191 1978 1268 regale
1993 1191 2049 1254 che
2065 1191 2107 1268 gli

1362 1294 1492 1340 saranno
1515 1281 1688 1358 prescritte,
1704 1284 1741 1346 ed
1761 1283 1837 1346 altre
1852 1285 2108 1348 determinationi

1363 1371 1420 1432 che
1441 1372 1565 1434 stimerai
1595 1375 1671 1438 bene
1697 1377 1724 1438 la
1751 1385 1845 1440 stessa
1867 1379 1899 1440 in
1927 1378 2107 1458 qualunque

1364 1473 1468 1544 tempo
1496 1469 1525 1529 di
1553 1469 1708 1546 stabilire,
1736 1478 1822 1533 tanto
1853 1473 2056 1534 concernenti
2087 1473 2108 1534 il

1363 1575 1496 1621 nurnero
1518 1578 1535 1624 e
1557 1565 1671 1641 qualite
1693 1566 1738 1627 de’
1754 1567 1903 1644 religiosi,
1919 1567 2054 1630 ministri
2070 1568 2107 1630 ed

1363 1653 1471 1716 alunni
1493 1657 1542 1719 del
1565 1658 1850 1738 cottegto‚'quanto
1872 1662 1893 1722 ii
1914 1661 1998 1724 buon
2021 1679 2109 1739 rego·

1363 1750 1499 1812 lamento
1521 1753 1617 1814 anche
1641 1754 1809 1832 temporale
1824 1756 1853 1817 di
1876 1765 1986 1836 questo
2007 1759 2044 1819 ed
2067 1757 2109 1819 al-

1365 1849 1428 1918 tro,
1452 1859 1515 1904 non
1537 1847 1665 1908 essendo
1687 1847 1780 1923 luogo
1794 1864 1810 1906 a
1825 1848 1986 1925 dubitarsi,
2009 1851 2107 1912 chela

1364 1935 1530 1998 medesima
1553 1937 1583 2000 S.
1607 1939 1965 2017 congregabimus
1988 1944 2037 2006 cui
2057 1943 2108 2022 pio

1363 2029 1483 2091 istituto
1499 2033 1589 2094 tende
1602 2032 1801 2096 unicamente
1816 2035 1873 2096 alla
1888 2037 2028 2113 maggior
2043 2037 2107 2114 gio-

1364 2122 1406 2184 ria
1428 2123 1458 2185 di
1480 2123 1533 2186 Dio
1555 2127 1593 2187 ed
1614 2126 1670 2188 alla
1689 2128 1914 2206 propagazione
1936 2129 2013 2192 della
2035 2145 2107 2192 vera

1364 2215 1450 2292 iede,
1474 2234 1537 2280 non
1563 2219 1605 2280 sia
1631 2235 1685 2298 per
1712 2222 1894 2284 coadiuvare
1916 2224 1949 2284 in
1979 2231 2059 2286 tutto
2080 2225 2107 2285 la

1364 2319 1466 2372 nostra
1488 2311 1668 2375 intenzione
1683 2314 1758 2376 eolla
1772 2333 1827 2378 sua
1847 2316 1935 2378 solita
1956 2319 2107 2396 vigilanza

1362 2418 1379 2463 e
1402 2405 1503 2466 launna
1523 2405 1691 2470 direzione.

1404 2513 1451 2558 ιιι.
1477 2500 1540 2562 Che
1555 2501 1634 2562 nella
1656 2503 1795 2566 cessione
1810 2504 1846 2565 da
1861 2505 1943 2581 farsi,
1959 2521 2046 2570 come
2061 2525 2107 2570 so·

1365 2605 1427 2669 pra,
1441 2591 1520 2654 della
1542 2593 1623 2656 detta
1644 2597 1772 2659 chiesae
1787 2599 1854 2661 suoi
1869 2602 1992 2662 annessi
2006 2617 2023 2663 e
2036 2620 2109 2666 con-

1364 2687 1445 2748 nessi
1466 2687 1491 2748 si
1513 2689 1652 2750 debbano
1681 2693 1778 2754 anche
1803 2708 1967 2770 assegnare
1994 2697 2022 2757 ai
2045 2713 2108 2759 me-

1364 2781 1473 2842 desimi
1503 2783 1587 2860 padri
1618 2782 1721 2845 tuttii
1749 2787 1834 2848 nomi
1863 2789 1908 2850 de'
1931 2788 2063 2852 debitori
2091 2807 2108 2852 e

1363 2876 1506 2937 creditori
1536 2875 1615 2938 della
1637 2884 1730 2940 stessa
1757 2881 1876 2957 chiesa,
1907 2886 1931 2943 a'
1954 2885 2034 2962 quali
2057 2887 2109 2948 do·

1364 2985 1485 3030 vrauno
1512 2971 1697 3046 soddisiare,
1719 2973 1852 3038 siccome
1873 2979 1948 3038 tutti
1974 2979 2016 3056 gli
2037 2981 2108 3042 altri

1364 3063 1425 3142 pesi
1448 3065 1568 3126 annessi
1591 3065 1647 3126 alla
1670 3069 1835 3129 madesima
1858 3071 1969 3133 chiesa.

1404 3173 1445 3217 ιι.
1469 3157 1597 3232 lnoltre,
1621 3159 1677 3220 che
1700 3161 1772 3222 tutti
1795 3161 1837 3238 gli
1859 3166 1992 3241 argenti,
2017 3167 2108 3244 gioie,

1364 3249 1434 3310 libri
1456 3265 1472 3310 e
1493 3251 1672 3328 supellettili
1694 3269 1782 3331 sagre
1802 3271 1819 3315 e
1841 3273 1903 3318 non
1918 3275 2007 3335 sagro
2028 3269 2109 3339 spet-

1365 3343 1441 3404 tanti
1462 3343 1519 3405 alla
1541 3343 1623 3407 detta
1645 3347 1743 3408 chiesa
1762 3349 1841 3410 della
1863 3351 2013 3414 bladonna
2028 3355 2109 3417 delle

1362 3438 1503 3514 Fornaci,
1527 3439 1607 3501 delle
1629 3441 1712 3517 quali
1734 3442 1782 3518 gii
1804 3461 1836 3504 sa
1861 3447 1918 3507 ιιέ
1939 3446 2013 3509 tatto
2036 3449 2110 3512 l'iu-

1363 3531 1553 3606 ventario,si
1575 3533 1712 3596 debhano
1733 3550 1921 3613 consegnare
1944 3557 1999 3618 per
2020 3542 2109 3605 istro-

1364 3633 1470 3687 mento
1497 3627 1640 3705 pubblico
1661 3629 1688 3688 ai
1719 3629 1795 3690 detti
1822 3633 1924 3710 padri,
1947 3636 1982 3696 ad
2004 3637 2110 3699 eilctto

1363 3719 1393 3779 di
1417 3719 1537 3781 tenerle
1559 3737 1576 3782 ε
1598 3723 1810 3798 conservarle3
1839 3725 1903 3786 ctae
1925 3727 1934 3787 i
1958 3727 2026 3789 libri
2055 3747 2110 3808 per

1364 3811 1390 3873 la
1412 3813 1537 3874 libreria
1560 3813 1610 3876 del
1632 3831 1736 3876 nuovo
1765 3817 1917 3896 collegio,
1941 3837 1958 3882 e
1980 3819 2008 3882 le
2031 3821 2109 3884 altre

1364 3921 1431 3966 cose
1460 3923 1516 3984 per
1542 3923 1597 3968 uso
1624 3906 1662 3968 ed
1690 3921 1876 3973 ornamento
1904 3912 1983 3974 della
2012 3921 2108 3977 stessa

1363 4001 1464 4062 chiesa
1486 4017 1502 4062 ε
1523 4001 1600 4062 tlella
1622 4001 1743 4064 sudetta
1764 4011 1848 4066 santa
1872 4007 2054 4085 immagine
2070 4011 2107 4072 ed

1364 4096 1395 4157 in
1417 4095 1539 4174 quelle,
1562 4099 1640 4158 «love
1662 4114 1738 4159 sono
1761 4098 1789 4160 le
1809 4102 1887 4162 armi
1910 4104 1956 4164 de'
1972 4105 2110 4168 beneiat-

1364 4191 1434 4265 tori,
1457 4207 1520 4252 non
1543 4191 1681 4253 debbano
1702 4192 1837 4267 levarle,
1861 4211 1909 4256 ma
1932 4197 2107 4260 lasciarlee

1363 4283 1595 4346 raccomaudare
1608 4285 1636 4345 al
1651 4285 1783 4362 Signore
1798 4288 1882 4350 nelle
1894 4289 1958 4351 lom
1974 4291 2108 4354 orazioni

1364 4378 1372 4438 i
1394 4377 1470 4439 detti
1486 4392 1502 4438 e
1519 4378 1592 4440 tutti
1609 4378 1651 4455 gii
1667 4380 1736 4440 altri
1752 4380 1935 4446 beneiattori
1951 4383 2028 4446 dalla
2045 4401 2108 4448 ιιιε-

1363 4472 1478 4533 desima
1499 4471 1609 4534 chiesa.

1403 4581 1433 4624 v.
1457 4565 1521 4628 Che
1535 4583 1550 4626 a
1562 4567 1595 4627 h.
1610 4566 1730 4643 hrtgelo
1745 4569 1844 4631 Finita
1859 4573 2013 4635 sacerdote
2029 4575 2109 4637 della

1363 4656 1474 4720 diocesi
1485 4659 1515 4720 di
1531 4659 1652 4734 Sabina,
1665 4661 1794 4724 odierno
1808 4665 1934 4727 custode
1950 4665 2029 4728 della
2045 4669 2108 4730 det-

1365 4760 1392 4812 ta
1414 4769 1516 4814 nuova
1543 4752 1661 4827 chiesa,
1689 4755 1785 4816 molto
1807 4757 2000 4821 benemerito
2029 4761 2108 4825 delia

1363 4855 1456 4908 stessa
1479 4863 1531 4924 per
1553 4847 1580 4907 la
1601 4865 1655 4908 sua
1671 4847 1782 4910 iodeltd
1804 4849 1841 4911 ed
1862 4853 2026 4915 assisteuza
2041 4871 2107 4933 spe-

1363 4940 1528 5002 rimontata
1550 4941 1601 5001 nel
1623 4959 1709 5004 corso
1730 4944 1759 5005 di
1785 4945 1999 5023 ventiqnattro
2020 4949 2106 5024 anni,

1364 5033 1459 5094 dehha
1492 5035 1570 5094 darsi
1594 5035 1619 5096 la
1647 5036 1734 5097 solita
1764 5039 1939 5114 provisione
1965 5041 1995 5102 di
2022 5043 2107 5104 scudi

1363 5127 1476 5204 cinque
1498 5127 1518 5188 il
1541 5143 1636 5204 mese,
1653 5129 1708 5191 che
1724 5133 1927 5195 attualmente
1944 5138 2032 5212 gode,
2049 5137 2108 5196 sin-

1365 5227 1450 5282 tanto
1473 5237 1534 5283 non
1557 5224 1623 5284 sard
1645 5226 1803 5302 provvisto
1825 5228 1854 5288 di
1876 5229 2021 5305 benefici,
2041 5247 2109 5309 cap-

1363 5315 1514 5394 pellania,
1537 5331 1554 5376 o
1579 5317 1658 5378 altro
1685 5329 1922 5394 assegnamento
1951 5323 2108 5387 uniforme

1364 5409 1420 5470 aila
1442 5411 1523 5472 detta
1552 5412 1766 5489 provvisione:
1791 5429 1808 5472 e
1831 5429 1887 5492 per
1913 5426 2004 5479 conto
2026 5419 2108 5480 delle

1364 5503 1555 5582 protensioni
1579 5505 1684 5566 d'altri
1700 5506 1852 5582 interessi,
1869 5511 1926 5572 che
1938 5511 1975 5571 ha
1987 5511 2009 5572 il
2024 5513 2108 5574 detto

1364 5599 1397 5660 Ι).
1416 5599 1534 5676 Angelo
1548 5599 1625 5661 colla
1641 5601 1809 5664 medesima
1823 5605 1924 5666 chiesa
1939 5621 1996 5682 per
2010 5605 2039 5666 le
2053 5623 2108 5668 sue

1365 5694 1554 5771 provvisioni
1585 5709 1601 5755 c
1629 5695 1729 5755 salarii
1761 5695 1842 5774 degli
1874 5699 1948 5760 anni
1980 5701 2106 5776 passati,

1365 5787 1459 5848 dobba
1490 5787 1579 5848 starsi
1601 5803 1616 5846 a
1638 5788 1729 5866 quel,
1752 5790 1810 5850 che
1829 5791 1895 5851 sard
1922 5791 2051 5853 risolnto
2073 5792 2108 5853 da

1365 5880 1428 5954 noi,
1446 5879 1475 5940 in
1493 5896 1558 5940 caso
1573 5881 1630 5942 che
1646 5883 1744 5958 prima
1767 5883 1846 5944 della
1868 5885 2044 5961 spedizione
2058 5885 2108 5948 del

1364 5973 1462 6034 Breve
1485 5989 1546 6035 non
1564 5976 1715 6036 avessimo
1728 5975 1858 6038 risoluto
1873 5985 1982 6055 questo
1997 5987 2105 6057 punto.

2140 581 2193 635 An.
2207 585 2238 636 Ο.
2267 581 2339 634 nmo
