4844 6990
1084 565 1150 612 lUR.
1173 563 1264 608 PONT.
1288 561 1329 608 DE
1350 563 1379 608 Ρ.
1402 560 1431 608 F-
1456 563 1538 609 PARS
1559 561 1581 608 i.

559 681 664 744 busvis
685 680 837 744 similium
852 679 901 744 vel
916 680 1114 744 dissimilium
1136 681 1305 758 gratiarum

559 776 825 851 revocationibus,
848 776 1117 854 suspensionibus,
1150 776 1307 837 limitatio-

559 867 661 943 nibuS,
676 869 965 946 modificationibus,
982 877 1034 931 aut
1056 869 1122 930 aliis
1143 869 1306 930 contrariis

559 960 822 1038 dispositionibus,
838 979 894 1041 per
908 979 964 1024 nos
983 979 1037 1024 seu
1059 963 1213 1032 Romanos
1227 962 1305 1024 Pou-

559 1054 655 1116 tisrces
669 1071 858 1117 successores
874 1064 995 1118 nostros
1010 1063 1062 1118 aut
1074 1055 1187 1118 Sedcm
1197 1056 1304 1116 buius·

558 1148 653 1222 modi,
669 1150 762 1210 etiam
778 1165 849 1212 cum
864 1149 1024 1228 quibusvis
1039 1149 1303 1226 derogatoriarum

556 1240 778 1318 derogatoriis,
812 1243 940 1321 aliisque
972 1241 1192 1304 efficacioribus
1223 1241 1303 1303 clau·

556 1331 631 1394 sulis
653 1333 784 1396 insolitis
805 1351 861 1397 nec
883 1350 947 1397 nou
969 1335 1175 1408 irritantibus
1191 1344 1222 1396 et
1236 1334 1302 1396 aliis

556 1424 688 1489 decretis
710 1444 765 1506 pro
787 1434 928 1506 tempore
948 1428 1046 1502 iactis,
1062 1428 1119 1489 etsi
1140 1428 1178 1488 de
1193 1427 1299 1489 iisdem

556 1519 777 1597 praesentibus,
793 1521 984 1600 illorumque
998 1529 1061 1582 toto
1074 1527 1181 1582 tenore
1193 1527 1223 1581 et
1234 1518 1302 1580 data

556 1613 705 1691 specialis,
728 1615 866 1692 specifica
881 1621 912 1676 et
929 1615 1087 1677 individua
1102 1615 1221 1675 mentio
1236 1614 1299 1687 tiat3

554 1707 607 1768 sed
631 1713 788 1786 tamquam
810 1707 842 1770 in
865 1707 936 1768 fidei
965 1708 1129 1770 catholicae
1150 1711 1180 1768 et
1202 1705 1300 1768 divini

556 1800 658 1864 cultus
680 1799 816 1862 favorem
838 1819 870 1862 ac
897 1801 1051 1880 publicam
1080 1799 1248 1862 utilitatem
1270 1805 1300 1858 et

554 1892 686 1958 salutem
707 1910 861 1969 concessa,
874 1910 997 1972 semper
1011 1893 1110 1955 valida
1124 1899 1156 1954 et
1170 1890 1299 1954 ellicacia

554 1986 636 2064 iore3
660 2003 692 2048 ac
713 1987 834 2066 quoties
849 1988 918 2049 illae
945 1988 1134 2050 emanabunt
1156 1985 1245 2048 toties
1266 1984 1299 2044 in

555 2081 733 2161 pristinum,
750 2088 782 2142 et
796 2097 882 2156 eum,
899 2081 930 2142 in
945 2097 1007 2159 quo
1021 2087 1109 2142 antea
1124 2086 1225 2152 erant,
1240 2085 1301 2139 sta-

553 2181 622 2236 tum
644 2175 803 2250 restituta,
833 2175 977 2253 reposita,
1001 2181 1032 2235 et
1056 2173 1194 2251 plenarie
1216 2172 1298 2233 rein·

552 2273 683 2344 tegrata,
699 2284 732 2328 ac
747 2266 784 2328 de
800 2283 882 2330 novo
897 2269 991 2329 etiam
1005 2267 1063 2328 sub
1077 2267 1143 2328 data
1159 2280 1213 2344 per
1234 2280 1296 2336 eos,

552 2375 687 2438 quorum
710 2360 853 2424 intererit
874 2367 905 2420 et
925 2377 1002 2438 quos
1028 2365 1205 2436 praesentes
1226 2373 1297 2418 con·

551 2461 700 2527 cernent,
731 2453 763 2514 in
795 2453 937 2516 futurum
968 2452 1126 2528 eligenda,
1155 2465 1296 2512 concessa

549 2545 633 2622 iore3
656 2547 761 2626 sicque
782 2563 837 2632 per
851 2561 1064 2626 quoscumque
1080 2545 1195 2608 iudices
1215 2543 1298 2606 ordi·

549 2643 651 2710 narius
663 2641 713 2704 rel
729 2641 896 2718 delegatos,
909 2641 1016 2719 quavis
1029 2639 1211 2702 auctoritate
1227 2635 1297 2699 iun·

549 2743 674 2813 gentes,
696 2736 787 2797 etiam
821 2749 981 2796 causarum
1009 2732 1111 2813 palatii
1138 2731 1294 2810 apostotici

451 2866 453 2870 -
548 2830 715 2904 auditores,
728 2829 889 2906 dictaeque
901 2825 1146 2900 SedisNuncios,
1158 2824 1294 2886 acetiam

548 2924 686 2985 eiusdem
709 2923 739 2986 S.
752 2921 787 2984 ll.
799 2921 833 2984 E.
851 2921 1041 2994 cardinales,
1064 2919 1225 2996 dictaeque
1242 2917 1293 2981 Se-

548 3017 593 3079 dis
614 3017 709 3078 etiam
730 3017 767 3078 de
789 3015 885 3076 latere
900 3013 1042 3091 Legatos
1059 3012 1292 3090 lice-Legatos

546 3110 665 3174 sublata
686 3111 730 3172 eis
746 3118 776 3171 et
792 3124 902 3172 eorum
923 3108 1050 3171 cuilibet
1072 3107 1180 3185 quavis
1204 3108 1293 3170 aliter

547 3201 701 3268 iudicandi
721 3211 753 3266 et
774 3201 1000 3280 interpretandi
1015 3201 1160 3264 facultate
1178 3210 1209 3264 et
1223 3219 1293 3265 auc·

547 3297 685 3370 toritate,
716 3295 749 3356 iu
771 3295 878 3374 quavis
910 3296 999 3357 causa
1027 3301 1058 3356 et
1087 3295 1231 3356 instantia
1259 3312 1293 3358 ac

544 3389 655 3467 quovis
676 3387 799 3462 iudicio,
823 3387 948 3450 iudicari
972 3395 1002 3449 et
1024 3387 1147 3450 deliniri
1167 3387 1289 3462 debere,

545 3481 669 3546 irritum
692 3492 860 3561 quoquest
875 3482 979 3555 inane,
996 3480 1021 3542 si
1032 3485 1123 3543 'secus
1136 3496 1231 3559 super
1244 3481 1291 3542 bis

544 3592 561 3637 a
582 3591 739 3655 quoquam
759 3577 867 3654 quavis
882 3576 1075 3650 auctoritate,
1091 3575 1226 3638 scienter
1240 3574 1291 3636 vel

544 3669 735 3747 ignoranter,
759 3669 924 3744 contigerit
945 3669 1102 3731 attentari.

583 3761 652 3838 §b
677 3761 746 3824 Non
773 3763 930 3838 obstante,
957 3771 1112 3840 quatenus
1139 3779 1216 3842 opus
1234 3763 1287 3837 sit,

543 3857 646 3922 nostra
661 3864 693 3918 et
708 3854 915 3920 cancellariae
930 3855 1119 3934 spostolicae
1130 3856 1237 3932 regula
1252 3855 1289 3918 de

542 3951 612 4014 iure
633 3949 771 4028 quaesito
787 3963 851 4012 non
871 3948 1018 4022 tollendo,
1036 3964 1093 4010 uec
1115 3965 1178 4012 nou
1200 3949 1288 4010 Late-

541 4043 680 4108 ranensis
693 4042 822 4108 Concilii
841 4041 1009 4104 novissime
1025 4039 1183 4116 celebrati,
1200 4043 1288 4104 unio-

541 4153 596 4199 nes
617 4143 781 4216 perpetuas
802 4135 863 4200 nisi
885 4135 917 4198 in
940 4135 1057 4198 casibus
1078 4135 1116 4196 de
1131 4135 1200 4198 iure
1220 4152 1288 4214 per-

540 4230 640 4294 missis
662 4230 729 4292 lieri
751 4229 953 4307 prohibentis,
966 4227 1094 4306 aliisque
1115 4229 1286 4307 apostolicis

539 4340 573 4386 ac
596 4323 629 4386 in
651 4321 889 4402 provincialibus
910 4327 942 4383 et
964 4320 1161 4398 synodalibus
1186 4322 1286 4386 conci·

538 4417 586 4486 liis
611 4418 700 4479 editis
724 4414 909 4494 specialibus
925 4413 976 4475 vel
997 4414 1195 4489 generalibus
1215 4431 1286 4478 con·

538 4509 763 4583 stitutionibus,
780 4521 915 4570 necnon
931 4507 1110 4570 monasterii
1125 4508 1283 4586 praedicti,

539 4605 629 4667 ouius
648 4603 724 4666 illud
746 4600 908 4674 existebat,
932 4616 965 4662 ac
986 4600 1196 4676 Rossanensis,
1215 4601 1285 4664 Cas-

537 4697 687 4770 saneusis,
704 4694 934 4773 bisignanensis
950 4695 1186 4772 praedictarum,
1200 4703 1233 4757 et
1254 4713 1285 4756 a·

537 4790 649 4854 lissum
672 4789 880 4852 Ecclesiarum
902 4789 933 4850 in
949 4787 1105 4866 praedicto
1120 4789 1284 4868 utriusque

536 4885 658 4950 Siciliae
673 4900 770 4961 reguo
786 4883 1000 4956 existentium,
1016 4882 1111 4944 etiam
1128 4882 1284 4946 iuramen-

535 4987 579 5052 t0,
602 4977 839 5040 confirmatione
853 4975 1026 5053 apostolica,
1040 4976 1090 5038 vel
1104 4977 1212 5054 quavis
1232 4978 1283 5038 fir·

536 5072 643 5134 mitate
665 5069 721 5132 alid
742 5069 905 5144 roboratis,
920 5068 1043 5131 statutis
1064 5077 1095 5132 et
1116 5078 1283 5132 consuetu·

534 5163 680 5238 dinibus,
697 5162 868 5241 privilegiis
893 5177 1029 5242 quoque,
1052 5163 1180 5226 indultis
1202 5171 1232 5225 et
1247 5164 1283 5225 li-

535 5257 608 5321 teris
629 5256 801 5336 apostolicis
823 5255 885 5318 illis
900 5271 933 5318 ac
948 5257 1085 5320 eiusdem
1101 5259 1280 5320 monasterii

533 5351 641 5434 Abbati
653 5367 686 5413 ac
697 5348 877 5412 earumdem
890 5349 1096 5412 Ecclesiarum
1110 5351 1281 5430 respective

533 5439 724 5524 praesulibus
751 5458 807 5522 pro
834 5450 974 5521 tempore
1001 5443 1224 5520 existentibus,
1247 5461 1281 5508 ec

532 5537 693 5616 quibusvis
713 5535 781 5597 aliis
802 5536 941 5615 personis
954 5536 1012 5598 sub
1031 5536 1280 5618 quibuscumque

532 5630 692 5693 tenoribus
705 5634 737 5690 et
752 5629 912 5700 torruisse
927 5646 1000 5692 oum
1011 5631 1172 5708 quibusvis
1185 5631 1279 5694 etiarn

530 5722 797 5799 derogatoriarum
818 5723 1033 5800 derogatoriis,
1063 5723 1191 5802 aliisque
1215 5722 1280 5784 elii-

531 5815 699 5879 cacioribus
720 5823 751 5878 et
773 5817 905 5878 insolitis
926 5815 1071 5878 clausulis
1086 5833 1144 5886 nec
1158 5833 1222 5878 non
1237 5817 1278 5879 ir-

530 5908 705 5984 ritantibus,
719 5915 749 5970 et
760 5907 826 5972 aliis
837 5909 978 5986 decretis,
990 5909 1085 5972 etiam
1097 5917 1185 5972 motu
1200 5909 1276 5990 pari,

1363 697 1396 743 ac
1417 697 1456 743 ex
1476 681 1558 744 certa
1574 680 1714 757 scientia,
1734 683 1834 762 deque
1854 683 2036 762 apostolicae
2056 700 2111 763 po-

1363 775 1480 836 testatis
1501 775 1708 853 plenitudiue,
1727 778 1821 838 etiam
1843 778 2107 856 consistorialiter,

1361 867 1393 928 in
1427 883 1543 944 genere
1563 868 1613 930 vel
1636 869 1668 930 in
1690 869 1806 948 specie,
1830 887 1862 934 ac
1884 870 1956 934 alias
1980 887 2110 950 quomo-

1361 960 1477 1022 dolibet
1504 962 1654 1023 concessis
1676 969 1707 1024 ct
1731 963 1904 1042 approbatis
1924 981 1957 1028 ac
1978 966 2109 1028 innova-

1362 1052 1413 1114 tis:
1431 1053 1544 1132 quibus
1559 1055 1715 1130 omnibus,
1728 1057 1848 1118 etiamsi
1863 1058 1901 1119 de
1912 1057 1972 1119 illis
1984 1074 2107 1122 eorum·

1360 1163 1420 1224 que
1443 1149 1513 1209 totis
1536 1150 1695 1212 tenoribus
1716 1151 1865 1228 specialis,
1888 1154 2038 1232 specifica,
2055 1171 2108 1216 ex-

1360 1255 1460 1316 pressa
1472 1247 1503 1302 et
1516 1242 1684 1325 individua,
1701 1261 1735 1306 ac
1750 1245 1788 1306 de
1803 1247 1898 1308 verbo
1913 1248 2105 1324 adverbum,

1359 1349 1423 1394 uon
1448 1341 1553 1396 autem
1575 1351 1629 1412 per
1650 1336 1801 1400 clausulas
1822 1339 1993 1415 generales,
2023 1339 2105 1402 idem

1359 1425 1578 1504 importantes,
1602 1431 1720 1490 mentio
1744 1447 1799 1493 seu
1826 1432 1953 1510 quaevis
1974 1432 2030 1494 alia
2052 1449 2105 1496 ex·

1358 1519 1473 1597 pressio
1500 1521 1653 1594 babentia,
1680 1530 1733 1584 aut
1753 1524 1851 1604 aliqua
1874 1525 1930 1586 alia
1953 1527 2104 1604 exquisita

1357 1609 1454 1674 iorma
1468 1613 1502 1674 ed
1519 1614 1576 1676 boo
1586 1615 1735 1678 servanda
1745 1627 1836 1690 esset,
1849 1615 1909 1678 iliis
1920 1617 1992 1680 alias
2005 1621 2037 1681 in
2048 1636 2105 1682 suo

1356 1707 1467 1768 robore
1493 1710 1717 1786 permansuris,
1747 1711 1803 1774 hac
1829 1713 1898 1774 vice
1925 1715 2102 1790 dumtaxat,

1356 1799 1529 1876 specialiter
1549 1810 1580 1864 et
1607 1817 1751 1882 expresse
1777 1811 1864 1867 motu
1887 1807 1950 1885 pari
1978 1808 2104 1885 deroga-

1357 1908 1439 1968 mus,
1454 1895 1619 1958 contrariis
1640 1895 1904 1976 quibuscumque3
1928 1907 1980 1962 aut
2001 1901 2027 1961 si
2048 1901 2104 1962 ali·

1357 1985 1409 2064 qui
1431 2002 1525 2064 super
1546 1989 1775 2066 provisionibus
1788 2007 1844 2051 seu
1858 1993 2051 2056 commendis
2063 1996 2103 2056 de

1356 2080 1542 2142 monasterio
1558 2097 1573 2140 a
1589 2082 1678 2144 nobis
1699 2097 1754 2161 per
1768 2093 1955 2164 praesentes,
1968 2095 2003 2148 ut
2017 2103 2103 2165 prae·

1355 2170 1467 2248 fertur,
1483 2190 1646 2252 suppresso
1669 2183 1697 2237 et
1721 2176 1858 2242 extincto
1878 2178 2033 2256 speciales,
2050 2181 2103 2242 vel

1355 2263 1421 2326 aliis
1436 2265 1594 2329 beneficiis
1615 2268 1827 2332 ecclesiasticis
1842 2271 1873 2332 iu
1890 2271 1949 2332 illis
1965 2274 2102 2352 partibus

1354 2359 1512 2433 generales
1534 2361 1632 2423 dictae
1658 2361 1738 2424 sedis
1758 2371 1811 2426 aut
1839 2364 2012 2440 legatorum
2034 2368 2101 2430 eius

1353 2450 1456 2513 literas
1471 2453 1678 2532 impetrarint,
1691 2455 1784 2516 etiam
1798 2457 1824 2516 si
1835 2473 1890 2536 per
1904 2473 1953 2520 eas
1967 2458 2004 2519 ad
2019 2461 2100 2523 inbi-

1353 2543 1516 2620 bitionem,
1536 2549 1780 2612 reservationem
1801 2555 1833 2618 et
1854 2549 2025 2630 decretum,
2049 2555 2100 2617 vel

1352 2636 1423 2699 alias
1434 2640 1667 2716 quomodolibet
1680 2641 1720 2702 sit
1730 2656 1923 2720 processum:
1941 2662 2015 2726 quas
2030 2649 2100 2726 qui-

1351 2727 1422 2790 dem
1451 2731 1555 2793 literas
1576 2739 1607 2794 et
1628 2749 1787 2812 processus
1814 2735 1933 2799 babitus
1958 2754 2014 2816 per
2033 2757 2099 2802 cas·

1351 2821 1434 2898 dem,
1456 2842 1490 2886 ac
1512 2826 1583 2888 inde
1604 2835 1735 2906 sequuta
1757 2845 1971 2910 quaecumque
1984 2832 2019 2892 ad
2035 2833 2097 2898 dic-

1352 2923 1413 2978 tam
1435 2917 1584 2980 abbatiam
1605 2920 1777 2982 secularem
1799 2939 1815 2982 a
1836 2922 1925 2984 nobis
1939 2941 1996 3003 per
2011 2943 2096 3005 prae

1349 3017 1463 3085 sentes,
1477 3019 1511 3072 ut
1525 3011 1707 3090 praefertur,
1720 3023 1855 3077 erectam
1870 3016 2016 3080 volumus
2031 3036 2095 3085 non

1350 3105 1494 3179 extendi3
1527 3106 1578 3167 sed
1608 3105 1732 3168 nullum
1762 3124 1816 3188 per
1840 3109 1899 3172 boc
1924 3111 1969 3172 eis
1996 3113 2095 3191 quoad

1349 3197 1600 3274 assequutionem
1622 3199 1842 3263 beneficiorum
1861 3202 1994 3268 aliorum
2010 3223 2096 3284 prae·

1348 3287 1499 3352 iudicium
1521 3293 1681 3370 generari-3
1705 3299 1735 3355 et
1750 3294 1939 3371 quibuslibet
1952 3297 2019 3360 aliis
2033 3301 2096 3378 pri·

1348 3381 1482 3458 vilegiis,
1505 3383 1634 3446 indultis
1649 3393 1679 3448 et
1702 3386 1799 3448 literis
1814 3389 1998 3468 apostolicis,
2019 3409 2096 3472 quo-

1346 3492 1555 3554 rumcumque
1587 3485 1733 3541 tenorum
1762 3480 1911 3558 existant,
1938 3497 1994 3560 per
2015 3501 2094 3564 quae

1347 3571 1557 3646 praesentibus
1572 3585 1636 3633 uon
1648 3587 1802 3650 expressa,
1812 3573 1862 3635 vel
1878 3576 2013 3638 totaliter
2028 3593 2092 3643 nnn

1347 3662 1478 3738 inserta,
1511 3663 1639 3726 ellectus
1669 3667 1851 3729 earumdem
1882 3672 2092 3748 praesentium

1345 3755 1490 3834 impediri
1510 3756 1621 3832 valeat,
1650 3759 1882 3838 quomodolibet
1907 3763 2090 3842 perdiderri,

1345 3857 1376 3910 et
1397 3850 1509 3928 quibus
1536 3867 1807 3933 quorumcumque
1834 3855 1907 3917 totis
1931 3858 2091 3922 tenoribus

1345 3941 1482 4006 habenda
1503 3943 1543 4005 sit
1564 3945 1602 4007 de
1623 3945 1764 4008 verboed
1781 3947 1913 4010 verbum
1929 3949 1960 4012 iu
1976 3952 2090 4014 nostris

1344 4033 1441 4098 literis
1473 4038 1593 4099 mentio
1621 4039 1776 4116 specialis,
1804 4048 1858 4104 ant
1882 4043 1907 4104 si
1936 4043 2090 4122 aliquibus

1343 4130 1565 4206 communiter,
1582 4131 1632 4194 uel
1647 4132 1771 4195 divisim
1785 4133 1822 4194 ab
1837 4133 1943 4198 eadem
1957 4136 1997 4198 sit
2011 4137 2090 4202 Sede

1343 4218 1519 4297 indultum,
1553 4224 1634 4300 quod
1662 4223 1824 4300 interdici,
1850 4227 2014 4305 suspendi,
2038 4229 2089 4292 vel

1343 4315 1605 4377 excommunicari
1618 4331 1681 4378 non
1697 4317 1815 4395 possint
1830 4333 1886 4396 per
1900 4319 2004 4382 literas
2019 4337 2090 4400 apo·

1340 4407 1477 4483 stolicas,
1501 4423 1564 4472 non
1597 4408 1742 4472 iacientes
1767 4410 1891 4488 plenam
1912 4419 1943 4474 et
1964 4429 2090 4492 expres·

1341 4517 1405 4562 sam
1427 4519 1461 4564 ac
1476 4504 1514 4565 de
1529 4502 1624 4564 verbo
1639 4501 1675 4564 ad
1691 4501 1824 4566 verbum
1842 4503 1879 4564 de
1892 4505 2015 4573 indulto
2029 4507 2087 4570 bu·

1340 4594 1477 4657 iusmodi
1499 4597 1705 4658 mentionem.

1380 4689 1448 4766 55.
1473 4688 1624 4752 Volumus
1645 4697 1761 4766 autem,
1785 4697 1821 4752 ut
1843 4689 1980 4770 ipsarum
2001 4710 2089 4773 prae·

1338 4784 1476 4846 sentium
1497 4778 1672 4846 litterarum
1693 4787 1897 4864 transumptis
1910 4803 1967 4850 ssu
1981 4805 2085 4852 exem·

1339 4877 1397 4956 plis
1418 4878 1511 4940 etiam
1533 4877 1701 4955 impressis,
1719 4893 1814 4940 manu
1828 4879 1958 4942 alicuius
1973 4884 2086 4948 notarii

1338 4971 1452 5052 publici
1480 4969 1670 5048 subscriptis,
1693 4977 1724 5032 et
1751 4971 1854 5048 sigillo
1882 4989 2031 5050 personae
2051 4976 2085 5041 iu

1337 5064 1536 5126 ecclesiastica
1557 5065 1708 5140 dignitate
1732 5065 1920 5128 constitutae
1941 5069 2081 5148 munitis,

1337 5157 1441 5220 eadem
1463 5173 1590 5237 prorsus
1612 5159 1686 5220 fides
1706 5157 1740 5220 in
1759 5157 1873 5222 iudicio
1888 5167 1919 5221 et
1933 5169 2021 5222 extra
2034 5164 2086 5228 ad·

1337 5250 1495 5326 bibentur,
1518 5267 1596 5329 quae
1625 5253 1836 5330 praesentibus
1865 5251 1938 5332 ipsis
1961 5253 2084 5318 adbibe-

2139 549 2200 604 ΛΠ.
2216 547 2247 598 0.
2269 549 2325 604 atat

1337 5351 1435 5418 retur,
1457 5345 1482 5405 si
1504 5343 1607 5408 iurent
1628 5345 1783 5407 exhibitae
1804 5347 1855 5408 vel
1876 5355 2028 5413 ostensas.
2127 5389 2132 5396 ·

1376 5437 1462 5499 Nulli
1484 5453 1558 5515 ergo
1581 5447 1638 5501 etc.
1663 5437 1696 5502 Si
1719 5440 1788 5517 quis
1810 5448 1916 5517 autem
1937 5449 1997 5506 ete.
2027 5471 2029 5474 ·

1376 5533 1487 5595 Datum
1502 5532 1617 5596 Romae
1631 5534 1709 5610 apud
1731 5533 1762 5595 S.
1780 5533 1907 5596 Mariam
1922 5537 2081 5618 llaiorem,

1335 5641 1416 5688 anuo
1438 5626 1658 5689 incarnationis
1683 5628 1861 5692 Dominicae
1892 5647 2079 5696 uncos-xxv.

1336 5737 1376 5780 xv.
1402 5720 1470 5784 idus
1492 5719 1582 5795 iunii,
1611 5720 1809 5798 pontificatus
1831 5724 1928 5788 nostri
1948 5741 2029 5790 anno
2051 5743 2080 5790 v.
