4848 6990
361 569 416 624 An.
431 574 462 626 0.
483 573 552 626 1694

349 719 492 778 gragationl
509 720 563 778 lipi-

349 784 391 874 3⁰u⁰
405 775 462 873 ιἰοθτῑι
472 775 562 874 {exaffl-

349 891 400 981 {2ss
431 881 562 938 aposton-

603 573 660 638 loo
1101 593 1164 640 run.
1188 593 1279 640 rona.
1303 595 1344 639 nn
1365 593 1394 640 r.
1418 593 1448 639 r.
1473 593 1556 640 rans
1578 596 1599 639 r.

581 710 803 791 Episcoporum
820 720 849 778 et
865 716 1064 793 Regularium
1078 714 1325 794 praepositorum

581 805 803 882 Cardinalium,
826 816 857 870 et
878 808 988 872 dilecto
1017 809 1080 870 lilio
1101 809 1203 871 curiae
1225 823 1327 870 causa·

580 913 652 960 rum
667 899 813 961 Gamerae
824 901 1015 980 apostolicae
1030 901 1168 978 generali
1183 899 1326 971 auditori,

580 1007 635 1070 per
655 993 818 1070 apostolica
841 995 951 1073 scripta
973 1003 1061 1058 motu
1087 993 1181 1056 simili
1202 993 1326 1056 manda-

580 1101 661 1161 mus,
684 1095 848 1165 quatenus,
871 1088 1016 1151 omnibus
1038 1095 1069 1150 et
1089 1087 1219 1164 singulis
1242 1103 1327 1164 prae·

579 1178 681 1240 missis
702 1195 825 1258 semper
844 1181 936 1243 salvis
958 1189 989 1243 et
1003 1183 1036 1244 in
1051 1197 1107 1243 suo
1128 1181 1239 1242 robore
1259 1195 1329 1258 per·

580 1273 790 1348 manentibus,
808 1275 1016 1351 congregatio
1037 1273 1086 1336 uel
1107 1274 1228 1336 auditor
1242 1287 1328 1350 prae·

580 1363 633 1427 lati
661 1374 837 1445 praesentes
864 1367 997 1442 litteras,
1020 1369 1052 1430 in
1074 1369 1108 1429 ei
1135 1375 1221 1445 parte
1249 1380 1327 1443 quae

580 1458 766 1535 praedictam
779 1459 1025 1522 moderationem
1040 1477 1094 1522 seu
1110 1459 1327 1522 limitationem

581 1551 762 1614 lacultatnm
792 1559 1004 1632 protectorum
1030 1552 1208 1614 huiusmodi
1237 1567 1270 1613 ac
1295 1551 1327 1610 in

581 1645 772 1706 contrarium
794 1647 926 1726 desuper
951 1647 988 1708 ab
1013 1648 1121 1709 iisdem
1149 1643 1328 1723 protectori·

581 1737 638 1798 hus
660 1737 869 1814 gerendorum
897 1739 1075 1802 nullitatem
1100 1755 1155 1800 seu
1180 1737 1328 1799 irritatio-

490 1845 496 1858 ·
582 1845 656 1892 nem
678 1832 838 1893 dumtaxat
858 1841 1062 1907 concernunt,
1079 1831 1132 1894 ubi
1147 1839 1178 1893 et
1192 1829 1329 1908 quando·

395 3133 536 3185 clausulae.

582 1941 643 2004 que
675 1941 751 2003 opus
778 1925 888 2001 luerit,
916 1927 1036 2004 quoties
1059 1941 1115 2004 pro
1136 1932 1222 2004 parte
1252 1939 1329 2002 quo-

582 2034 790 2097 rumcumque
817 2019 950 2099 desuper
970 2020 1121 2081 interesse
1145 2017 1327 2079 habentium

583 2111 789 2188 Congregatio
820 2113 870 2173 vel
900 2112 1021 2174 auditor
1051 2112 1179 2190 praelati
1210 2110 1329 2174 luerint

582 2205 741 2284 requisiti,
773 2205 956 2268 solemniter
989 2206 1195 2284 publicantes,
1222 2205 1327 2282 eisque

582 2297 714 2376 desuper
733 2297 862 2360 efficacis
883 2299 1072 2361 detensionis
1087 2299 1236 2378 praesidio
1257 2297 1328 2358 assi-

581 2397 715 2466 stentes,
744 2391 855 2453 iaciant
876 2393 1056 2455 auctoritate
1078 2393 1183 2454 nostrai
1207 2393 1328 2452 easdem

581 2491 758 2562 praesentes
773 2485 804 2548 in
819 2486 896 2548 dicti
917 2493 1004 2565 parte
1024 2486 1182 2548 dumtaxat
1197 2484 1329 2546 firmiter

582 2575 749 2652 observari,
772 2585 803 2638 et
823 2578 974 2654 singulos,
998 2595 1074 2658 quos
1098 2578 1224 2641 eaedem
1247 2578 1329 2638 litte-

583 2685 634 2730 rae
656 2667 687 2731 in
710 2669 789 2732 rlictt
802 2679 888 2748 parte
909 2679 1114 2746 concernunt,
1132 2671 1192 2733 illis
1208 2671 1330 2749 pacifice

583 2764 729 2840 gaudere,
753 2781 816 2827 non
837 2768 1066 2844 permittentes,
1090 2782 1141 2828 eos
1162 2764 1330 2844 quomodo·

582 2855 657 2917 libet
669 2857 805 2920 indebite
816 2859 1249 2933 molestari,contradictores,
1261 2871 1330 2919 auc-

584 2949 707 3012 toritatc
718 2951 833 3026 nostri,
846 2951 1050 3031 appellatione
1063 2950 1238 3030 postposita,
1247 2965 1327 3012 com·

583 3042 744 3117 poscendo.

623 3139 712 3216 517.
741 3141 965 3215 DecernenteS,
998 3139 1120 3201 easdem
1152 3147 1331 3219 praesentes

584 3235 719 3308 litteras,
743 3243 773 3296 et
799 3234 832 3294 in
855 3233 898 3294 eis
925 3239 1069 3296 contenta
1097 3248 1329 3312 quaecumque,

584 3329 677 3390 etiam
708 3343 746 3390 ex
775 3343 811 3389 eo
836 3328 918 3406 quod
949 3341 1058 3390 omnes
1080 3333 1111 3388 et
1135 3326 1253 3402 singuli
1280 3343 1332 3388 su·

584 3421 725 3500 predicti,
741 3421 837 3482 etalii
853 3421 1043 3500 quicumque
1064 3421 1199 3483 cuiusvis
1220 3425 1329 3494 status,

584 3516 707 3590 gradus,
734 3514 867 3590 ordinis,
889 3514 1093 3590 conditionis,
1116 3512 1330 3592 praeeminen-

584 3609 644 3668 tiae
666 3608 715 3668 vel
736 3607 905 3684 dignitatis,
920 3625 976 3670 sea
992 3608 1064 3668 alias
1084 3607 1222 3685 specifica
1236 3613 1268 3666 et
1283 3607 1330 3668 in-

583 3700 707 3762 dividua
728 3701 888 3762 mentione
909 3709 940 3762 et
961 3701 1159 3780 expressione
1180 3699 1279 3776 digni,
1297 3700 1330 3760 in

584 3795 759 3871 praemissis
786 3793 1015 3873 quomodolibet
1037 3795 1085 3856 ius
1105 3793 1156 3854 vel
1181 3793 1331 3854 interesse

583 3887 730 3948 habentes
750 3903 805 3948 seu
827 3887 940 3948 habere
953 3885 1204 3964 praetendentes,
1221 3885 1331 3946 iisdem

584 3979 760 4059 praemissis
782 3995 845 4041 non
867 3981 1093 4055 consenserint,
1107 3995 1165 4042 nec
1179 3980 1214 4042 ad
1230 3996 1263 4040 ea
1279 3996 1332 4040 vo-

585 4073 642 4134 cati
662 4089 717 4135 seu
738 4073 834 4134 auditi
850 4073 979 4148 luerint,
998 4074 1120 4134 tametsi
1139 4089 1269 4135 suorum
1285 4073 1331 4134 in-

584 4167 745 4230 dultorum
759 4166 810 4228 vel
824 4167 1060 4245 privilegiorum
1082 4167 1188 4244 vigore
1202 4182 1330 4229 consen·

586 4261 643 4324 tire
665 4279 719 4324 seu
740 4261 842 4323 vocari
858 4267 889 4322 et
904 4259 1002 4322 audiri
1023 4259 1119 4322 semel
1142 4260 1193 4321 vel
1215 4259 1331 4338 pluries

586 4370 711 4434 quoquo
733 4355 824 4416 modo
845 4353 1034 4427 debuissent,
1047 4359 1100 4414 aut
1121 4369 1159 4414 ex
1180 4353 1237 4414 alia
1258 4369 1332 4432 qua-

585 4465 720 4527 cumque
736 4447 872 4520 iuridicd,
889 4445 1082 4524 privilegiata
1095 4453 1127 4506 et
1142 4446 1330 4521 rationabili,

586 4557 619 4603 ac
640 4541 736 4602 ctiam
757 4539 810 4602 tali
836 4555 914 4617 quae
935 4537 971 4600 ad
992 4537 1139 4600 ellectum
1166 4538 1332 4602 validitatis

586 4634 826 4713 praemissorum
838 4633 1009 4694 necessario
1023 4633 1224 4710 exprimenda
1240 4632 1330 4706 loret,

586 4727 673 4789 causa
685 4733 716 4788 et
730 4725 897 4800 occasione,
910 4725 1024 4802 colore,
1036 4733 1211 4804 praetextu,
1228 4725 1331 4801 titulo,

585 4821 680 4883 etiam
701 4835 843 4902 oneroso,
865 4827 897 4880 et
917 4819 1026 4896 capite,
1049 4819 1143 4881 etiam
1158 4819 1190 4880 in
1206 4834 1332 4898 corpore

587 4915 663 4976 iuris
684 4914 799 4988 clauso,
817 4913 880 4974 ullo
902 4928 1040 4990 unquam
1058 4919 1197 4991 tempore
1211 4913 1248 4974 de
1263 4912 1333 4974 sub·

587 5007 737 5086 reptionis
758 5015 811 5068 aut
833 5005 984 5068 nullitatis
1005 5006 1093 5080 vitio,
1109 5022 1163 5067 seu
1185 5006 1333 5067 intentio-

587 5100 636 5162 nis
657 5107 780 5162 nostrae
801 5099 851 5160 vel
879 5099 1029 5160 interesse
1054 5099 1236 5161 habentium
1263 5115 1334 5161 con·

586 5191 695 5254 sensus
715 5192 815 5254 aliove
830 5191 967 5269 quolibet
982 5191 1075 5252 etiarn
1094 5191 1240 5266 maximo,
1263 5193 1334 5254 sub-

586 5286 733 5360 stantiali,
747 5283 902 5346 essentiali
919 5292 948 5345 ot
963 5283 1085 5346 lornrali
1100 5291 1152 5345 aut
1167 5283 1334 5362 incogitato

588 5379 709 5442 delectu
731 5377 844 5451 notari,
862 5377 1052 5454 impugnari,
1069 5375 1209 5452 infringi,
1226 5377 1335 5438 invali-

588 5471 664 5546 dari,
687 5469 857 5544 retractari,
874 5468 1018 5543 rescindi,
1036 5469 1068 5528 in
1089 5469 1334 5530 controversiam

588 5565 737 5638 revocari,
750 5563 785 5623 ati
809 5562 958 5624 terminos
980 5561 1055 5624 iuris
1077 5562 1193 5637 reduci,
1215 5578 1271 5623 seu
1285 5565 1336 5624 ad-

589 5673 696 5719 versus
725 5657 791 5718 illas
812 5655 992 5735 aperitionis
1020 5655 1099 5730 oris,
1130 5655 1334 5718 restitutionis

589 5751 622 5812 in
654 5751 825 5826 integrum,
847 5749 972 5812 aliudve
1002 5747 1220 5828 quodcumque
1246 5749 1333 5822 iuris,

589 5843 660 5905 lacti
687 5843 738 5905 vel
762 5842 878 5919 gratiae
905 5841 1080 5903 remedium
1108 5841 1256 5902 intentari
1285 5841 1335 5902 vel

590 5937 761 6015 impetrari,
784 5936 945 6000 sedetiam
964 5943 1064 6010 motu,
1088 5935 1217 5998 scientia
1238 5941 1269 5998 et
1283 5951 1336 6013 po·

1382 713 1499 776 testatis
1513 712 1710 791 plenitudine
1725 714 1848 791 paribus
1862 729 2006 776 concesso
2020 731 2130 794 quern·

1382 805 1462 882 piam
1484 805 1515 868 in
1538 805 1651 868 iudicio
1672 807 1722 868 vel
1743 819 1828 869 extra
1851 808 1927 871 illud
1952 809 1998 870 uti
2019 825 2076 870 seu
2097 825 2131 871 se

1382 898 1488 962 iurare
1509 898 1688 962 nullatenus
1706 915 1804 980 posse,
1827 903 1879 964 sed
1901 903 2022 964 easdem
2044 917 2131 980 prae-

1381 999 1483 1054 sentes
1505 993 1622 1054 litteras
1644 999 1675 1054 et
1691 994 1723 1055 in
1738 994 1783 1056 eis
1798 1001 1942 1057 contenta
1964 1009 2132 1073 quaecum-

1382 1101 1442 1163 que
1467 1101 1590 1164 semper
1614 1093 1645 1147 et
1667 1095 1818 1166 perpetuo
1845 1089 1950 1164 firma,
1978 1089 2078 1150 valida
2100 1095 2132 1149 et

1383 1179 1512 1240 elllcaoia
1535 1180 1669 1241 existere
1697 1188 1728 1242 et
1756 1179 1840 1255 lore,
1869 1197 2003 1262 suosque
2024 1183 2132 1260 plena-

1383 1273 1443 1334 rios
1458 1279 1488 1334 et
1510 1273 1648 1348 integros
1670 1273 1796 1336 allectus
1817 1275 1922 1336 sortiri
1937 1283 1968 1336 et
1989 1275 2133 1338 obtinere

1383 1365 1512 1440 debere,
1545 1373 1576 1427 et
1603 1367 1640 1429 ab
1670 1367 1838 1442 omnibus,
1867 1369 1903 1430 ad
1937 1385 2013 1447 quos
2046 1385 2131 1447 spec-

1383 1465 1426 1520 tat
1447 1465 1478 1520 et
1499 1475 1554 1538 pro
1577 1467 1716 1537 tempore
1737 1463 1996 1540 quandocumque
2010 1470 2041 1524 et
2055 1477 2132 1541 quo·

1383 1554 1610 1631 modocumque
1646 1554 1810 1632 spectabit,
1847 1555 2070 1618 inviolabiliter
2101 1563 2132 1618 et

1382 1646 1564 1709 inconcusse
1585 1646 1753 1722 observari,
1769 1648 1885 1725 sicque,
1903 1655 1933 1710 ct
1948 1663 2012 1710 non
2028 1648 2130 1724 aliter,

1382 1755 1438 1818 per
1458 1755 1672 1818 quoscumque
1694 1740 1809 1803 iudices
1836 1743 2007 1804 ordinarios
2028 1750 2058 1804 et
2080 1743 2134 1804 de-

1383 1832 1515 1908 legatos,
1544 1835 1637 1896 etiam
1657 1851 1818 1897 causarum
1848 1835 1951 1912 palatii
1973 1835 2132 1914 apostolici

1383 1923 1552 2001 auditores
1575 1933 1605 1988 et
1627 1943 1837 2006 quoscumque
1859 1927 1995 1991 Nuncios
2009 1937 2040 1991 et
2059 1929 2132 1992 Gar·

1383 2019 1516 2094 dinales‚
1544 2021 1637 2082 etiam
1658 2023 1696 2084 de
1717 2021 1810 2084 latere
1832 2022 1978 2098 Legatos,
2006 2037 2131 2084 necnon

1382 2127 1595 2192 quascumque
1615 2115 1798 2178 eorumdem
1818 2115 2027 2178 Cardinalium
2050 2117 2132 2179 Con-

1383 2207 1590 2282 gregationes,
1616 2213 1648 2268 et
1669 2209 1794 2286 quosvis
1815 2208 1889 2270 alios
1904 2207 2040 2286 qualibet
2061 2225 2132 2270 auc-

1382 2299 1516 2374 toritate,
1530 2301 1774 2378 praeeminentia
1789 2309 1819 2363 et
1834 2307 1983 2380 potestate
1997 2301 2133 2378 lungen-

1384 2399 1429 2453 tes
1455 2399 1486 2454 et
1517 2395 1774 2472 quandocumque
1799 2395 1981 2469 iuncturos,
2013 2395 2132 2456 sublata

1382 2486 1427 2547 eis
1442 2493 1598 2550 eteorum
1613 2487 1740 2550 cuilibet
1754 2487 1861 2566 quavis
1875 2487 1963 2550 aliter
1978 2487 2133 2550 iudicandi

1383 2586 1415 2641 et
1436 2579 1664 2658 interpretandi
1686 2581 1841 2655 facultate,
1858 2581 1985 2644 iudicari
2008 2588 2038 2643 et
2059 2581 2134 2643 deli-

1385 2673 1447 2734 niri
1469 2673 1591 2749 debere,
1609 2675 1735 2736 irritum
1754 2690 1877 2752 quoque
1892 2681 1922 2736 et
1938 2674 2030 2736 inane
2044 2673 2134 2752 quid·

1385 2765 1456 2844 quid
1485 2782 1572 2828 secus
1601 2767 1763 2846 superbis
1788 2783 2000 2846 equaquam,
2024 2765 2134 2846 quavis

1384 2859 1576 2935 auctoritate,
1598 2860 1733 2922 scienter
1753 2859 1803 2922 vel
1826 2861 2018 2936 ignoranter,
2035 2859 2133 2922 conti-

1384 2951 1465 3028 gerit
1487 2953 1645 3014 attentari.

2159 581 2209 634 Aa.
2222 587 2249 639 G.
2268 591 2323 646 leat

1425 3045 1512 3122 §ld¹
1537 3043 1607 3108 Non
1632 3045 1824 3109 obstantibus
1852 3048 1997 3110 omnibus
2017 3056 2050 3112 et
2070 3048 2133 3110 sin·
2165 3056 2337 3118 Deroaatioeoa-
2392 3029 2393 3100 l

1385 3138 1467 3214 gulis
1488 3139 1674 3217 praemissis,
1689 3147 1732 3214 et,
1748 3147 1901 3218 quatenus
1912 3157 1989 3220 opus
2009 3145 2061 3216 sit,
2078 3158 2134 3203 no·
2151 3113 2191 3154 ιη

1384 3231 1455 3292 stris
1471 3241 1501 3293 et
1519 3231 1723 3296 cancellariae
1745 3231 1936 3310 apostolicae
1957 3234 2086 3311 regulis,
2102 3241 2134 3295 et

1384 3324 1546 3400 signanter
1567 3323 1616 3386 illa
1633 3325 1670 3386 de
1685 3324 1753 3386 iure
1774 3325 1913 3403 quaesito
1936 3343 1999 3388 non
2021 3327 2134 3390 tollen-

1385 3417 1439 3492 clo,
1469 3425 1500 3480 ct
1525 3417 1582 3478 alia
1613 3417 1695 3496 quod
1729 3419 1904 3482 cardinales
1926 3420 1958 3481 in
1982 3421 2135 3483 constitu-

1386 3510 1521 3572 tionibus
1547 3519 1578 3572 et
1599 3511 1716 3586 regulis
1747 3528 1802 3590 per
1830 3529 1886 3575 nos
1912 3513 2038 3576 edendis
2068 3530 2135 3577 non

1385 3604 1689 3682 comprehendantur
1703 3606 1762 3666 nisi
1777 3605 1848 3668 illae
1863 3609 2047 3669 eorumdem
2063 3607 2137 3670 Car-

1385 3695 1536 3758 dinalium
1558 3696 1696 3758 lavorem
1718 3706 1906 3760 concernant
1928 3699 1978 3759 vel
2002 3699 2081 3776 ipsae
2105 3715 2136 3760 e·

1386 3790 1503 3851 dandae
1524 3789 1761 3852 constitutiones
1783 3792 1820 3853 de
1840 3791 1969 3854 illorum
1992 3807 2047 3853 seu
2070 3807 2136 3854 ma-

1386 3881 1458 3942 ioris
1480 3883 1575 3959 partis
1595 3899 1705 3944 eorum
1726 3883 1857 3944 consilio
1878 3884 1977 3945 editae
2001 3885 2134 3960 luerint,

1385 3973 1513 4053 aliisque
1536 3976 1795 4054 quibuscumque,
1812 3977 1907 4039 etiam
1929 3977 1962 4037 in
1984 3977 2136 4053 generali·

1385 4067 1456 4140 hus,
1480 4067 1720 4144 provincialibus
1734 4077 1767 4128 et
1779 4069 1977 4146 synodalibus
1995 4069 2137 4132 conciliis

1386 4160 1485 4234 edilia,
1510 4160 1708 4235 generalibus
1736 4160 1787 4222 rel
1814 4161 1996 4240 specialibus
2021 4163 2135 4224 consti-

1386 4253 1559 4315 tutionibus
1573 4261 1604 4314 et
1619 4253 1877 4330 ordinationibus
1900 4255 1994 4316 etiam
2015 4263 2136 4334 aposto·

1386 4345 1463 4421 licis,
1474 4361 1596 4408 necnon
1608 4363 1879 4426 quorumcumque
1891 4355 1921 4409 et
1935 4348 2137 4424 singulorum

1386 4439 1538 4502 Ordinum
1560 4439 1764 4516 regularium,
1787 4440 1988 4516 religionum,
2006 4457 2138 4518 congre·

1387 4531 1546 4608 gationum
1578 4547 1633 4593 seu
1668 4532 1926 4597 reformationum
1961 4535 2135 4612 institutis,

1386 4623 1513 4700 regulis,
1535 4625 1670 4701 statutis,
1686 4625 1817 4689 decretis
1837 4633 1868 4688 et
1889 4627 2136 4692 ordinationibus

1387 4718 1644 4796 quibuscumque,
1662 4720 1754 4781 etiam
1778 4721 1809 4781 in
1832 4720 1941 4782 limine
1956 4721 2134 4797 erectionis,

1387 4805 1578 4872 laudationis
1599 4828 1654 4872 seu
1676 4812 1915 4888 reformationis,
1928 4814 2023 4875 otiam
2037 4815 2070 4876 in
2084 4831 2135 4877 co-

1388 4903 1484 4965 mitiis
1512 4903 1708 4980 generalibus
1729 4907 1947 4984 quoquomodo
1974 4907 2078 4982 lactis,
2100 4923 2136 4970 ac

1388 4999 1512 5073 usibus,
1539 4996 1626 5076 stylis
1647 5005 1678 5060 et
1703 4999 1979 5062 consuetudinibus
2009 5000 2137 5078 quibus·

1388 5108 1534 5170 cumque,
1557 5093 1650 5154 etiam
1678 5093 1863 5154 centenariis
1885 5099 1915 5154 et
1937 5094 2136 5156 immemora-

1390 5187 1518 5262 bilibus,
1548 5185 1721 5264 privilegiis
1747 5201 1870 5264 quoque
1893 5193 1923 5248 et
1950 5187 2080 5249 indultis
2102 5203 2137 5250 ac

1389 5279 1500 5342 litteris
1520 5280 1694 5360 apostolicis
1715 5278 1974 5358 quibuscumque,
1997 5280 2055 5341 sub
2069 5280 2138 5358 qui-

1389 5375 1494 5438 busvis
1517 5375 1676 5436 tenoribus
1692 5381 1722 5434 et
1737 5371 1856 5448 lormis,
1873 5378 1990 5435 etcum
2012 5373 2138 5452 quibus-

1388 5481 1523 5545 cumque
1534 5467 1628 5528 etiam
1642 5465 1908 5542 derogatoriarum
1923 5465 2135 5542 derogatoriis,

1388 5559 1516 5639 aliisque
1542 5559 1779 5633 efficacioribus,
1802 5558 2017 5620 efficacissimis
2037 5566 2069 5620 et
2089 5559 2137 5619 in·

1389 5653 1488 5716 solitis
1509 5652 1665 5726 clausulis,
1688 5668 1721 5712 ac
1742 5651 1936 5713 irritantibus
1954 5659 1985 5712 et
2006 5651 2072 5712 aliis
2086 5651 2138 5712 de-

1389 5749 1492 5822 cretis,
1506 5747 1539 5808 in
1556 5760 1672 5822 genere
1687 5743 1737 5804 vel
1749 5745 1781 5805 in
1797 5744 1910 5823 specie,
1927 5743 2020 5806 etiam
2035 5752 2135 5821 motu,

1389 5839 1515 5904 scientia
1537 5845 1568 5900 et
1589 5837 1747 5915 potestatis
1762 5837 1957 5915 plenitudine
1971 5835 2136 5914 similibus,

1389 5933 1483 5996 etiam
1504 5929 1775 6006 consistorialiter,
1797 5947 1831 5992 ac
1852 5929 1924 5991 alias
1945 5929 2138 6010 quomodoli-

2192 3119 2287 3156 florum.
