4866 6980
106 5451 260 5498 blandulum
268 5449 314 5496 mi·

100 5505 174 5552 nistri
201 5513 314 5562 genora-

100 5559 139 5614 lis,
157 5563 187 5604 ul
205 5558 313 5604 omnino

99 5617 215 5659 serretur
245 5611 314 5657 diota

99 5667 263 5712 alternatim.

968 567 1177 616 lunocuuxlds
1198 569 1243 614 xl.

329 695 418 750 retur
440 687 632 762 executioni,
655 689 792 766 religiosi
813 689 939 768 Hispani
961 687 1075 767 duplex

330 782 430 843 Breve
450 797 465 842 a
487 780 541 844 SS.
559 781 595 844 D.
612 781 649 844 N.
667 784 850 846 innocentio
865 784 916 847 lfl.
931 785 1077 862 impetra-

330 883 416 949 runt,
425 875 560 938 alterum
571 875 629 938 sub
640 877 689 940 die
700 893 785 938 xxxx.
798 877 876 940 iunii
885 892 1072 940 nnctxxvn.

329 967 457 1048 praefati
468 969 584 1032 decreti
598 969 862 1045 confirmativum,
878 971 1012 1034 alterum
1023 987 1076 1034 xe-

330 1077 365 1122 ro
385 1061 444 1123 sub
464 1061 513 1122 die
534 1077 577 1122 vr.
603 1061 670 1123 iulii
692 1061 829 1124 eiusdem
851 1063 937 1139 anni,
961 1063 993 1124 in
1015 1079 1076 1142 quo

331 1154 539 1216 committitur
562 1155 799 1234 brebiepiscopo
819 1155 959 1230 Limane,
983 1163 1018 1218 ut
1040 1157 1074 1218 ad

330 1247 473 1326 proxime
491 1249 637 1310 recensiti
659 1249 766 1310 Brevis
783 1249 990 1312 confirmativi
1006 1265 1076 1311 exc·

330 1340 489 1402 cntionem
500 1341 681 1419 procederet
692 1343 878 1422 procedique
893 1343 1017 1416 faceret,
1033 1349 1076 1404 at-

330 1449 391 1512 que
405 1433 618 1496 inobedientes
632 1440 663 1495 et
678 1434 880 1510 refractarios,
896 1451 961 1498 non
974 1436 1076 1498 solum

330 1527 480 1602 censuris,
493 1542 604 1589 verum
618 1527 713 1590 etiarn
729 1527 869 1590 invocato
883 1529 998 1592 brachii
1012 1545 1076 1590 sae-

330 1620 440 1682 cularis
460 1619 593 1695 auxilio,
616 1629 825 1698 compesceret
851 1621 937 1684 etad
967 1639 1077 1700 paren·

331 1713 405 1775 dum
427 1712 637 1790 compelleret.
662 1713 715 1774 His
736 1713 880 1776 omnibus
902 1714 1076 1791 religionis,

331 1805 452 1869 Summi
469 1805 636 1880 Pontificis,
650 1805 712 1866 imo
727 1807 821 1868 etiam
836 1812 867 1867 et
882 1807 976 1884 regiis
990 1823 1078 1868 man·

330 1899 407 1960 datis
421 1915 454 1960 ac
468 1897 720 1977 dispositionibus
734 1897 888 1976 quomodo
903 1899 1077 1962 restiterint

330 1991 481 2054 dictarum
502 1992 732 2069 provinciarum
747 1991 882 2068 religiosi
905 1991 1022 2067 Criolli,
1038 1993 1079 2054 si-

330 2085 394 2146 cuti
418 2083 560 2146 dolentes
590 2085 778 2163 accepimus,
801 2084 843 2146 ita
871 2087 1008 2148 modeste
1029 2085 1077 2147 uti

330 2175 490 2238 notorium
510 2176 686 2238 reticemus.
714 2175 925 2240 obtinuerunt
951 2177 1076 2239 tandem

331 2285 438 2330 mense
459 2269 589 2332 ianuarii
611 2269 770 2349 praeteriti
789 2269 862 2332 anni
886 2285 1073 2332 nocnxxxn.

330 2362 367 2424 ab
388 2363 444 2424 hac
463 2363 545 2424 sacra
560 2363 810 2439 congregatione
831 2363 1024 2438 mandatum,
1041 2371 1076 2426 ut

330 2455 508 2517 huiusmodi
530 2455 710 2530 negotium,
739 2457 831 2517 toties
852 2456 1022 2520 discussum
1044 2473 1076 2518 ac

330 2548 506 2623 definitum,
523 2549 638 2609 iterum
653 2555 881 2627 proponeretur
895 2549 927 2610 in
944 2549 1076 2626 capitulo

331 2639 480 2716 generali,
496 2642 576 2718 quod
592 2641 624 2702 in
639 2657 748 2702 meuse
762 2641 834 2702 maii
849 2642 987 2703 eiusdem
1002 2641 1076 2704 anni

331 2733 431 2795 'foleti
452 2734 704 2810 congregandum
726 2741 808 2809 erat,
831 2750 886 2812 pro
911 2743 983 2796 roto
1004 2751 1078 2796 con·

330 2826 446 2887 sultixo
467 2833 606 2902 tantum3
629 2829 665 2890 ad
692 2828 780 2889 cuius
805 2828 940 2890 mandati
966 2845 1076 2890 execu-

331 2919 461 2993 tionem,
483 2919 621 2998 partibus
643 2919 758 2998 pluries
780 2921 903 2994 auditis,
920 2922 1077 2982 emanavit

331 3019 440 3073 votum
462 3013 544 3089 quod
570 3013 649 3075 dicta
677 3013 859 3075 alternative
891 3030 954 3075 non
975 3014 1077 3076 solum

331 3105 568 3180 maurentino
588 3106 628 3166 sil
642 3107 772 3168 omnino
794 3107 962 3168 necessaria
978 3124 1014 3168 ex
1032 3124 1077 3168 ra-

331 3197 467 3259 tionibus
495 3199 527 3258 in
560 3215 596 3259 eo
627 3199 793 3277 productis.
829 3201 1076 3278 Gonrparuerunt

330 3289 457 3352 demum
480 3291 512 3352 in
534 3289 590 3352 bac
610 3291 747 3352 Romana
775 3293 867 3354 Curii
894 3293 998 3354 dilecti
1021 3293 1077 3354 filii

331 3383 428 3444 nostri
450 3390 535 3461 pater
555 3383 650 3446 frater
671 3385 827 3446 Antonius
848 3386 1028 3447 fernandez
1047 3393 1077 3446 et

330 3483 417 3554 pater
437 3475 532 3538 trater
552 3477 702 3538 Martinus
724 3477 850 3539 Morene
874 3495 946 3541 cum
968 3494 1078 3557 procu-

330 3569 457 3630 rationis
477 3571 621 3632 mandato
636 3587 674 3632 ex
695 3579 780 3649 parte
796 3571 987 3633 Criollorum
1001 3571 1079 3634 utri·

331 3679 429 3740 usque
450 3663 627 3741 provinciae
647 3664 795 3726 Limanae
815 3672 847 3725 et
868 3667 906 3726 dc
927 3665 969 3726 las
985 3666 1079 3728 Char·

331 3772 380 3817 cas
401 3771 456 3834 pro
477 3773 585 3818 causae
612 3758 834 3820 terminatione
861 3759 941 3837 apud
962 3773 1079 3820 sacram

333 3849 615 3926 Congregationem
644 3851 706 3912 EE.
731 3851 793 3912 llll.
817 3853 849 3914 S.
879 3853 914 3912 ll.
940 3852 974 3912 E.
1006 3853 1080 3914 llar-

330 3942 483 4004 dinaliurn
504 3945 636 4020 negotiis
656 3951 688 4006 et
709 3943 987 4007 consultationibus
1009 3947 1079 4024 Epi·

330 4052 495 4114 scoporum
509 4044 542 4100 et
555 4037 759 4114 Regularium
773 4039 1029 4118 praepositorum,
1046 4039 1078 4100 in

331 4145 402 4207 qua,
426 4129 537 4192 auditis
559 4131 592 4191 in
615 4131 703 4193 causa
723 4133 996 4211 propositionibus,
1013 4149 1079 4210 par-

333 4223 413 4284 tibus
434 4223 549 4301 pluries
571 4224 821 4300 informantibus
834 4227 991 4288 emanavit
1012 4234 1078 4288 tan-

331 4315 403 4377 dem
425 4318 585 4380 decretum
599 4333 654 4396 pro
676 4317 773 4399 dictae
794 4319 993 4381 alternativae
1007 4338 1079 4383 con·

331 4409 523 4484 firmatione,
556 4412 638 4488 quod
666 4410 719 4474 SS.
745 4411 778 4471 D.
817 4411 855 4473 N.
880 4412 1079 4477 Innocentius

332 4503 410 4581 Papa
431 4503 483 4565 xl.
506 4503 703 4566 confirmavit
717 4506 780 4566 suis
802 4504 913 4567 litteris
933 4506 966 4568 in
982 4505 1079 4567 forma

332 4595 439 4656 Brevis
450 4597 599 4674 expeditis
614 4597 730 4658 tenoris
741 4598 911 4676 sequentis,
922 4599 1076 4661 videlicet:

501 4783 709 4846 Innocentius
731 4785 819 4862 Papo
842 4785 911 4856 XL,

450 4875 493 4938 od
514 4879 666 4958 feturam
688 4879 735 4939 roi
760 4880 956 4942 memorium.

371 5063 493 5142 Exponi
524 5063 624 5141 nobis,
656 5071 714 5128 etc.
737 5063 784 5147 (l)
812 5067 923 5128 ilatum
951 5067 1076 5141 Rornae,

330 5160 410 5236 apud
439 5157 470 5219 S.
497 5159 623 5221 Mariam
637 5159 796 5235 Maiorem,
818 5160 876 5221 sub
896 5160 1014 5222 annulo
1032 5160 1077 5220 Pi-

330 5253 467 5327 scatoris,
494 5252 543 5314 dic
568 5269 623 5314 vxr.
647 5253 832 5332 septembris
860 5269 1076 5328 uncxxxxm„

331 5345 528 5424 pontificatus
549 5345 646 5410 nostri
667 5362 748 5410 anno
770 5363 826 5408 vn.

372 5438 435 5501 Nos
457 5438 563 5516 igitur,
579 5455 617 5501 ex
633 5439 784 5518 praelatae
805 5440 986 5519 apostolicae
1006 5457 1078 5503 con·

333 5533 518 5595 firmationis
544 5533 658 5596 decreti
686 5533 718 5595 in
748 5533 840 5612 pleno
869 5534 1079 5596 emiuentissi-

333 5643 456 5689 morum
483 5626 515 5690 S.
539 5626 574 5687 ll.
599 5626 634 5688 E.
666 5627 878 5689 cardinalium
909 5642 1078 5704 congressu

332 5719 403 5782 facti
419 5721 544 5796 lecturi,
566 5721 795 5782 considerantes
808 5726 937 5796 attente,
953 5719 1078 5782 nullum

375 5931 405 5987 (l)
419 5927 530 5988 Reliqua
545 5931 604 5976 vide
618 5943 706 5988 supra,
721 5943 778 5988 pag.
794 5933 827 5976 59.

1131 687 1250 751 dilectis
1266 688 1337 750 filiis
1352 687 1465 752 nostris
1479 690 1631 753 dictarum
1646 690 1878 769 provinciarum

1132 781 1237 842 bimae
1259 788 1290 842 et
1312 781 1414 844 delas
1436 783 1564 846 Glauctas
1586 783 1737 860 religiosis
1756 783 1879 848 Griollis

1131 873 1268 953 relinqui
1279 873 1513 952 subterfugium
1526 875 1561 937 ad
1577 884 1719 955 prompte
1734 891 1796 938 non
1809 876 1880 937 obe-

1131 967 1277 1030 diendum
1292 967 1453 1045 religionis
1467 968 1790 1045 determinationibus,
1802 969 1879 1031 emi·

1131 1062 1387 1124 nentissimorum
1401 1061 1430 1124 S.
1441 1062 1477 1124 lt.
1492 1062 1527 1124 E.
1541 1062 1751 1125 Cardinalium
1763 1069 1794 1124 et
1809 1079 1880 1142 upo-

1130 1154 1245 1216 stolicis
1275 1154 1421 1230 decretis,
1455 1171 1576 1217 necnon
1606 1156 1774 1218 maiestatis
1797 1155 1879 1232 regis

1132 1247 1228 1308 nostri
1251 1247 1391 1310 catholici
1412 1247 1479 1326 piae
1507 1247 1661 1310 voluntati
1684 1249 1716 1310 in
1738 1248 1816 1310 dicti
1838 1247 1879 1310 al·

1132 1339 1285 1401 ternatim
1306 1340 1494 1402 admittenda
1517 1345 1547 1401 et
1569 1341 1761 1417 exequendi,
1778 1357 1814 1402 eo
1828 1342 1879 1404 vel

1132 1433 1278 1508 maxime,
1294 1449 1366 1496 cum
1381 1448 1488 1494 omnes
1509 1432 1587 1494 iuris
1598 1441 1629 1494 et
1645 1433 1714 1496 facti
1730 1433 1877 1509 defectus,

1132 1526 1157 1586 si
1178 1526 1231 1604 qui
1257 1525 1337 1587 forle
1352 1526 1384 1586 in
1399 1524 1541 1604 praefatis
1556 1527 1768 1588 sanctionibus
1783 1527 1878 1606 irrep

1131 1619 1242 1693 serint,
1255 1618 1373 1681 fuerint
1387 1634 1442 1697 per
1457 1633 1575 1680 sacram
1598 1619 1878 1696 Gongrcgattonom

1132 1718 1163 1772 et
1184 1711 1378 1790 apostolicam
1400 1712 1615 1775 auctoritatem
1634 1713 1666 1774 in
1689 1714 1879 1791 praeinserto

1133 1805 1254 1866 decreto
1275 1814 1306 1866 et
1327 1805 1419 1866 Brevi
1439 1807 1550 1880 sanati,
1567 1823 1610 1881 uc,
1634 1807 1797 1868 contrariis
1811 1807 1879 1886 qui·

1133 1897 1326 1974 bustumque
1347 1913 1409 1958 non
1431 1898 1634 1974 obstantibus,
1651 1898 1728 1961 dicta
1748 1900 1879 1962 alterna·

1133 1989 1196 2050 tiva
1207 1990 1399 2064 confirmata,
1411 1991 1573 2068 cupientes
1587 2001 1749 2070 propterea
1764 1994 1881 2056 utrius·

1132 2099 1193 2159 que
1224 2083 1395 2145 antedictae
1425 2084 1603 2161 provinciae
1634 2085 1732 2163 quieti
1758 2103 1791 2148 ac
1813 2089 1879 2166 paci

1132 2176 1305 2250 consulere,
1328 2193 1362 2238 ac
1383 2177 1587 2240 dissentiones
1603 2185 1634 2240 ct
1655 2179 1820 2242 discordias
1841 2195 1880 2242 ex

1132 2267 1308 2331 huiusmodi
1331 2269 1418 2331 causti
1439 2275 1560 2331 exortas
1574 2272 1612 2333 de
1633 2271 1736 2333 medio
1757 2271 1877 2349 tollere,

1133 2370 1164 2424 et
1174 2361 1346 2441 praedictae
1359 2362 1560 2424 alternativae
1575 2365 1759 2428 executione
1773 2383 1807 2429 ac
1820 2374 1880 2428 sta-

1133 2456 1250 2517 bilitate
1270 2456 1415 2519 omnibus
1436 2456 1651 2520 scandalorum
1672 2460 1879 2523 occasionibus

1132 2551 1272 2636 obviare:
1297 2551 1368 2612 hinc
1390 2549 1562 2629 plurimum
1583 2551 1673 2613 nobis
1690 2552 1810 2616 dilectis
1832 2571 1880 2616 re-

1132 2643 1355 2706 verendissimo
1389 2644 1468 2721 patri
1499 2645 1708 2706 commissario
1740 2647 1878 2722 generali

1132 2738 1290 2800 indiarum
1312 2737 1343 2798 in
1366 2736 1449 2799 curii
1462 2737 1629 2798 maiestatis
1650 2739 1816 2801 catholicae
1831 2757 1878 2802 re-

1131 2830 1243 2892 sidenti
1266 2847 1298 2891 ac
1320 2829 1528 2891 commissario
1549 2831 1665 2909 pariter
1685 2833 1823 2908 generali
1846 2834 1879 2894 in

1133 2923 1297 3001 provinciis
1312 2923 1350 2986 de
1363 2924 1392 2984 el
1408 2921 1486 2984 Perii
1502 2921 1568 3002 (qui
1584 2940 1638 3002 pro
1658 2931 1800 3004 tompore
1814 2925 1879 2988 fue·

1133 3017 1185 3095 rit)
1207 3034 1262 3095 per
1289 3026 1464 3096 praesentes
1491 3019 1717 3081 comxuittimus
1744 3037 1777 3082 ac
1798 3021 1879 3082 serio

1133 3109 1335 3185 inculcamus,
1358 3118 1393 3172 ut
1414 3111 1526 3173 dictam
1551 3111 1766 3174 alternatixam
1788 3113 1880 3176 ruodo

1132 3219 1194 3280 quo
1215 3219 1305 3282 supra
1334 3219 1509 3281 expressam
1532 3204 1564 3265 in
1592 3205 1734 3282 praefatis
1756 3207 1881 3282 provin·

1133 3295 1186 3357 ciis
1210 3296 1254 3358 Ss.
1280 3296 1345 3359 Xll.
1369 3297 1586 3375 Apostolorum
1609 3299 1761 3360 Limaeet
1777 3299 1880 3362 Snu-

1134 3390 1211 3451 tonii
1234 3392 1271 3452 de
1294 3390 1335 3450 las
1358 3390 1498 3464 Cbarcas,
1526 3391 1559 3452 in
1587 3392 1804 3454 executionem
1834 3410 1881 3455 re-

1134 3483 1258 3560 ligionis
1285 3500 1318 3544 ac
1343 3499 1444 3546 sacrae
1476 3483 1733 3561 tongregatlonis
1760 3488 1824 3548 imo
1852 3497 1883 3550 et

1134 3576 1372 3655 apostolicorum
1400 3579 1614 3652 decretorum,
1639 3580 1784 3644 omnibus
1806 3581 1883 3643 iuris
1942 3619 1946 3628 ·

1134 3677 1165 3730 ct
1186 3669 1257 3732 facti
1279 3669 1423 3732 remediis
1447 3672 1602 3746 adhibitis,
1619 3673 1785 3750 introduci,
1801 3691 1884 3737 acce·

1135 3763 1230 3842 ptari,
1258 3764 1434 3840 practicari,
1457 3781 1491 3826 ae
1512 3766 1717 3844 imposterum
1742 3768 1884 3831 formiter

1133 3857 1251 3918 servari
1277 3858 1426 3919 mandent
1447 3865 1478 3919 et
1500 3874 1555 3936 pro
1582 3859 1702 3924 viribus
1730 3869 1882 3938 satagant,

1134 3959 1226 4030 prout
1248 3968 1303 4012 nos
1325 3953 1535 4030 praesentium
1557 3954 1708 4031 vigoreet
1722 3953 1813 4017 officii
1829 3973 1883 4018 uo

1134 4045 1190 4105 stri
1211 4044 1393 4106 atrctoritate
1414 4045 1583 4121 introduci,
1599 4049 1760 4127 acceptari,
1773 4049 1885 4127 practi-

1134 4137 1195 4198 cari
1216 4154 1249 4199 ac
1270 4138 1474 4215 imposterum
1496 4138 1638 4202 formiter
1658 4142 1775 4202 servari
1797 4157 1884 4204 man·

1134 4229 1259 4307 damus3
1288 4247 1322 4293 ac
1351 4231 1490 4294 districte
1521 4233 1726 4312 praecipimus
1756 4233 1884 4297 dilectos

1135 4323 1213 4384 filios
1235 4330 1356 4384 nostros
1378 4323 1543 4402 utriusque
1564 4327 1741 4404 provinciae
1762 4326 1883 4404 religio·

1134 4431 1183 4476 sos
1205 4415 1346 4491 Criollos,
1363 4416 1409 4476 uti
1424 4432 1533 4478 servus
1555 4429 1711 4494 rogantes,
1727 4419 1774 4480 uti
1789 4419 1884 4481 frater

1135 4511 1309 4583 hortantes,
1332 4509 1379 4570 uti
1407 4517 1493 4588 pater
1521 4519 1758 4573 commonentes
1783 4530 1818 4574 ac
1838 4514 1884 4575 uti

1133 4603 1286 4681 superior,
1310 4610 1341 4664 et
1355 4603 1514 4679 legitimus
1534 4603 1620 4684 (licet
1637 4605 1799 4683 indignus)
1814 4623 1883 4676 san·

1133 4697 1175 4758 cti
1197 4696 1290 4774 patris
1311 4697 1410 4758 nostri
1439 4698 1590 4759 francisci
1618 4695 1786 4774 successor,
1810 4699 1883 4776 ipsis

1135 4789 1166 4850 in
1188 4790 1307 4852 virtute
1328 4789 1462 4868 Spiritus
1483 4791 1587 4853 Sancti
1608 4809 1642 4854 ac
1662 4793 1720 4854 sub
1743 4793 1883 4854 districto

1134 4883 1356 4960 praecipientes
1369 4891 1493 4946 sauctae
1507 4885 1699 4947 obedientiae
1711 4886 1834 4960 merito,
1851 4891 1882 4948 et

1133 4975 1191 5037 sub
1211 4976 1318 5054 poenis
1338 4983 1444 5038 contra
1459 4977 1673 5040 inobedientes
1693 4979 1829 5054 sancitis,
1846 4986 1881 5040 ut

1133 5070 1230 5130 dictae
1255 5069 1457 5132 alternativae
1484 5071 1609 5132 tandem
1639 5065 1879 5150 acquiescentes,

1134 5178 1254 5224 necnon
1271 5162 1441 5239 religionis,
1458 5163 1587 5226 Sanctae
1601 5164 1698 5239 Sedis,
1715 5165 1881 5227 maiestatis

1134 5256 1226 5332 Regis
1247 5257 1345 5318 nostri
1367 5256 1520 5332 catholici,
1535 5273 1568 5318 ac
1589 5259 1702 5320 nostris
1723 5259 1880 5337 obtempe-

1133 5355 1238 5410 rantes
1253 5349 1415 5426 mandatis,
1427 5365 1460 5410 se
1470 5365 1560 5411 veros
1570 5367 1604 5412 ac
1615 5349 1769 5426 legitimos
1783 5353 1880 5414 sancti

1133 5441 1229 5520 patris
1249 5441 1349 5502 nostri
1371 5442 1523 5504 francisci
1540 5442 1619 5504 filios
1634 5445 1808 5506 ostendant.
1825 5447 1880 5507 Da·

1134 5540 1202 5596 tum
1222 5534 1349 5609 llomae,
1372 5535 1404 5596 in
1420 5542 1578 5598 conventu
1600 5544 1706 5598 nostro
1721 5535 1753 5599 S.
1770 5538 1880 5599 Mariae

1132 5628 1212 5705 apud
1238 5627 1423 5704 Aramcaeli,
1447 5627 1497 5689 dic
1518 5645 1549 5689 x.
1579 5631 1775 5708 septembris,
1798 5647 1881 5693 anno

1134 5736 1337 5783 xnecxxxnr.
1360 5721 1410 5783 Fr.
1429 5721 1553 5784 Parrus
1568 5721 1717 5786 Marinus
1738 5725 1882 5790 minister

1818 556 1857 618 63
1909 555 1962 608 An.
1978 557 2008 610 O.
2030 556 2098 611 1683
