4878 6982
117 605 173 656 An.
189 607 220 660 C.
242 609 309 662 1701

1011 617 1153 664 oteness
1175 615 1218 662 XI.

380 735 399 811 g
420 734 448 797 3.
472 735 631 798 Praeterea
655 740 682 796 te
698 735 730 795 in
746 732 942 796 visitatorem
959 733 1083 812 Aposto-

340 828 436 892 licum
455 829 488 891 in
505 829 649 892 Sinarum
665 829 791 906 aliisque
806 827 962 888 indiarum
977 827 1085 890 drien-

341 923 449 985 talium
471 924 577 1000 regnis
597 939 668 984 cram
699 929 847 1002 potestate
878 922 970 982 etiam
993 921 1084 998 legati

341 1017 378 1078 de
400 1017 496 1078 latere
517 1015 714 1078 destinamus.

380 1111 441 1186 §b
457 1109 520 1171 Nec
534 1126 608 1183 non,
623 1117 657 1172 ut
671 1117 785 1172 statum
803 1117 891 1171 tunm
907 1099 1082 1186 iuxta'pon-

341 1203 469 1265 tilicalis
481 1202 636 1279 dignitatis
658 1203 846 1280 exigentiam
864 1203 1023 1266 decentius
1039 1207 1084 1262 te-

341 1313 416 1358 nere
447 1295 559 1370 valeas,
582 1305 670 1359 motu
700 1297 834 1374 proprio,
856 1313 920 1358 non
941 1295 976 1356 ad
999 1303 1081 1356 tuam

340 1391 391 1450 vel
412 1389 538 1451 alterius
560 1406 613 1467 pro
637 1397 665 1450 te
687 1389 774 1452 nobis
789 1406 882 1467 super
896 1390 953 1451 troc
966 1387 1082 1450 oblatae

1470 730 1546 795 llttl.

1140 919 1289 984 Concedit
1310 917 1472 1000 frutribus
1502 915 1765 997 Corrpropetionis
1787 914 1881 977 Beth·

1178 1014 1401 1077 lebcruiterunt
1428 1013 1462 1074 in
1491 1012 1593 1076 indiis
1622 1007 1879 1073 occidentalibus

1177 1106 1333 1183 excerptio
1354 1123 1373 1168 e
1395 1101 1646 1182 processionibus
1668 1099 1877 1180 publicisql).

1340 1273 1526 1342 sternens
1550 1275 1608 1340 ΡΡ.
1635 1273 1678 1340 111.

1276 1399 1312 1468 ad
1334 1399 1461 1466 lateran
1486 1399 1529 1465 rei
1556 1398 1746 1466 nemoriani

339 1482 499 1560 petitionis
520 1483 708 1557 instantiam,
724 1481 774 1544 sed
797 1499 836 1543 ex
857 1483 938 1544 certi
956 1482 1083 1544 scientia
1162 1516 1165 1525 ·

340 1577 487 1654 merique
502 1576 723 1638 deliberatione
739 1576 862 1648 nostris,
877 1585 989 1648 tecum,
1002 1575 1082 1652 quod

340 1670 434 1732 etiam
454 1678 615 1747 postquam
631 1669 661 1731 in
679 1671 743 1730 vim
758 1667 940 1747 provisionis
956 1675 985 1729 et
1001 1683 1084 1745 prae·

341 1763 481 1824 lectionis
501 1763 728 1842 praedictarum
749 1762 903 1840 pacificam
924 1760 1085 1838 possessio·

341 1873 415 1922 nem
435 1873 490 1918 seu
512 1856 597 1934 quasi
626 1857 847 1933 possessionem
869 1854 1031 1931 regiminis
1052 1863 1084 1915 et

340 1950 614 2014 administrationis
635 1948 731 2010 dictae
753 1948 904 2010 Ecclesiae
920 1948 1083 2009 Antioche·

342 2061 410 2120 nae,
434 2051 466 2105 et
487 2043 569 2104 illius
600 2058 726 2104 mensae
759 2041 964 2118 patriarchalis
991 2041 1083 2102 bono-

341 2155 414 2202 rum
433 2154 488 2198 seu
516 2135 638 2197 maioris
670 2135 762 2214 partis
793 2151 902 2196 eorum
930 2141 1083 2196 assecutus

342 2232 448 2305 tueris,
469 2237 500 2292 et
514 2245 628 2290 munus
643 2228 880 2290 consecrationis
902 2228 1082 2305 susceperis,

343 2343 403 2389 una
418 2339 489 2386 cum
504 2325 610 2386 eadem
623 2321 753 2384 Ecclesii
762 2321 965 2392 antiocheni,
978 2337 1084 2398 quam·

342 2418 394 2480 din
415 2416 462 2478 illi
483 2415 662 2493 praefueris,
685 2415 786 2476 omnia
809 2421 839 2476 et
854 2414 975 2490 singola
990 2415 1084 2476 bene-

343 2511 410 2574 ticia
431 2509 644 2582 ecelesiastica,
666 2508 828 2570 saecularia
853 2515 883 2568 et
904 2509 1084 2584 quorumvis

342 2604 493 2668 Ordiunm
514 2601 677 2679 regularia,
694 2616 772 2678 quae
794 2601 827 2661 in
849 2600 986 2675 titulum,
1003 2617 1084 2662 oom-

343 2698 489 2760 mendam
520 2697 569 2757 vel
602 2694 912 2768 administrationem,
939 2701 991 2756 ant
1013 2694 1084 2754 alias

343 2788 573 2870 quomodolibet
595 2787 726 2860 obtines,
741 2803 775 2848 ac
790 2786 954 2865 pensiones
969 2802 1085 2847 annuas

343 2901 436 2963 super
467 2881 627 2954 tractibus,
656 2879 804 2942 reditibus
831 2889 861 2942 et
883 2880 1084 2956 proventibus

343 2976 562 3048 ecclesiasticis,
579 2990 653 3054 quas
670 2973 811 3052 percipis,
827 2981 861 3034 ut
875 2973 971 3050 prius,
988 2974 1085 3050 quoad

343 3072 470 3143 viseris,
492 3070 628 3132 retinere
648 3075 680 3128 et
701 3067 841 3128 obtinere
864 3083 897 3128 ac
915 3067 1084 3145 percipere,

344 3172 375 3226 et
396 3165 433 3226 de
454 3161 515 3223 illis
536 3161 698 3239 disponere
719 3159 815 3222 libere
837 3165 866 3221 et
882 3160 964 3222 licite
979 3163 1084 3237 possis,

344 3255 515 3335 apostolicis
541 3271 574 3316 ac
600 3253 808 3317 conciliorum
837 3253 929 3315 etiam
961 3269 1087 3328 genera-

344 3349 421 3412 lium
436 3346 708 3412 constitutionibus
720 3353 750 3406 et
762 3345 1016 3418 ordinationibus,
1029 3362 1087 3408 neo

345 3459 408 3504 non
430 3443 526 3504 dictae
548 3438 698 3502 Ecclesiae
719 3439 939 3512 Antiochense,
960 3439 1087 3516 aliisque

345 3535 513 3613 quibusvis,
536 3533 627 3593 etiam
648 3531 835 3606 iuramento,
851 3532 1086 3594 confirmatione

345 3627 517 3706 apostolici,
539 3626 589 3687 vel
614 3627 722 3704 quavis
749 3627 894 3688 firmitate
921 3625 978 3686 alia
1000 3626 1087 3686 robo-

344 3721 428 3795 ratis,
450 3720 573 3782 statutis
594 3729 624 3781 et
652 3719 936 3793 consuetudinibus,
964 3721 1089 3781 ceteris·

345 3831 405 3893 que
426 3813 587 3876 contrariis
612 3813 869 3892 quibuscumque,
892 3829 1087 3892 nequaquam

344 3908 544 3981 obstantibus,
567 3906 729 3985 apostolici
753 3907 933 3968 auctoritate
954 3909 1088 3984 praedic·

345 4005 385 4076 aa,
408 4001 588 4064 earumdem
610 4009 717 4062 tenore
732 4001 953 4079 praesentium,
970 4001 1007 4062 de
1021 4015 1087 4077 spo-

344 4095 427 4156 cialis
447 4097 527 4157 dono
549 4093 662 4168 gratiae
678 4095 897 4172 dispensamus.
915 4093 1087 4154 bacernen-

345 4199 390 4248 tes
412 4197 570 4266 propterea
593 4188 697 4248 eadem
720 4187 866 4248 beneficia
889 4202 952 4246 non
968 4202 1085 4259 vacare,

344 4296 446 4358 neque
467 4281 628 4358 pensiones
649 4279 824 4342 huiusmodi
839 4295 955 4342 cessare
970 4287 1021 4340 aut
1037 4295 1089 4340 ex-

346 4374 454 4436 tinctas
480 4389 557 4449 esse,
586 4374 707 4434 irritum
740 4382 915 4451 quoquest
937 4374 1039 4444 inane,
1062 4373 1087 4433 si

343 4483 429 4529 secus
449 4482 542 4545 super
564 4467 610 4527 his
631 4485 647 4528 a
666 4481 821 4544 quoquam
837 4467 944 4543 quavis
958 4467 1086 4528 auctori-

345 4569 417 4636 tate,
439 4560 573 4622 scienter
587 4559 638 4621 vel
656 4559 849 4635 ignoranter,
865 4560 1029 4634 contigerit
1045 4567 1087 4620 at-

345 4655 466 4717 tentari.
501 4653 653 4716 Volumus
681 4659 802 4725 autem,
832 4650 911 4728 quod
943 4652 1086 4712 beneticia

343 4746 495 4828 praedicta
515 4745 624 4810 debitis
646 4753 805 4823 propterea
827 4760 891 4806 non
906 4743 1087 4806 fraudentur

344 4841 506 4919 obsequiis,
522 4847 552 4901 et
573 4840 747 4900 animarum
772 4854 854 4911 euro,
877 4837 901 4898 si
927 4853 1005 4914 quae
1028 4837 1086 4897 illis

344 4934 517 5006 immineat,
540 4931 717 4994 nullatenus
749 4929 937 5005 negligatur,
959 4929 1012 4990 sed
1037 4945 1086 4992 eo·

344 5043 415 5088 rum
436 5041 573 5102 congrue
586 5029 809 5104 supportentur
823 5039 916 5084 onera
931 5030 1084 5084 consueta.

383 5123 495 5184 Datum
516 5121 645 5193 Romae,
674 5119 752 5196 apud
782 5117 813 5179 S.
840 5118 982 5192 Petrum,
1005 5133 1085 5179 atino

344 5214 564 5278 incarnationis
585 5211 761 5274 Dourinicae
783 5227 905 5284 uacca,
930 5211 1085 5272 1111111111-

344 5309 488 5384 cembris,
510 5306 705 5386 pontificatus
727 5304 824 5365 nostri
846 5321 927 5364 anne
950 5321 970 5364 1.

601 5465 837 5476 ..-.—...—----·-

1109 1583 1113 1610 ¹
1179 1577 1357 1640 Sollicitudo
1383 1576 1539 1655 pastoralis
1565 1576 1667 1650 officii,
1697 1591 1757 1654 qato
1780 1573 1883 1636 Ecele-
1926 1588 2069 1634 uxoratum.

1136 1669 1196 1730 siae
1216 1669 1379 1732 catholicae
1401 1686 1455 1748 per
1481 1670 1664 1734 universum
1696 1668 1802 1729 orbem
1825 1667 1882 1729 dit·

1137 1761 1221 1823 tusae
1239 1763 1384 1838 regimini
1400 1763 1505 1824 divina
1520 1761 1716 1841 dispositione
1732 1760 1881 1840 praeside-

1138 1871 1217 1928 mus,
1241 1872 1296 1916 nos
1318 1858 1473 1928 actinonet,
1497 1862 1543 1927 ut,
1560 1861 1718 1933 paternam
1739 1853 1883 1914 christili-

1137 1947 1252 2010 deliunr
1275 1949 1457 2012 christianae
1478 1963 1554 2024 erga
1573 1963 1719 2026 pauperes
1742 1947 1881 2007 infirmos

1137 2041 1385 2104 convalescentes
1419 2041 1575 2103 charitatis
1606 2048 1637 2103 et
1668 2039 1882 2118 hospitalitatis

1137 2134 1280 2211 operibus
1307 2136 1391 2198 iuxta
1418 2135 1578 2196 laudabilia
1606 2149 1715 2196 eorum
1742 2133 1881 2194 instituta

1139 2227 1187 2305 pie
1207 2235 1239 2290 et
1261 2228 1416 2290 irttctuose
1437 2227 1688 2290 incumbentium
1709 2242 1814 2288 curam
1831 2241 1881 2301 ge-

1139 2327 1253 2396 rentes,
1287 2338 1327 2384 ne
1357 2323 1413 2400 ipsi
1434 2339 1448 2381 a
1471 2321 1654 2382 salutaribus
1685 2319 1830 2399 operibus
1852 2327 1882 2381 et

1139 2416 1287 2478 institutis
1309 2415 1484 2477 l‘ruiusmodi
1513 2415 1669 2477 ullatenus
1690 2419 1879 2485 avertantur,

1139 2516 1289 2588 quantum
1312 2509 1399 2570 nobis
1421 2525 1458 2569 ex
1479 2507 1539 2569 alto
1567 2507 1756 2580 conceditur,
1779 2503 1881 2584 provi·

1139 2603 1211 2664 dere
1232 2601 1418 2664 studeamus.

1178 2699 1197 2772 ἓ
1220 2696 1247 2758 1.
1271 2696 1389 2774 liuponi
1410 2695 1563 2774 siqnidem
1585 2695 1672 2756 nobis
1691 2709 1790 2772 nuper
1804 2693 1881 2756 iece-
1937 2711 2032 2755 caracae
2051 2710 2111 2772 pstr-

1139 2797 1213 2851 111111
1234 2789 1336 2852 dilecti
1359 2789 1413 2850 tilii
1439 2787 1607 2852 confratres
1629 2768 2112 2863 01111111111111111,10111510·

1139 2883 1435 2945 bethlehemitarum
1462 2889 1656 2961 nuncupatae
1684 2879 1883 2959 hospitalium

1139 2991 1310 3055 pauperum
1331 2975 1611 3038 convalescentium
1633 2976 1665 3036 in
1687 2975 1781 3037 indiis
1802 2974 1883 3038 Occi-

1139 3069 1327 3144 dentalibus,
1355 3073 1435 3148 qnod
1467 3069 1551 3148 (cum
1574 3068 1641 3147 ipsi,
1669 3069 1751 3130 iuxta
1774 3085 1883 3130 eorum

1140 3163 1374 3225 constitutiones
1394 3180 1410 3224 a
1432 3163 1527 3225 ielicis
1548 3161 1766 3224 recordationis
1793 3162 1884 3223 inno·

1140 3257 1242 3319 centio
1263 3257 1340 3336 Papa
1362 3257 1412 3322 111.
1436 3258 1667 3334 praedecessore
1692 3261 1797 3316 nostro
1818 3271 1885 3333 spe-

1140 3349 1223 3410 cibce
1245 3351 1450 3424 confirmatas,
1473 3349 1710 3427 hospitalitatem
1725 3364 1796 3424 erga
1812 3365 1885 3426 pau-

1141 3457 1228 3520 peres
1250 3445 1390 3504 inbrmos
1412 3451 1441 3504 et
1463 3442 1709 3504 convalescentes
1725 3457 1881 3516 exercere,

1141 3539 1263 3616 illisque
1283 3536 1435 3600 inservire
1455 3535 1601 3609 debeaot3
1625 3551 1735 3595 verum
1762 3535 1883 3597 contin-

1141 3643 1203 3710 gat,
1227 3638 1271 3703 ut,
1294 3629 1368 3692 dum
1391 3629 1447 3706 ipsi
1469 3634 1658 3706 exponentes
1683 3629 1884 3705 processioni-

1141 3728 1197 3789 bus
1212 3724 1351 3804 pnblicis,
1365 3739 1441 3801 quae
1457 3737 1512 3800 pro
1528 3729 1667 3800 tempore
1678 3731 1880 3800 peraguntur,

1141 3821 1312 3889 intersunt,
1335 3813 1480 3895 praedicti
1503 3829 1649 3892 pauperes
1670 3814 1884 3874 convalescen-

1142 3920 1185 3973 tes
1207 3925 1263 3988 ope
1285 3917 1315 3970 et
1336 3907 1505 3968 assistendi
1527 3906 1664 3968 destituti
1680 3915 1880 3983 remaneant;

1141 4005 1232 4082 idque
1254 4019 1290 4064 eo
1313 4001 1408 4077 magis
1436 3999 1569 4072 eveniat,
1592 4001 1672 4078 quod
1702 4016 1764 4062 non
1787 3999 1828 4061 ita
1850 4001 1882 4064 in

1142 4099 1265 4158 illarum
1293 4095 1427 4174 partium
1449 4111 1483 4156 ac
1505 4094 1535 4153 in
1564 4093 1665 4155 ltaliae
1692 4092 1883 4171 aliarumque

1142 4191 1281 4268 Europae
1308 4189 1472 4264 regionum
1499 4186 1703 4248 corrventibus
1725 4186 1881 4262 religioso·

1141 4299 1212 4346 rum
1234 4297 1384 4345 numerus
1405 4280 1550 4359 frequens
1571 4280 1621 4354 sit,
1638 4282 1772 4358 adeoque
1788 4280 1882 4342 dividi

1141 4393 1203 4438 non
1219 4377 1323 4453 possit,
1341 4382 1374 4437 ut
1389 4383 1419 4436 et
1434 4376 1586 4436 dictorum
1600 4373 1882 4436 convalescentium

1141 4469 1373 4532 necessitatibus
1394 4475 1425 4530 et
1447 4467 1622 4529 memoratis
1638 4467 1882 4546 processionibus

1140 4563 1319 4626 comitandis
1347 4562 1489 4636 sufficiat)
1515 4562 1584 4622 alieti
1615 4567 1805 4637 exponentes
1830 4579 1882 4640 op-

1141 4666 1273 4736 portune
1300 4657 1332 4716 in
1364 4653 1536 4732 praemissis
1563 4671 1579 4714 a
1608 4653 1695 4714 notris
1726 4653 1881 4732 praevideri

1141 4759 1171 4812 et
1193 4759 1227 4812 ut
1253 4749 1331 4811 inira
1359 4748 1514 4824 indulgeri
1541 4763 1740 4826 summopere
1767 4747 1883 4809 deside-

1140 4851 1222 4906 reni.

1181 4937 1251 5012 52.
1279 4935 1340 4998 Nos
1362 4936 1469 5014 igitur,
1498 4935 1633 5014 ipsorum
1659 4936 1881 5014 exponentium
1982 4953 2113 5016 concesso

1140 5032 1219 5092 votis
1233 5032 1288 5092 hac
1308 5031 1340 5092 in
1354 5047 1399 5104 re,
1419 5036 1571 5108 quantum
1586 5044 1656 5090 cum
1672 5030 1803 5090 Domino
1817 5045 1883 5106 pos·
1902 5011 2113 5119 ffiffilssffffmffmff

1140 5141 1260 5196 sumus,
1276 5123 1481 5184 favorabiliter
1502 5138 1640 5184 annuere
1662 5122 1811 5195 volentes,
1834 5113 2068 5182 (111-1111011115·

1141 5231 1273 5294 rumque
1303 5216 1474 5292 singulares
1505 5233 1648 5294 personas
1680 5234 1696 5276 a
1724 5215 1883 5293 quibusvis

1140 5310 1478 5382 excommunicationis,
1503 5309 1711 5387 suspensionis
1733 5317 1763 5370 et
1788 5307 1883 5369 inter·

1139 5401 1223 5476 dieti,
1246 5401 1374 5479 aliisque
1395 5402 1603 5464 ecclesiasticis
1624 5402 1795 5478 sententiis
1813 5418 1884 5464 een-

1139 5493 1219 5554 suris
1240 5502 1271 5556 et
1291 5495 1411 5572 poenis,
1427 5513 1443 5556 a
1459 5495 1526 5557 iure
1542 5495 1590 5556 vel
1605 5495 1641 5556 ab
1656 5495 1792 5569 homine,
1810 5511 1884 5574 qua·

1141 5589 1185 5648 vis
1207 5589 1363 5650 occasione
1383 5588 1433 5650 vel
1448 5589 1534 5651 causi
1550 5589 1628 5662 latis,
1644 5589 1669 5649 si
1684 5589 1795 5666 quibus
1810 5605 1883 5667 quo-

386 5794 415 5848 (t)
433 5795 468 5837 Ex
481 5795 584 5847 Regest.
601 5791 628 5836 in
643 5791 717 5836 Arch.
729 5794 799 5835 Brev.
816 5790 1025 5844 constitutiones,
1036 5789 1085 5846 pri·
1110 5797 1114 5875 p
1140 5793 1165 5835 et
1180 5789 1206 5836 111
1222 5791 1299 5836 huius
1314 5791 1445 5836 pontilicis
1459 5795 1539 5836 const.
1552 5791 1589 5835 ed.
1602 5791 1881 5846 arnccv11.,diexxvnr.

345 5859 438 5916 vilegia
458 5865 485 5904 et
505 5857 683 5914 indulgentiae
705 5857 1036 5912 nulus,corin-aternitatis,
1058 5856 1084 5901 in
1139 5857 1205 5912 iulii,
1221 5862 1289 5914 prurit.
1305 5870 1360 5913 vn.,
1376 5857 1458 5902 eidem
1473 5859 1650 5902 correeduntnr
1665 5857 1802 5914 privilegia
1818 5861 1884 5903 hiena

347 5925 577 5982 ‹torrgregationenr
599 5927 708 5978 erectae,
729 5927 819 5969 extant
839 5923 865 5967 in
888 5921 1029 5968 innocentii
1043 5927 1082 5968 xt.

1140 5923 1283 5970 dicentium
1299 5929 1324 5972 et
1341 5923 1546 5976 ministrantium
1562 5923 1683 5974 tultrruis.

346 5997 425 6046 const.
442 5995 479 6039 ed.
496 6003 678 6049 arncnxxxvn„
693 5992 733 6038 die
747 6003 819 6038 xxvi.
836 5991 932 6048 martii,
947 5995 1016 6048 pont.
1030 6003 1084 6046 x11.;
1184 6011 1186 6017 v
1212 6037 1214 6044 ,
