4880 6982
346 524 399 580 An.
414 525 444 580 C.
466 523 534 577 1710
583 527 641 592 276

697 728 867 798 Venerabili
895 731 983 800 tratri
1006 731 1174 802 alexandro

590 823 682 892 totino
706 825 835 894 nationis
858 827 1050 896 brnonorurn
1074 829 1279 912 Patriarchae,

763 987 949 1056 clemens
978 989 1037 1060 ΡΡ.
1060 991 1106 1059 xi.

779 1138 966 1208 Venerabilis
988 1141 1095 1222 trater,

597 1235 724 1304 salutern
746 1238 778 1302 et
799 1234 995 1318 apostolicam
1022 1236 1271 1306 benedictionem.

604 1426 712 1504 hlagnd
733 1425 858 1490 caritate
886 1424 1076 1504 perlegimus
1106 1427 1308 1491 fraternitatis

558 1529 634 1584 tuae
664 1519 781 1594 literas,
804 1519 837 1581 in
865 1519 976 1598 quibus
1007 1527 1130 1599 praeter
1161 1520 1308 1584 disertam

562 1634 596 1680 ac
617 1615 781 1678 officiosam
801 1620 873 1686 tuae
896 1613 928 1676 in
950 1629 1005 1676 nos
1027 1613 1196 1677 voluntatis
1210 1615 1307 1694 expli-

562 1709 728 1783 cationem,
760 1708 864 1769 visum
893 1714 940 1769 est
970 1707 1059 1770 nobis
1089 1707 1214 1771 elucere
1235 1725 1308 1772 cum

564 1803 712 1882 peculiari
734 1807 788 1864 tuo
808 1801 913 1864 studio
933 1815 1006 1878 erga
1028 1802 1229 1864 christianam
1250 1803 1327 1876 lter

564 1897 716 1974 ligionem
750 1893 901 1958 laudabile
932 1893 1086 1974 quoddam
1117 1897 1309 1975 propositum

563 1989 745 2054 scrutandae
766 2005 799 2051 ac
820 1987 1025 2066 inquirendae
1047 1988 1187 2052 veritatis
1208 2006 1246 2052 ex
1263 2007 1309 2051 sa-

563 2084 624 2146 cris
652 2082 818 2162 Scripturis
839 2089 871 2144 et
891 2082 1017 2144 Patrum
1048 2083 1246 2160 testimoniis,
1269 2099 1309 2146 ex

563 2178 675 2256 quibus
695 2183 780 2238 cerie
801 2173 949 2250 lontibus,
972 2175 997 2236 si
1018 2174 1109 2236 modo
1135 2175 1309 2256 incorrupti

562 2271 637 2347 sint,
660 2271 730 2334 elici
751 2286 786 2331 ea
807 2269 942 2332 maxime
969 2275 1080 2348 potest.
1103 2268 1233 2332 Gratum
1254 2269 1310 2332 ita-

564 2383 626 2446 que
646 2365 810 2429 habuimus
831 2365 888 2426 hoc
909 2377 972 2426 non
994 2363 1123 2440 vulgare
1150 2364 1307 2442 specimen

563 2466 635 2522 tuae
655 2460 752 2522 bonae
768 2457 894 2532 mentis,
910 2465 942 2520 et
956 2457 1027 2536 quia
1041 2465 1236 2536 compertum
1253 2473 1308 2519 no·

563 2552 609 2614 bis
630 2559 677 2615 εει
697 2568 758 2632 qno
789 2551 917 2614 iocosis
938 2557 969 2612 et
990 2557 1106 2629 quanto
1133 2550 1165 2612 in
1187 2553 1308 2612 honore

563 2645 701 2708 habearis
721 2646 800 2724 apud
822 2643 971 2723 inclytam
985 2647 1196 2706 hrmenornm
1210 2643 1308 2706 natio-

564 2755 651 2816 nem,
674 2739 814 2816 llagravit
835 2753 889 2801 cor
910 2745 1053 2800 nostrum
1081 2735 1236 2800 desiderio
1257 2737 1309 2800 de-

563 2833 706 2898 merendi
727 2832 870 2896 animum
885 2839 986 2907 tuum,
1003 2831 1117 2894 adiecta
1133 2831 1227 2892 etiam
1241 2847 1306 2910 spe,

563 2927 644 3008 quod
667 2935 712 3002 tu,
735 2925 890 3006 explorata
911 2926 1039 2988 demum
1054 2923 1198 2998 veritate,
1214 2925 1309 3003 parti-

563 3037 634 3102 ceps
655 3020 780 3083 iuturus
809 3018 1013 3082 solicitudinis
1041 3025 1163 3080 nostrae
1185 3017 1217 3078 in
1239 3033 1308 3096 pro-

564 3113 717 3179 movenda
737 3114 862 3177 aeterna
884 3119 1011 3175 tuorum
1040 3111 1150 3186 salute,
1173 3119 1205 3174 et
1226 3113 1307 3190 quod

564 3217 727 3273 curaturus
746 3207 788 3269 sis
808 3206 963 3270 deducere
995 3221 1080 3280 oves,
1109 3220 1187 3283 quae
1210 3213 1240 3267 te
1261 3221 1308 3267 se·

563 3309 716 3383 quuntur,
739 3303 775 3365 ad
797 3300 912 3364 Christi
933 3299 1016 3361 ovile
1038 3314 1093 3378 per
1109 3305 1207 3361 tutam
1222 3297 1307 3360 illam

563 3396 716 3472 semitam,
739 3402 828 3457 entra
848 3409 941 3472 quam
962 3392 1017 3472 qui
1039 3392 1155 3455 incedit
1183 3407 1308 3471 prorsus

563 3489 696 3563 aberrat,
719 3496 874 3566 quatenus
893 3487 974 3565 ipsae
996 3491 1102 3548 tecum
1123 3501 1179 3564 per
1200 3501 1329 3549 veram,

563 3583 658 3646 iidem
688 3582 725 3644 ad
756 3581 893 3645 divinam
926 3581 1068 3657 gratiam,
1098 3588 1130 3643 ot
1151 3581 1307 3658 perhanc

563 3678 600 3740 ad
620 3690 796 3756 perennem
817 3675 849 3736 in
877 3673 968 3737 caelis
1000 3673 1131 3750 gloriam
1161 3689 1309 3736 conscen-

563 3769 647 3833 dant.
671 3769 751 3832 illud
772 3768 866 3829 etiam
887 3765 1061 3830 iucundum
1083 3767 1172 3830 nobis
1194 3766 1252 3830 tuit
1268 3783 1308 3829 ex

563 3862 679 3926 eisdem
700 3862 761 3924 tuis
783 3861 882 3924 literis
897 3860 1086 3939 intelligere,
1102 3861 1184 3939 quod
1198 3877 1306 3940 supro-

562 3973 645 4018 mam
666 3958 746 4020 hanc
767 3955 798 4020 S.
822 3955 906 4017 Petri
925 3955 1144 4033 Apostolorum
1159 3953 1307 4034 Principis

562 4051 746 4114 cathedram
774 4047 958 4123 reverearis,
986 4045 1129 4127 exemplo
1156 4047 1305 4126 praeclari

562 4145 716 4210 Antistitis
736 4141 938 4206 antecessoris
960 4141 1007 4204 tui
1028 4141 1091 4206 divi
1112 4141 1254 4219 Gregorii
1269 4141 1307 4204 ll·

563 4239 769 4314 luminatoris,
792 4251 888 4317 quem
919 4243 1035 4311 tamen,
1058 4235 1083 4296 si
1105 4251 1180 4298 vere
1202 4251 1308 4300 aernu-

562 4333 618 4396 lari
640 4333 737 4412 cupis,
765 4330 1027 4411 quemadmodum
1050 4335 1080 4392 te
1107 4345 1221 4409 cupere
1243 4345 1308 4392 cre-

562 4427 675 4502 dimus,
698 4432 875 4506 oporteant
897 4424 981 4486 illam
1008 4424 1105 4502 ipsam
1126 4423 1306 4488 catholicam

563 4520 658 4582 tidem
679 4519 817 4599 recipias,
841 4533 933 4596 quam
954 4523 1041 4578 tenet
1057 4517 1088 4580 S.
1105 4516 1140 4578 lt.
1158 4515 1305 4592 Ecclesia,

563 4615 705 4676 omnium
726 4629 782 4692 per
803 4611 990 4674 universum
1020 4611 1128 4674 orbem
1159 4609 1308 4673 Ecclesia-

563 4723 635 4770 rum
655 4723 729 4770 vera
744 4714 774 4770 et
789 4707 879 4769 unica
894 4711 992 4766 mator
1007 4721 1040 4766 ac
1054 4704 1211 4781 magistra.
1228 4702 1307 4765 Nam

562 4803 620 4865 etsi
641 4802 709 4876 ista,
724 4816 802 4879 quae
818 4799 872 4862 tihi
887 4805 1034 4877 tanquam
1048 4797 1240 4860 Patriarchde
1254 4797 1306 4859 ob·

562 4895 716 4974 sequitur,
733 4897 941 4955 armenorum
961 4891 1044 4954 natio
1059 4889 1257 4954 christianam
1272 4890 1306 4951 sr-

562 4991 634 5052 dem
655 4987 837 5066 profiteatur
858 4991 889 5048 et
910 4985 1051 5048 eiusdem
1073 4984 1144 5047 iidei
1161 4984 1306 5061 pleraque

562 5081 709 5161 mysteria
730 5087 884 5157 agnoscat,
900 5094 1071 5156 veramque
1085 5077 1259 5140 doctrinam
1273 5077 1306 5138 in

562 5175 702 5256 pluribus
723 5174 862 5253 recipiat,
885 5173 922 5235 ab
942 5171 993 5234 illi
1015 5178 1121 5233 tamen
1139 5171 1260 5247 integra
1276 5180 1306 5234 et

562 5269 676 5332 illibata
697 5269 769 5332 fidei
796 5267 914 5346 regula,
936 5281 1029 5346 quam
1058 5267 1094 5328 ab
1116 5265 1181 5344 ipso
1203 5264 1306 5328 Eccle-

561 5366 623 5428 siae
638 5364 791 5427 nascentis
806 5362 931 5426 exordio
947 5361 1000 5426 SS.
1010 5361 1113 5424 Patres
1127 5368 1220 5440 atque
1232 5361 1307 5424 Doc-

563 5619 636 5665 mula
643 5617 761 5676 Gregorii
768 5621 832 5665 Xlli.
842 5629 888 5677 pro
898 5618 1007 5665 Graccis.
1019 5620 1146 5676 Regulam
1157 5619 1218 5664 dldei
1228 5629 1306 5676 qnam

563 5691 586 5732 s.
603 5691 627 5732 P.
644 5687 768 5732 silvester
788 5685 919 5733 commisit
939 5690 962 5732 s.
978 5686 1102 5742 Gregorio
1121 5685 1305 5742 illuminatori,

563 5753 603 5798 uti
617 5753 712 5798 dicitnr
726 5753 753 5798 in
774 5754 813 5798 lit.
829 5765 869 5812 ap.
891 5752 1034 5800 innocentii
1050 5756 1101 5798 llll.
1127 5758 1237 5803 Granccr,
1255 5765 1306 5799 nou

562 5819 718 5864 invenimus.
734 5819 789 5865 Etsi
804 5821 835 5865 de
850 5821 907 5866 eius
925 5819 1064 5866 existentia
1083 5819 1257 5866 diversimode
1272 5821 1306 5864 lo·

563 5889 680 5944 quantur
694 5889 822 5942 auctores,
837 5889 934 5943 tannen,
949 5887 980 5944 si,
997 5887 1091 5932 maiori
1105 5886 1305 5943 investigatione

1088 552 1152 596 tvm.
1175 553 1267 598 PON'l‘.
1290 553 1330 598 DE
1352 553 1380 598 P.
1404 553 1433 600 1³.
1458 555 1539 602 PARS
1561 556 1582 600 l.

1362 680 1444 736 tores
1466 676 1601 738 tirmiter
1622 684 1805 754 tenuerunt,
1828 679 1912 760 lapsu
1928 686 2106 760 temporum

1361 770 1478 831 sensim
1499 769 1636 847 delicuit,
1658 778 1690 834 et
1711 773 1745 834 in
1765 773 1950 852 quibusdam
1970 775 2106 840 articulis

1361 863 1505 926 dissensit
1525 871 1556 928 et
1576 871 1646 928 actu
1666 865 1757 928 modo
1772 867 1925 945 dissentit,
1942 870 2023 948 quod
2037 871 2105 934 sine

1362 973 1486 1021 summo
1506 959 1603 1021 animi
1625 960 1725 1022 nostri
1742 959 1848 1023 dolore
1863 977 2107 1028 commemorare

1362 1066 1426 1113 non
1460 1066 1623 1130 possumus
1654 1052 1693 1114 ob
1726 1053 1898 1118 marimum
1932 1056 2107 1122 animarum

1364 1143 1478 1208 Christi
1499 1146 1651 1222 sanguine
1682 1145 1916 1226 redemptarum
1936 1151 2107 1214 detrimen-

1364 1244 1443 1312 tum,
1466 1239 1739 1319 omnimodamque
1756 1241 1928 1318 perniciem
1942 1259 2022 1320 qnae
2036 1243 2107 1308 inde

1364 1330 1396 1394 in
1418 1329 1483 1392 dics
1504 1331 1670 1410 contingit.
1694 1333 1824 1396 Certum
1845 1341 1892 1396 cst
1913 1336 2010 1412 enim,
2026 1339 2107 1416 quod

1362 1425 1430 1488 sine
1452 1429 1524 1488 vera
1545 1444 1579 1492 ac
1599 1429 1675 1508 pura
1696 1429 1755 1492 lide
1776 1430 1964 1510 impossibile
1983 1441 2032 1495 est
2046 1433 2107 1511 pla-

1362 1535 1432 1582 cere
1452 1519 1531 1582 Deo:
1555 1537 1619 1584 non
1641 1529 1687 1584 est
1707 1529 1812 1585 autem
1834 1540 1907 1587 vera
1928 1541 1962 1588 ac
1982 1542 2058 1605 pura
2072 1527 2107 1588 h-

1363 1611 1416 1674 des
1437 1628 1516 1692 quae
1536 1630 1574 1676 ex
1595 1616 1693 1696 aliqui
1716 1625 1801 1697 parte
1823 1617 2015 1694 contradicit,
2035 1635 2108 1683 cum

1362 1705 1585 1784 scriptumst,
1608 1711 1690 1789 quod
1710 1711 1764 1788 qni
1785 1712 1818 1774 in
1847 1729 1910 1775 uno
1932 1713 2106 1791 offenderit,

1363 1797 1459 1861 lactus
1481 1807 1526 1862 est
1557 1803 1700 1866 omnium
1724 1821 1808 1867 reus.
1835 1805 1868 1870 Si
1891 1805 1994 1886 itaque
2015 1809 2106 1886 Deus,

1364 1894 1477 1955 nostris
1498 1902 1530 1957 et
1550 1895 1689 1958 bdelium
1712 1899 1853 1976 precibus
1873 1907 2029 1976 exoratus,
2044 1907 2108 1964 tam

1363 1986 1605 2051 misericorditer
1624 1995 1729 2052 tecum
1750 1991 1861 2068 egerit,
1878 1999 1913 2055 nt
1927 1994 2106 2072 constituas,

1363 2079 1493 2160 abrupto
1513 2079 1671 2146 divisionis
1693 2085 1815 2165 laqueo,
1830 2088 2023 2151 conformare
2044 2106 2109 2152 om·

1364 2172 1439 2236 nino
1461 2175 1594 2254 teipsum
1626 2184 1756 2257 tuosque
1777 2179 1809 2241 in
1831 2179 1917 2244 cultu
1940 2180 2012 2243 tidei
2035 2183 2108 2246 huic

1364 2265 1395 2330 S.
1419 2266 1454 2328 it.
1478 2267 1643 2346 Ecclesiae,
1664 2287 1709 2346 ac,
1742 2272 1781 2334 ita
1803 2279 1838 2335 ut
1860 2281 1991 2354 oportet,
2014 2291 2109 2354 agno·

1363 2377 1448 2424 scere
1470 2361 1567 2441 Caput
1588 2372 1618 2428 et
1639 2373 1792 2444 pastorem
1813 2367 2022 2432 universalem
2043 2385 2107 2431 om-

1364 2455 1487 2519 mnium
1513 2457 1662 2534 fidelium,
1686 2458 1860 2524 Romanum
1890 2461 2006 2525 scilicet
2030 2463 2108 2526 Pon-

1365 2547 1479 2610 tificem
1510 2549 1625 2614 Christi
1656 2551 1814 2618 vicarium
1841 2571 1874 2618 ac
1899 2571 2107 2619 successorem

1364 2639 1396 2704 S.
1413 2641 1507 2718 Petri,
1529 2643 1579 2706 cui
1594 2644 1712 2708 dictum
1726 2645 1800 2709 luit:
1821 2663 1911 2726 pasce
1927 2665 1994 2710 occo
2009 2665 2106 2722 meos,

1364 2749 1430 2810 nos,
1453 2737 1565 2814 magna
1586 2737 1618 2800 in
1640 2739 1770 2802 Domino
1792 2740 1906 2804 laetitia
1927 2742 2055 2821 pertusi,
2078 2749 2109 2804 te

1362 2833 1395 2888 et
1415 2843 1466 2889 eos
1487 2844 1597 2892 omnes
1623 2830 1677 2908 qui
1702 2839 1806 2894 tecum
1827 2833 1867 2894 ita
1887 2833 2035 2909 sentient,
2058 2851 2107 2912 pa-

1364 2927 1454 2983 terno
1475 2923 1565 2985 corde
1587 2924 1841 3002 complectemur.
1866 2927 1906 2990 Ut
1926 2935 2031 2990 autern
2052 2929 2108 2990 tibi

1363 3023 1465 3092 pateat
1495 3017 1555 3091 via,
1583 3033 1654 3096 qua,
1677 3018 1881 3082 benedicente
1912 3020 2054 3096 Domino,
2077 3021 2108 3084 id

1363 3110 1491 3172 demum
1521 3112 1670 3191 perlicere
1702 3113 1810 3190 possis,
1836 3111 2035 3190 adiungimus
2062 3115 2108 3176 his

1364 3205 1479 3268 nostris
1500 3204 1668 3269 termulam
1690 3207 1769 3286 typis
1790 3207 1983 3286 impressam,
2000 3207 2032 3270 in
2048 3223 2108 3286 qna

1362 3305 1484 3362 sancme
1504 3316 1539 3362 ac
1559 3299 1725 3362 catholicae
1755 3300 1826 3363 lidei
1857 3301 1980 3364 articuli
2012 3303 2109 3365 conti-

1364 3400 1497 3469 nentur,
1529 3409 1608 3472 quae
1639 3409 1702 3456 non
1734 3393 1792 3456 alia
1821 3401 1868 3456 est
1895 3394 1933 3456 ab
1960 3395 1993 3458 ed
2015 3409 2108 3474 quarn

1364 3486 1394 3549 S.
1423 3487 1533 3548 Petrus
1559 3493 1589 3548 et
1616 3486 1753 3565 hpostoli
1783 3486 1973 3563 docuerunt,
1998 3497 2028 3551 et
2049 3489 2108 3552 lto-

1363 3595 1454 3642 mana
1486 3578 1620 3641 Ecclesia
1646 3579 1788 3642 fidelibus
1816 3581 1961 3643 omnibus
1982 3597 2109 3644 servan-

1362 3670 1434 3734 dam
1455 3687 1553 3752 usque
1575 3673 1613 3734 ab
1634 3671 1724 3735 initio
1749 3675 1918 3753 proposuit.
1942 3675 2108 3738 Hortamur

1363 3775 1470 3830 autem
1492 3777 1521 3830 te
1543 3775 1573 3830 et
1593 3783 1715 3831 summa
1746 3769 1873 3831 caritate
1905 3769 2106 3844 obtestamur,

1363 3869 1409 3937 ut,
1430 3862 1456 3923 si
1479 3868 1565 3924 tuam
1596 3871 1787 3940 tuorumque
1818 3861 1951 3924 salutem
1972 3877 2053 3924 amas
2073 3879 2108 3924 nc

1361 3955 1442 4020 serio
1463 3957 1595 4036 qnaeris,
1619 3971 1659 4019 nc
1680 3955 1834 4019 cuncteris
1858 3963 1942 4017 tuam
1956 3955 2107 4036 subscrip·

1362 4053 1497 4127 tionem,
1531 4067 1594 4115 non
1626 4059 1689 4114 tam
1720 4051 1847 4130 quidem
1878 4053 1993 4115 calamo
2014 4069 2107 4132 quam

1362 4146 1452 4208 corde
1466 4153 1634 4222 exaratam,
1650 4144 1722 4207 huic
1736 4144 1887 4208 formulae
1901 4145 2044 4223 adiicere,
2060 4153 2107 4210 ut·

1361 4257 1423 4320 que
1444 4241 1585 4302 camdem
1601 4240 1644 4302 sic
1657 4239 1868 4316 subsignatam
1883 4237 1919 4300 ad
1934 4255 1990 4302 nos
2003 4240 2108 4302 statim

1362 4333 1512 4408 remittas,
1535 4339 1629 4413 atque
1649 4339 1685 4395 ut
1706 4331 1848 4411 deinceps
1867 4333 2008 4395 veritatis
2024 4333 2057 4395 in
2072 4335 2107 4396 ea

1361 4433 1524 4488 contentae
1546 4441 1666 4503 praeco,
1688 4441 1721 4488 ac
1742 4427 1890 4504 magister
1907 4425 2027 4505 populis
2042 4426 2107 4487 istis

1361 4533 1426 4580 esse
1448 4518 1539 4580 velis:
1564 4533 1625 4597 quo
1644 4519 1676 4579 in
1690 4517 1793 4581 studio
1808 4534 1932 4598 operam
1949 4519 2003 4582 tibi
2018 4535 2107 4582 suam
2162 4509 2163 4512 '

1362 4610 1497 4674 libenter
1517 4611 1687 4688 adiungent
1709 4611 1905 4688 missionarii,
1928 4612 2107 4692 etquidem

1360 4705 1395 4767 ei
1416 4721 1476 4785 qua
1505 4722 1560 4786 par
1580 4713 1626 4768 est
1657 4705 1834 4768 humilitate
1865 4707 2014 4786 omnique
2035 4721 2107 4784 erga

1362 4805 1393 4860 ιε
1413 4799 1604 4876 reverentid3
1632 4807 1827 4878 compertum
1849 4808 1894 4862 est
1915 4801 2001 4862 enim
2023 4800 2105 4879 ipsis,

1361 4893 1459 4972 optari
1480 4893 1610 4968 anobis,
1627 4901 1662 4955 nt
1677 4893 1842 4958 catholicae
1856 4893 2027 4970 Religionis
2043 4894 2107 4957 cul-

1345 4993 1410 5052 tus
1431 4987 1465 5049 iu
1487 4987 1552 5050 istis
1572 4987 1711 5066 partibus
1742 4986 1828 5050 nulla
1855 4995 1927 5050 tuae
1947 4986 2107 5065 dignitatis

1361 5081 1585 5144 imminutione
1612 5089 1773 5158 augeatur.
1795 5081 1941 5144 Ceterum
1963 5088 2051 5158 grato
2072 5081 2108 5143 li-

1361 5175 1510 5254 bentique
1541 5174 1644 5236 animo
1675 5172 1850 5236 audivimus
1871 5191 1887 5234 a
1908 5173 2020 5236 dilecto
2043 5173 2106 5236 silio

1360 5269 1506 5346 religioso
1528 5267 1596 5330 viro
1619 5267 1724 5330 lacobo
1747 5266 1843 5330 Villot
1864 5267 2048 5330 eSocietate
2062 5267 2107 5330 le-

1361 5377 1409 5435 su,
1431 5359 1485 5439 qui
1506 5375 1578 5423 cum
1599 5367 1720 5423 oratore
1743 5359 1997 5434 Christianissimi
2015 5359 2107 5437 Regis

1362 5618 1481 5664 adtribita
1495 5618 1667 5670 invenientem,
1678 5617 1762 5674 ipsam
1773 5615 1866 5661 lectori
1876 5615 1903 5660 in
1914 5615 2055 5672 appendice
2066 5626 2107 5672 pa-

1362 5685 1428 5730 riter
1442 5685 1583 5730 trademus.

1403 5753 1589 5810 compendium
1604 5763 1666 5797 vero
1681 5751 1741 5796 lidei
1755 5751 1823 5808 quod
1838 5753 1862 5795 s.
1876 5753 1901 5794 P.
1918 5749 2050 5806 augendus
2065 5754 2104 5796 lv.

1361 5819 1482 5865 tradebat
1496 5819 1616 5864 Armenis
1638 5831 1686 5864 sua
1700 5818 1790 5863 concil.
1806 5819 1887 5862 const.
1904 5819 2028 5862 Enrrttate
2042 5821 2102 5866 Deo,

1360 5885 1477 5942 iuferius,
1492 5897 1539 5932 suo
1560 5885 1624 5942 loco,
1639 5887 1666 5930 in
1682 5889 1744 5930 nota
1758 5885 1791 5930 ad
1812 5885 1851 5930 lit.
1871 5883 2029 5940 erroyclicam
2047 5887 2106 5930 bec

1361 5953 1401 5998 nis
1415 5955 1478 5999 ltili.
1495 5957 1614 5998 Paterna
1627 5957 1726 5998 cardias
1740 5952 1816 6008 leget.
