4848 6990
321 569 509 637 111111
562 571 619 653 111

539 730 614 792 dere
624 725 776 808 praelecto
792 725 941 806 generali,
953 729 1004 793 sed
1020 730 1064 809 (1)
1079 745 1114 794 eo
1125 730 1283 808 defuncto,

539 823 664 898 vicarie,
687 829 722 884 ut
747 824 808 886 una
830 839 897 886 com
925 825 1137 889 assistentibus
1168 828 1286 892 resolu-

538 917 658 980 tionem
689 925 802 980 statuat
828 917 885 980 sibi
910 918 1104 997 benevisam;
1134 937 1206 984 cunr
1226 924 1284 984 hoc

539 1017 642 1072 umen
657 1009 750 1088 quod,
765 1011 790 1071 si
805 1010 964 1088 contingat
979 1013 1080 1090 ipsum
1095 1015 1284 1092 praefectum

539 1103 716 1179 generalem
745 1113 814 1166 actu
836 1119 954 1166 moram
984 1106 1106 1170 trahere
1127 1107 1158 1169 in
1180 1108 1283 1186 aliquo

537 1212 577 1258 ex
598 1195 716 1259 duobus
737 1196 940 1276 hospitalibus
953 1216 1008 1262 seu
1023 1201 1164 1263 domibus
1178 1201 1285 1264 Limae

537 1289 587 1351 vel
608 1289 733 1365 hienrici,
762 1291 918 1370 consopita
944 1293 1073 1356 interim
1098 1302 1284 1357 censeantur

538 1383 638 1446 omnis
659 1383 830 1447 iurisdictio
851 1391 881 1447 et
902 1393 1034 1464 potestas
1051 1387 1135 1449 illius
1156 1387 1284 1466 praefati

537 1477 708 1553 substituti,
724 1486 755 1541 et
770 1487 900 1555 exurgat
916 1483 1130 1544 tantummodo
1152 1489 1218 1561 post
1233 1485 1285 1545 de-

538 1586 658 1634 cessum
686 1572 781 1650 ipsius
811 1574 957 1652 praefecti
989 1576 1141 1652 generalis
1169 1575 1206 1638 ab
1233 1576 1284 1639 illd

537 1661 639 1726 domo.
663 1666 706 1728 hc
727 1667 831 1742 etiam,
848 1667 961 1744 magna
981 1668 1120 1732 locorum
1142 1670 1284 1731 distantia

537 1756 741 1834 considerata,
764 1760 910 1838 quoniam
931 1761 956 1821 si
976 1759 1166 1839 praefectum
1191 1779 1284 1839 gene·

537 1851 635 1913 nalem
645 1853 725 1914 mori
736 1854 932 1931 contingeret
947 1855 979 1916 in
994 1854 1054 1916 alio
1068 1871 1177 1933 regno,
1190 1871 1283 1936 quam

538 1959 590 2016 eo,
620 1944 673 2008 ubi
695 1943 800 2007 futura
828 1945 936 2008 electio
962 1947 1112 2010 celebrari
1142 1947 1282 2024 debebit,

538 2037 727 2115 impossibiie
756 2039 822 2101 fere
843 2047 940 2115 esset,
963 2049 998 2104 ut
1020 2042 1207 2117 assistentes,
1230 2043 1283 2120 qui

538 2131 660 2194 futurae
681 2132 842 2196 electionis
852 2143 926 2196 sunt
947 2152 1016 2214 pars
1036 2136 1208 2214 praecipua,
1231 2151 1283 2213 op·

537 2233 671 2306 portuno
687 2234 824 2307 tempore
845 2231 1039 2308 reperiantur
1054 2230 1087 2291 in
1108 2231 1200 2292 domo
1215 2229 1283 2290 talis

537 2319 711 2397 electionis3
734 2322 807 2385 hinc
822 2323 963 2401 estquod
984 2325 1142 2398 statuitur,
1159 2329 1205 2398 ut,
1222 2322 1283 2384 nisi

538 2410 595 2474 alia
615 2413 778 2477 necessitas
799 2423 852 2478 aut
872 2416 950 2477 ratio
975 2423 1098 2478 moveat
1118 2415 1282 2478 arbitrium

537 2507 681 2584 praefecti
712 2509 864 2584 generalis
894 2511 930 2572 ad
962 2510 1034 2572 alibi
1062 2508 1280 2583 residendum,

538 2599 620 2662 idem
650 2601 822 2679 praefectus
843 2603 996 2679 generalis
1017 2618 1089 2666 cum
1115 2603 1283 2664 assistenti-

537 2693 594 2756 bus
615 2693 652 2755 de
675 2709 757 2756 novo
786 2695 921 2772 electus,
944 2696 969 2758 si
996 2697 1105 2758 electio
1132 2696 1282 2758 celebrata

537 2787 632 2850 fuerit
653 2788 686 2850 in
707 2787 793 2850 Nova
818 2789 977 2868 Hispania,
1001 2790 1046 2852 ire
1067 2789 1157 2853 debet
1177 2790 1213 2852 ad
1235 2805 1282 2851 re-

536 2879 701 2944 sidendum
722 2881 754 2944 in
776 2881 918 2957 Peruvia,
937 2890 967 2944 et
988 2883 1060 2944 itae
1082 2891 1188 2945 contra
1208 2883 1281 2944 siin

537 2973 669 3036 Peruvla
695 2975 812 3038 electus
839 2975 951 3051 fuerit,
974 2975 1010 3037 ad
1031 2975 1151 3038 Novam
1178 2977 1282 3054 Hispa-

536 3069 620 3130 niam
641 3069 749 3131 venice
762 3069 880 3131 debeat.

576 3161 656 3225 «10.
673 3161 713 3225 Et
727 3163 809 3241 quia,
825 3163 888 3225 vita
902 3163 1008 3227 functo
1023 3164 1174 3244 praefecto
1189 3179 1284 3242 gene-

536 3257 604 3333 rali,
617 3271 743 3318 necesse
764 3265 811 3318 est
831 3258 935 3319 adesse
955 3258 1148 3336 superiorem
1169 3275 1282 3338 usque-

535 3366 597 3428 quo
618 3349 803 3412 deveniatur
816 3350 850 3411 ad
867 3367 981 3412 novam
1003 3351 1198 3426 electionem,
1222 3353 1281 3414 dis-

534 3445 664 3523 ponitur
684 3443 764 3523 quod
786 3443 870 3523 prior
891 3451 967 3507 tunc
982 3445 1129 3523 temporis
1146 3446 1281 3508 existens

534 3545 708 3599 conventus
722 3553 778 3599 seu
793 3535 903 3600 domus
925 3537 1107 3600 Bethlehem
1128 3539 1282 3601 Guatima-

535 3631 592 3706 lae,
625 3630 773 3709 quoniam
803 3629 867 3708 ipsa
898 3631 1007 3694 domus
1034 3638 1080 3692 est
1111 3633 1224 3693 matrix
1249 3641 1280 3695 et

533 3731 621 3808 origo
642 3738 765 3792 nostrae
784 3727 948 3804 societatis,
964 3737 1098 3790 assumat
1119 3745 1235 3792 nomen
1250 3737 1280 3792 et

533 3823 616 3886 vices
637 3823 741 3885 vicarii
764 3821 927 3898 generalis.

574 3916 652 3978 «11.
676 3915 850 3977 Praedictus
872 3921 976 3977 autem
992 3917 1123 3980 vicarius
1137 3919 1278 3995 regimen

533 4011 655 4075 debebit
682 4009 810 4084 habere,
838 4017 868 4071 et
896 4010 1036 4072 eamdem
1064 4014 1278 4074 auctoritatem

533 4113 564 4165 et
585 4110 780 4182 potestatem,
803 4118 895 4180 quam
917 4104 1088 4180 praefectus
1114 4105 1277 4182 generalis,

533 4205 747 4276 praeterquam
769 4195 849 4273 quod
872 4196 904 4256 in
930 4199 1189 4260 concernentibus
1211 4214 1278 4260 mii-

534 4292 683 4354 tationem
699 4291 873 4367 regiminis,
889 4307 921 4352 ac
936 4291 1151 4354 remissionem
1166 4309 1219 4353 seu
1236 4291 1279 4354 di·

534 4385 713 4447 missionem
734 4382 960 4462 praefectorum
976 4385 1191 4462 peculiarium;
1208 4386 1279 4463 quia

534 4479 608 4540 haec
628 4495 691 4540 non
714 4477 803 4539 debet
830 4493 927 4555 posse,
951 4478 1078 4540 interim
1104 4479 1178 4540 dum
1201 4479 1279 4540 vica-

534 4571 630 4634 riatus
651 4571 821 4644 duraverit,
844 4569 951 4632 lucere.

576 4685 595 4726 «
611 4665 658 4726 te.
681 4664 765 4726 ldem
786 4663 919 4726 vicarius
934 4664 1088 4740 generalis
1102 4665 1280 4727 convocabit

536 4761 655 4824 vocales
665 4761 701 4822 ad
713 4759 895 4820 electionem
907 4757 1004 4820 futuri
1016 4758 1179 4835 generalis,
1190 4775 1279 4836 quae,

537 4863 572 4918 ut
592 4871 694 4932 supra,
713 4851 849 4914 facienda
863 4851 922 4912 erit
937 4853 1067 4914 omnino
1081 4861 1148 4932 post
1161 4869 1279 4915 annum

537 4948 739 5026 completum,
762 4946 949 5021 designando
973 4953 1118 5008 statutam
1142 4945 1224 5006 diem
1246 4948 1281 5006 ad

538 5043 622 5104 illarn
644 5040 823 5114 faciendam,
839 5040 953 5116 absque
967 5047 1115 5117 potestate
1136 5037 1221 5099 illam
1236 5039 1283 5100 ul-

539 5139 635 5201 terius
661 5134 856 5214 prorogandi.
890 5132 973 5194 Etsi
1000 5141 1067 5209 post
1093 5131 1280 5210 cornpletum

539 5231 715 5294 huiusmodi
739 5239 859 5306 ternpus
874 5227 962 5289 causa
977 5227 1165 5288 infirmitatis
1179 5225 1284 5286 defue-

538 5327 579 5388 rit
600 5323 709 5401 aliquis
723 5339 761 5383 eu
776 5319 941 5394 vocalibus,
957 5329 1010 5381 aut
1031 5327 1204 5397 opportune
1219 5335 1281 5380 non

539 5418 710 5491 advenerit,
734 5433 769 5476 eo
791 5431 860 5476 casu
883 5415 936 5474 het
957 5413 1095 5474 electioa
1114 5413 1280 5487 vocalibus,

539 5513 592 5590 qui
610 5521 685 5572 turre
700 5510 845 5587 temporis
862 5512 1038 5586 praesentes
1053 5507 1283 5584 cotaperientur

539 5607 574 5666 ad
595 5604 749 5679 suffragia.
773 5603 968 5663 hdvenicnte
990 5600 1086 5676 igitur
1106 5601 1155 5660 die
1169 5602 1282 5660 statuta

539 5699 572 5759 in
594 5697 662 5757 1111
677 5696 836 5774 capitulari
853 5695 1002 5774 incipient
1016 5694 1120 5771 peragi
1134 5694 1282 5756 scrutinia

539 5807 594 5870 pro
616 5791 758 5866 eligendo
779 5789 932 5868 praelecto
953 5787 1101 5864 generali,
1118 5797 1161 5862 et,
1177 5798 1283 5866 quate-

581 6003 610 6066 (ll
626 6005 723 6052 Forsan
737 6015 784 6049 scic
799 6013 846 6060 pro
860 6007 906 6050 scd
920 6003 1065 6062 legendum.

1061 599 1125 657 lun.
1150 599 1242 658 rods.
1265 602 1306 656 bic
1327 607 1357 656 P·
1380 600 1409 658 ii.
1434 602 1516 662 Palis
1537 603 1559 659 l.

1341 746 1399 794 nus
1420 731 1452 795 in
1474 733 1553 796 diota
1574 733 1623 796 die
1649 731 1757 798 electio
1779 745 1842 797 non
1870 731 2083 809 concludatur,

1339 829 1487 890 scrutinia
1509 829 1683 892 continuari
1708 829 1827 909 possint
1837 845 1893 908 per
1914 829 1987 891 alios
2008 831 2084 892 duos

1339 921 1402 982 dies
1422 929 1599 1000 sequentes,
1623 923 1663 985 ita
1679 931 1714 988 ut
1728 923 1893 986 electiones
1906 921 2004 1002 spatio
2018 938 2084 1001 sep-

1340 1015 1476 1091 tuaginta
1498 1016 1629 1079 duarum
1651 1017 1799 1079 horar'um
1821 1017 1859 1080 de
1873 1023 2034 1078 momento
2048 1015 2085 1076 ad

1339 1117 1564 1172 momentuma
1579 1111 1679 1188 primo
1691 1118 1807 1188 puncto
1818 1109 1975 1186 ingressus
1987 1110 2021 1170 in
2032 1125 2084 1170 au-

1338 1199 1400 1262 lam
1421 1201 1620 1280 capitularem
1640 1204 1769 1264 omnino
1783 1202 1925 1265 concludi
1941 1201 2081 1264 debeant.

1338 1293 1473 1370 Quodsi,
1491 1296 1573 1358 intra
1595 1295 1712 1358 dictum
1728 1305 1861 1376 tempus,
1883 1312 1946 1358 non
1961 1295 2085 1358 conclu-

1339 1387 1429 1450 datur
1460 1388 1586 1464 eleotio,
1610 1389 1792 1451 devolvatur
1813 1389 1849 1452 ad
1871 1405 1961 1463 eum,
1990 1403 2084 1467 quern

1338 1481 1509 1544 secundum
1539 1483 1639 1544 Deum
1671 1483 1814 1562 expedire
1846 1483 2028 1546 iudicaverit
2049 1483 2083 1544 in

1338 1573 1528 1652 praelectum
1543 1577 1721 1653 generalem
1733 1577 1896 1639 nominare
1910 1584 1940 1640 et
1955 1577 2082 1653 eligere.

1338 1668 1423 1744 Quod
1444 1669 1470 1730 si
1490 1669 1531 1744 is,
1558 1671 1612 1749 qui
1633 1669 1765 1749 capitulo
1793 1669 1960 1750 praesidet,
1983 1669 2086 1732 nomi-

1338 1777 1411 1823 nare
1431 1778 1486 1824 seu
1508 1763 1624 1839 eligere
1645 1770 1777 1838 recuset,
1792 1763 1816 1824 is
1838 1763 1903 1842 ipso
1925 1761 2003 1826 iacto
2018 1761 2084 1824 abs-

1338 1871 1399 1935 que
1419 1855 1476 1916 1111
1497 1855 1702 1918 declaratione
1713 1873 1788 1918 voce
1808 1856 1906 1918 activa
1921 1862 1952 1918 et
1966 1855 2083 1934 passiva

1338 1948 1371 2010 in
1392 1956 1579 2027 perpetuum
1600 1949 1740 2028 privatus
1761 1959 1925 2011 censeatur
1940 1955 1971 2010 et
1985 1949 2036 2024 sit,
2052 1955 2083 2011 et

1338 2043 1464 2104 facultas
1479 2043 1662 2104 nominandi
1683 2041 1867 2104 devolvatur
1881 2041 1917 2102 ad
1932 2041 2083 2119 antiquio·

1338 2152 1405 2198 rem
1426 2151 1464 2198 er
1485 2136 1708 2212 assistentibus,
1724 2150 1791 2211 seu,
1808 2137 1833 2196 si
1849 2135 1913 2214 ipse
1927 2135 2084 2214 antiquior

1337 2229 1377 2290 sit
1391 2228 1444 2306 qui
1459 2228 1621 2307 praesidet,
1634 2230 1670 2292 ad
1685 2229 1878 2291 assistentem
1893 2228 2084 2307 subsequen·

1338 2329 1412 2396 tem,
1426 2337 1498 2384 cum
1510 2322 1698 2400 obligatione
1709 2322 1843 2399 eligendi
1855 2329 1886 2384 et
1900 2321 2082 2384 nominandi

1337 2415 1394 2477 sub
1415 2416 1520 2477 eadem
1541 2416 1649 2494 poeni,
1662 2423 1693 2478 et
1713 2417 1756 2477 sic
1778 2415 1842 2494 pari
1864 2416 1955 2478 modo
1977 2416 2083 2491 grada-

1338 2507 1394 2568 tim
1416 2507 1452 2568 ad
1473 2508 1650 2571 assistentes
1674 2509 1897 2588 subsequentes
1918 2525 1972 2572 seu
1995 2520 2082 2569 voca·

1336 2599 1380 2662 les
1401 2601 1588 2664 antianitatis
1603 2601 1713 2665 ordine
1726 2601 1925 2664 succedentes
1940 2599 2085 2662 devolva-

1337 2701 1399 2755 tur.
1422 2695 1449 2756 ls
1470 2711 1555 2770 vero,
1578 2695 1615 2756 ad
1636 2711 1729 2775 quem
1752 2695 1806 2756 tali
1827 2711 1899 2757 casu
1920 2693 2029 2756 electio
2051 2701 2082 2755 et

1338 2787 1509 2850 nominatio
1530 2789 1675 2852 devoluta
1698 2789 1769 2864 erit,
1792 2788 1873 2850 intra
1887 2788 2022 2867 spatium
2037 2788 2083 2848 vi-

1337 2881 1551 2960 gintiquatuor
1572 2882 1720 2944 horarum
1740 2881 1864 2944 debebit
1878 2882 2007 2944 omnino
2028 2879 2083 2941 eli-

1337 2988 1410 3050 gere
1430 2992 1485 3038 seu
1508 2975 1680 3038 nominare.

1376 3068 1457 3131 «13.
1482 3069 1576 3132 Porro
1603 3069 1733 3147 sequuta
1756 3067 1902 3146 praefecti
1928 3065 2082 3146 generalis

1336 3161 1555 3240 publicatione,
1568 3169 1676 3241 pergat
1690 3161 1872 3240 capitulum,
1888 3159 2081 3240 praesidente

1336 3256 1401 3334 ipso
1422 3255 1574 3334 praefecto
1596 3253 1746 3332 generali,
1763 3252 1799 3315 ad
1814 3255 1994 3332 eligendum
2009 3269 2081 3332 qua·

1336 3355 1407 3411 tuor
1428 3350 1619 3425 assistentes,
1641 3349 1674 3410 in
1696 3363 1830 3427 quorum
1855 3348 2006 3410 electione
2029 3363 2082 3408 vo-

1338 3451 1404 3505 tum
1425 3444 1556 3505 habeant
1577 3443 1599 3503 ii
1620 3458 1740 3518 omnes,
1756 3441 1808 3521 qui
1831 3441 1863 3502 in
1882 3441 2018 3518 generali
2034 3457 2081 3503 ca-

1335 3537 1433 3615 pitulo
1447 3535 1590 3612 suffragia
1610 3535 1693 3597 ferre
1707 3541 1847 3614 possunt,
1864 3542 1894 3596 et
1908 3535 1973 3612 ipse
1986 3535 2081 3596 etiam

1335 3630 1531 3694 err-vicarius.
1555 3630 1589 3692 ln
1612 3630 1744 3692 istorum
1765 3628 1915 3691 electione
1937 3637 2080 3689 servetur

1335 3725 1441 3786 eadem
1462 3723 1561 3786 forma
1575 3740 1631 3801 pro
1652 3722 1802 3785 electione
1823 3720 1967 3801 praefecti
1989 3736 2080 3798 gene-

1334 3818 1406 3880 ralis
1427 3819 1622 3897 praescripta,
1638 3824 1670 3878 et
1692 3817 1723 3880 in
1745 3832 1816 3878 casu
1837 3817 1973 3894 paritatis
1995 3823 2081 3877 voto·

1335 3929 1418 3988 rum,
1441 3913 1505 3990 ipse
1526 3911 1697 3990 praefectus
1725 3911 1878 3988 generalis
1898 3925 1954 3988 per
1979 3923 2080 3970 exces-

1334 4023 1405 4068 sum
1426 4005 1554 4068 alterius
1575 4005 1639 4066 voti
1661 4005 1822 4084 paritatem
1850 4005 1986 4066 dirimat.
2009 4003 2080 4066 Om-

1334 4099 1423 4161 niuut
1438 4115 1512 4160 vero
1528 4106 1661 4176 quatuor
1675 4097 1887 4159 assistentium
1902 4094 2079 4157 huiusmodi

1334 4194 1415 4254 intra
1446 4191 1580 4270 spatium
1611 4191 1860 4268 vigintiquatuor
1890 4189 2036 4250 horarum
2063 4204 2079 4248 a

1334 4286 1485 4365 publicata
1507 4285 1539 4345 in
1561 4283 1694 4362 capitulo
1717 4283 1860 4362 praefecti
1877 4281 2029 4358 generalis
2050 4295 2080 4342 e·

1335 4379 1466 4441 lectione
1488 4378 1616 4439 omnino
1637 4376 1847 4439 concludatur.
1870 4377 1955 4452 Quod
1980 4375 2006 4436 si
2027 4375 2079 4435 tali

1337 4483 1475 4552 tempore
1496 4487 1559 4532 uon
1582 4470 1736 4544 omnium,
1751 4471 1817 4530 sive
1832 4469 1949 4531 nullius
1970 4467 2080 4530 electio

1335 4566 1477 4628 conclusa
1498 4563 1602 4638 fuerit,
1618 4579 1654 4623 eo
1667 4580 1738 4624 casu
1760 4563 1932 4642 praelectus
1954 4577 2081 4639 genera-

1337 4661 1385 4734 lis,
1408 4675 1463 4736 pro
1486 4658 1624 4731 totidem,
1641 4673 1696 4735 pro
1718 4665 1794 4734 quot
1815 4655 1924 4716 electio
1939 4654 2081 4717 conclusa

1337 4769 1399 4813 non
1428 4751 1537 4826 inerit,
1560 4750 1669 4812 fratres
1689 4750 1746 4811 sibi
1772 4749 1933 4811 benevisos
1954 4749 1987 4811 in
2010 4749 2082 4810 assi·

1336 4853 1453 4908 scentes
1467 4851 1611 4906 assumat.
1636 4843 1668 4906 Si
1683 4860 1757 4904 vero
1772 4843 1932 4918 contingat
1947 4843 2082 4904 electum

1338 4941 1370 5000 in
1391 4938 1581 5016 praefectum
1601 4937 1779 5014 generalem
1801 4937 1959 4998 absentem
1980 4951 2082 4996 essea

1337 5033 1402 5094 loco
1424 5031 1565 5110 capituli,
1589 5031 1640 5093 tali
1661 5049 1732 5094 casu
1754 5030 1959 5092 nihilominus
1980 5031 2015 5092 ad
2037 5046 2083 5090 as-

1336 5129 1513 5189 sistentium
1535 5126 1736 5200 electionem,
1759 5125 1952 5203 praesidente
1973 5125 2082 5184 eodem

1338 5223 1463 5296 vicario,
1487 5219 1657 5297 capitulum
1678 5218 1838 5297 procedat3
1861 5218 1894 5278 in
1916 5233 1986 5278 casu
2007 5231 2082 5277 vero

1337 5315 1495 5378 elcctionis
1521 5313 1601 5375 intra
1624 5311 1847 5390 praescriptum
1878 5319 1998 5388 tempus
2019 5325 2081 5371 non

1337 5409 1518 5484 conclusae,
1547 5411 1715 5485 assumptio
1743 5405 1912 5468 assistentis
1940 5403 1988 5464 vel
2011 5403 2083 5464 assi-

1336 5503 1498 5576 stentium,
1516 5519 1570 5581 pro
1592 5502 1703 5580 quibus
1724 5499 1833 5561 electio
1854 5498 1997 5560 conclusa
2019 5511 2082 5558 non

1337 5597 1441 5670 luerit,
1465 5597 1521 5673 ipsi
1543 5595 1695 5674 praefecto
1717 5593 1852 5670 generali
1874 5592 2080 5668 relinquatur.

1378 5691 1455 5752 «lt.
1471 5688 1658 5752 Nominandi
1671 5699 1702 5750 et
1712 5686 1846 5764 eligendi
1860 5686 1893 5747 in
1909 5685 2083 5746 assistentes

1338 5786 1450 5848 debent
1473 5785 1584 5846 habere
1607 5782 1808 5860 quadraginta
1826 5795 1980 5843 annorum
2001 5795 2084 5841 com·
