4848 6990
103 557 167 617 An.
190 559 314 620 (11331
981 585 1190 642 innoceurius
1212 593 1256 640 xx.
1831 568 1871 639 cii
1921 579 2109 638 11111331

142 712 325 774 conamauo
382 703 451 778 52.
475 705 554 770 cum
576 711 693 786 autem,
711 708 790 773 sicut
811 711 917 774 eadem
939 712 1089 791 expositio
1145 711 1244 774 tiones
1265 712 1445 792 protrahere
1469 729 1524 777 seu
1545 715 1735 792 suspendere
1755 713 1887 793 possint:

89 769 324 870 οῗοῗῶῗῗῖιῖἶωω
342 801 567 879 subiungebat,
599 803 677 866 dicta
711 812 824 867 statuta
856 809 971 883 absque
1003 805 1088 867 Sedis
1144 805 1226 866 33111
1246 821 1369 884 semper
1385 807 1416 868 in
1433 808 1576 870 omnibus
1591 823 1681 886 supra
1703 805 1806 868 relatis
1820 823 1890 868 auc-

343 895 534 972 itpostolicae
547 897 765 975 approbatione
779 906 811 960 et
825 897 1003 960 defectuum
1017 913 1089 976 sup-
1144 898 1268 960 toritate
1297 899 1435 960 eiusdem
1464 899 1719 978 congregationis
1747 900 1890 962 cardina-

342 988 512 1067 plemento,
525 1005 557 1051 ac
572 991 1087 1072 contrariorum,quibus(l)eius·
1144 989 1222 1051 liunt
1243 993 1280 1052 ad
1300 991 1432 1054 iormam
1457 993 1696 1056 constitutionis
1724 991 1820 1054 1311313
1842 1009 1891 1054 re-

342 1083 412 1144 dem
433 1081 520 1145 Sedis
541 1097 661 1146 3333333
682 1085 859 1160 3331311133,
878 1085 1015 1162 legitimi
1035 1086 1087 1146 de·
1142 1083 1328 1146 cordationis
1358 1085 1500 1162 Gregorii
1537 1087 1631 1164 Papae
1664 1085 1731 1149 xv.
1766 1086 1892 1164 praede-

342 1175 517 1250 rogatioue,
547 1177 714 1240 subsistere
742 1193 806 1239 non
831 1177 974 1240 valeant:
999 1178 1087 1240 nobis
1143 1175 1270 1236 cessoris
1302 1178 1411 1238 nostri.
1445 1178 1604 1240 Praeterea
1631 1185 1745 1240 statuta
1767 1177 1892 1257 praein-

342 1274 519 1345 propterea,
552 1276 616 1330 tam
647 1271 827 1333 Franciscus
858 1270 1087 1332 commissarius
1141 1275 1222 1329 serta
1238 1269 1394 1347 prodistis
1410 1270 1546 1346 collegiis
1560 1287 1615 1333 seu
1629 1272 1815 1348 seminariis,
1828 1279 1891 1332 tam

342 1360 494 1435 generalis
504 1361 615 1425 curiae
630 1379 721 1440 quarn
735 1364 1086 1426 Antoniusnaissionum
1142 1362 1252 1422 erectis
1273 1379 1365 1440 quam
1386 1363 1554 1440 erigendis,
1566 1381 1600 1426 ac
1614 1381 1725 1426 eorum
1745 1365 1891 1428 iratribus

340 1453 513 1532 praelectus
533 1455 661 1533 praelati
683 1457 845 1518 humiliter
864 1457 1029 1535 supplicari
1044 1457 1086 1518 13-

340 1555 463 1620 cerunt,
486 1553 521 1608 ut
542 1547 574 1609 in
595 1550 770 1626 praemissis
795 1559 969 1628 opportune
983 1550 1085 1628 provi-

340 1637 414 1700 dere
434 1648 466 1701 et
487 1647 522 1702 ut
543 1641 624 1702 inira
652 1643 817 1720 indulgere
835 1644 871 1706 de
894 1644 1086 1719 benignitate

340 1732 503 1810 apostolici
524 1734 736 1810 dignaremur.
768 1735 829 1798 Nos
852 1737 961 1814 igitur,
984 1737 1085 1815 ipsum

340 1825 538 1888 Franciscum
560 1835 591 1888 et
611 1829 786 1891 Antonium
801 1829 983 1909 specialibus
1003 1828 1086 1890 iave-

341 1919 424 1979 ribus
444 1927 475 1980 et
501 1921 608 1995 gratiis
632 1924 776 2001 prosequi
803 1923 954 1998 volentes,
982 1929 1014 1984 et
1036 1938 1086 1983 eo·

339 2027 411 2073 rum
438 2011 613 2090 singulares
640 2031 822 2094 personasa
849 2016 1009 2092 quibusvis
1033 2031 1085 2076 ex-

339 2103 638 2182 communicationis
650 2108 1084 2188 suspensionisetinterdicti,

339 2197 468 2276 aliisque
482 2200 693 2263 ecclesiasticis
712 2203 888 2277 sententiis,
902 2203 1040 2264 censuris
1055 2211 1085 2264 et

338 2291 456 2368 poenis,
478 2309 493 2352 a
515 2292 583 2355 iure
604 2294 655 2356 131
675 2295 712 2356 ab
726 2295 864 2370 homine,
879 2297 988 2374 quavis
1002 2313 1087 2356 ocea-

337 2385 424 2446 sione
445 2386 495 2447 vel
515 2387 603 2448 causa
625 2388 709 2463 latis,
732 2390 757 2449 si
779 2390 891 2466 quibus
916 2391 1084 2467 quomode

338 2479 412 2541 libet
434 2481 598 2543 innodatae
618 2482 768 2558 existunt,
788 2485 822 2544 ad
838 2483 982 2545 ellectum
998 2500 1084 2561 prae-

336 2569 474 2635 sentium
495 2573 655 2636 dumtaxat
683 2579 948 2654 consequendum,
973 2579 1083 2642 barum

336 2667 417 2728 serie
431 2667 625 2730 absolventes
644 2677 675 2730 et
689 2670 841 2731 absolutas
870 2669 936 2732 iore
956 2689 1084 2734 censen-

338 2767 394 2836 tes,
414 2761 595 2822 huiusmodi
625 2764 900 2842 supplicationibus
930 2766 1081 2842 inclinati,

336 2855 373 2916 de
394 2855 673 2917 nonnullorumex
687 2857 916 2918 venerabilibus
938 2859 1084 2921 iratribus

336 2947 449 3009 nostris
460 2947 491 3010 S.
505 2947 540 3009 11.
551 2948 586 3009 Ε.
603 2949 816 3012 cardinalibus
828 2951 1083 3029 Gangregationis

335 3042 469 3118 negotiis
490 3041 703 3122 Propagandae
723 3043 808 3106 ridet
824 3047 1012 3124 praepositae
1032 3063 1082 3110 su-

334 3151 390 3213 per
420 3137 479 3198 boc
505 3137 634 3214 negocio
661 3137 834 3216 specialiter
863 3137 1081 3217 deputatorum

334 3229 479 3304 consilio,
502 3229 630 3310 collegia
657 3247 712 3292 seu
739 3231 904 3293 seminaria
931 3249 986 3311 pro
1008 3235 1081 3296 edu-

334 3322 437 3384 candis
459 3322 604 3384 iratribus
625 3322 696 3385 dicti
718 3325 839 3386 Ordinis
861 3327 898 3387 ad
920 3327 1081 3390 missiones

334 3415 394 3477 iarn
415 3425 528 3490 erecta,
552 3425 615 3478 tam
637 3415 669 3477 in
690 3425 850 3480 conventu
872 3417 904 3481 S·
922 3419 1028 3482 Crucis
1043 3421 1081 3483 de

332 3509 484 3584 Queretro
498 3509 676 3588 provinciae
697 3511 733 3573 dc
756 3511 963 3588 liccboacam,
986 3530 1080 3592 quaxn

334 3602 366 3662 in
391 3601 459 3664 aliis
489 3601 651 3680 Hispaniae
682 3603 867 3682 provinciis,
899 3607 1081 3669 auctoritate

333 3695 507 3774 apostolici,
520 3703 628 3756 tenore
643 3697 866 3775 praesentium,
877 3700 1080 3778 approbamus

333 3794 364 3850 31
378 3790 610 3864 3331111113111113,
624 3789 747 3868 illisque
761 3790 948 3853 inviolabilis
962 3801 1081 3872 aposto-

333 3881 407 3945 licae
434 3882 591 3944 ilrmitatis
612 3883 708 3945 robur
734 3883 907 3947 adiicimus:
931 3885 1080 3950 33133111-

334 3983 427 4038 tatem
449 3975 589 4053 erigendi
612 3975 669 4036 alia
691 3976 818 4054 collegia
839 3995 894 4042 seu
915 3981 1080 4042 seminaria

331 4069 522 4144 huiusmodi,
544 4083 645 4131 unum
666 4069 783 4132 scilicet
804 4071 855 4132 131
877 4073 937 4134 duo
959 4075 990 4135 in
1006 4091 1078 4152 qua·

332 4162 407 4225 libet
427 4179 467 4224 ex
487 4162 654 4241 provinciis
682 4163 805 4226 Ordinis
833 4166 979 4244 praedicti
1001 4185 1079 4247 quae

331 4255 363 4316 in
385 4256 554 4318 ditionibus
575 4257 650 4319 dicti
676 4256 778 4318 caroli
799 4259 893 4334 regis,
918 4269 980 4320 tam
1001 4277 1079 4340 quae

331 4347 409 4429 apud
440 4349 617 4430 llispaniam
644 4365 738 4430 quam
765 4351 844 4428 apud
879 4351 1076 4432 Philippinas,

331 4443 520 4520 liexicanas,
542 4443 713 4519 Peruanas,
736 4460 770 4505 ac
790 4453 908 4507 ceteras
932 4442 1079 4510 Occiden-

331 4537 406 4598 tales
428 4537 527 4599 indias
548 4537 612 4616 ipso
631 4537 739 4601 Carolo
753 4539 819 4615 regi
833 4539 984 4602 subiectas
1005 4558 1077 4604 con-

329 4630 460 4706 sistunt,
488 4629 591 4692 eidem
618 4629 725 4693 Ordini
752 4631 790 4693 de
811 4631 944 4694 Ecclesia
972 4633 1026 4696 Oei
1046 4643 1078 4698 et

329 4725 432 4786 sancti
453 4723 533 4788 Sede
553 4723 725 4804 Apostolicd
746 4723 950 4802 benemerito,
975 4735 1077 4790 aucto-

328 4817 421 4880 ritate
442 4823 472 4879 et
493 4822 604 4878 tenore
625 4817 799 4896 praedictis,
815 4817 950 4896 benigne
971 4837 1079 4885 conce-

329 4913 448 4975 dimus:
482 4909 694 4972 confirmando
723 4911 978 4992 supplementum
1005 4931 1079 4977 con·

328 5019 479 5068 sensuum
500 5019 555 5084 per
576 5003 694 5066 dictum
708 5004 835 5068 Petrum
850 5007 1004 5071 liarinum
1020 5011 1077 5072 mi·

330 5099 465 5161 nistrum
487 5097 677 5176 generalem,
699 5105 735 5160 ut
755 5100 936 5179 exponitur,
948 5101 1076 5181 iactum,

330 5201 361 5254 et
392 5192 606 5254 interdicendo
637 5191 847 5270 superioribus
880 5197 1076 5271 generalibus

329 5286 454 5349 illarum
475 5285 622 5366 partium,
644 5285 701 5347 sub
722 5285 830 5364 poenis
851 5285 884 5348 in
906 5289 1077 5367 praeinser-
1172 5291 1191 5364 5
1212 5289 1241 5349 d.
1264 5287 1414 5350 Volumus
1428 5295 1533 5351 autem
1548 5297 1583 5352 ut
1598 5291 1778 5355 earumdem
1794 5310 1878 5374 prae·
1898 5311 2111 5420 sumfflfflffl'

329 5381 368 5443 tis
388 5380 500 5444 litteris
521 5380 691 5454 contentis,
721 5387 752 5442 et
779 5379 844 5441 aliis
865 5381 992 5445 arbitrio
1016 5386 1078 5448 dic-

328 5483 377 5537 tae
393 5472 647 5552 congregationis
669 5473 879 5536 cardinalium
900 5479 1074 5554 reservatis,

329 5585 387 5643 ne,
415 5567 497 5630 ultra
529 5575 661 5645 quatuor
689 5581 847 5629 mensesa
874 5569 1076 5648 requisitione

329 5678 385 5742 per
412 5661 571 5738 religiosos
598 5662 635 5724 ad
661 5659 691 5722 id
722 5659 898 5724 iacultatem
929 5663 1076 5727 habentes

329 5753 474 5816 13311331
489 5751 625 5817 iacienda
640 5755 873 5834 computandos,
886 5755 978 5819 dictas
992 5773 1077 5819 erec-

371 5965 401 6024 (t)
417 5969 523 6014 comma
537 5965 609 6013 istud
624 5967 758 6028 intelligat
771 5969 861 6017 133131.

1143 1461 1173 1514 31
1194 1455 1423 1533 superioribus,
1453 1455 1625 1535 apraeiato
1650 1457 1742 1520 Petro
1773 1457 1890 1520 llarino

1143 1546 1288 1607 ministro
1319 1549 1457 1624 generali
1487 1555 1521 1610 ut
1550 1548 1724 1628 praeiertur
1748 1549 1888 1625 condita,

1142 1637 1220 1700 dicta
1251 1641 1448 1717 auctoritate,
1478 1643 1591 1704 11313111
1612 1643 1702 1716 33113,
1725 1643 1889 1704 conixrma-

1142 1746 1212 1792 mus
1234 1733 1347 1810 pariter
1367 1741 1398 1794 et
1419 1735 1635 1814 approbamus,
1652 1735 1775 1814 illisque
1791 1735 1889 1798 invio-

1142 1823 1240 1884 labilis
1251 1826 1432 1902 apostolicae
1444 1829 1599 1890 firmitatis
1610 1829 1705 1891 robur
1716 1829 1887 1892 adiicinxus:

1141 1917 1341 1979 salvatamen
1363 1936 1486 2000 semper
1507 1929 1697 1983 memoratae
1712 1923 1890 1999 congrega·

1142 2009 1235 2071 tionis
1262 2012 1472 2074 Cardinalium
1498 2015 1679 2076 auctoritate
1701 2029 1736 2076 ea
1756 2017 1890 2090 augendi

1141 2117 1196 2162 seu
1218 2102 1416 2180 moderandi,
1450 2112 1603 2184 quatenus
1631 2122 1709 2184 opus
1730 2105 1836 2183 luerit,
1858 2115 1890 2168 31

1141 2196 1239 2271 magis
1264 2197 1296 2258 in
1324 2197 1456 2260 Domino
1487 2200 1633 2278 expedire
1661 2200 1835 2276 videbitur;
1857 2217 1890 2261 ac

1141 2303 1352 2368 quoscumque
1374 2291 1451 2353 iuris
1478 2299 1509 2353 et
1533 2292 1604 2354 iacti
1632 2292 1769 2356 deiectus
1790 2293 1888 2372 quoad

1140 2380 1268 2458 collegia
1289 2383 1420 2460 praelata
1434 2385 1502 2446 iam
1524 2394 1624 2448 erecta
1645 2385 1837 2465 supplemus.

1180 2477 1481 2550 §3·D0001ss0¹¹les
1507 2481 1629 2542 easdem
1655 2487 1832 2558 praesentes
1856 2497 1890 2542 33
1934 2499 2075 2550 clausurae.

1140 2569 1343 2647 praeinsertas
1355 2577 1494 2649 patentes
1507 2572 1625 2634 litteras
1636 2588 1759 2652 semper
1772 2575 1888 2650 firmas,

1140 2663 1253 2724 validas
1268 2673 1299 2727 et
1314 2663 1450 2728 311133333
1464 2667 1598 2728 31131313
1612 2674 1643 2728 31
1657 2667 1733 2743 1313,
1756 2684 1889 2746 suosque

1139 2758 1292 2836 plenarios
1314 2767 1345 2821 et
1360 2760 1497 2835 integros
1519 2761 1646 2823 31133133
1666 2761 1771 2823 sortiri
1789 2770 1821 2822 et
1836 2762 1889 2822 ob-

1141 2851 1251 2928 tinere,
1267 2870 1301 2914 ac
1314 2853 1387 2928 11113,
1404 2855 1441 2914 ad
1456 2869 1533 2932 quos
1552 2861 1669 2933 spectat
1692 2861 1722 2916 et
1740 2872 1796 2934 pro
1812 2863 1889 2918 tem·

1139 2959 1212 3022 pore
1227 2945 1486 3024 quandocumque
1506 2947 1667 3025 spectabit,
1691 2948 1723 3009 in
1743 2950 1889 3010 omnibus

1138 3045 1169 3098 et
1196 3040 1376 3116 peremnia
1398 3039 1580 3118 plenissime
1600 3041 1776 3118 suflragari,
1799 3051 1831 3103 31
1852 3045 1889 3104 ab

1139 3130 1199 3192 illis
1220 3133 1391 3211 respective
1411 3133 1633 3195 inviolabiliter
1647 3135 1816 3211 observari,
1831 3136 1887 3197 sic-

1138 3239 1200 3302 que
1224 3225 1256 3285 in
1279 3227 1453 3304 praemissis
1467 3242 1521 3306 per
1543 3243 1756 3306 quoscumque
1772 3229 1888 3290 iudices

1137 3315 1309 3378 ordinarios
1335 3326 1367 3378 et
1392 3317 1569 3395 delegatos,
1603 3320 1699 3380 3113111
1727 3337 1887 3383 causarum

1136 3408 1240 3486 palatii
1261 3411 1417 3488 apostolici
1438 3411 1605 3488 auditores,
1628 3413 1797 3476 iudicariet
1812 3415 1888 3477 deii-

1138 3502 1200 3562 niri
1222 3503 1345 3578 debere,
1367 3521 1401 3564 ac
1425 3504 1551 3567 irritum
1572 3513 1603 3567 et
1634 3507 1727 3570 inane
1750 3509 1776 3569 si
1799 3525 1887 3572 secus

1136 3596 1300 3674 superbis
1321 3613 1338 3657 a
1363 3613 1531 3676 quoquam,
1554 3601 1663 3678 quavis
1691 3603 1885 3678 auctoritate,

1135 3689 1269 3750 scienter
1280 3689 1330 3751 131
1342 3690 1535 3768 ignoranter,
1549 3693 1715 3770 contigerit
1726 3695 1883 3756 attentari.

1175 3783 1195 3856 ἓ
1216 3781 1244 3843 1.
1266 3781 1334 3844 Ν33
1354 3783 1548 3848 obstantibus
1563 3787 1750 3866 praemissis,
1765 3802 1799 3849 ac
1813 3803 1885 3850 con·
1903 3801 2116 3911 dgssrffitorum

1134 3875 1348 3938 stitutiouibus
1369 3885 1401 3938 31
1427 3877 1674 3942 ordinationibus
1700 3881 1883 3960 apostolicis,

1135 3981 1258 4032 necnon
1280 3970 1510 4048 provinciarum
1537 3981 1568 4035 et
1592 3972 1715 4036 Ordinis
1736 3975 1885 4053 praelato-

1136 4077 1218 4138 rum,
1241 4064 1369 4144 aliisque
1391 4065 1563 4143 quibusvis,
1580 4067 1674 4129 etiam
1695 4067 1882 4145 iuramento,

1135 4157 1372 4219 confirmatione
1391 4159 1566 4238 apostolice,
1582 4159 1638 4222 vel
1658 4162 1766 4240 quavis
1787 4163 1884 4224 111131-

1135 4257 1197 4312 1313
1210 4251 1268 4312 alid
1283 4252 1441 4328 roboratis,
1454 4253 1578 4315 statutis
1599 4261 1630 4315 et
1651 4255 1883 4318 consuetudini-

1135 4345 1202 4420 bus,
1225 4344 1396 4423 privilegiis
1418 4361 1554 4424 quoque,
1581 4347 1711 4410 indultis
1725 4358 1757 4410 et
1772 4349 1883 4412 11113113

1134 4439 1306 4518 apostolicis
1314 4440 1346 4500 in
1355 4440 1547 4502 contrarium
1556 4442 1796 4518 praemissorum
1806 4460 1884 4523 quo-

1134 4531 1302 4594 modolibet
1322 4533 1485 4609 concessis,
1501 4533 1689 4596 confirmatis
1707 4545 1738 4598 et
1753 4537 1882 4600 innova·

1134 4625 1191 4703 tis3
1207 4625 1320 4705 quibus
1334 4627 1478 4688 omnibus
1487 4633 1524 4688 et
1534 4628 1677 4705 singulis,
1693 4629 1821 4694 illorum
1839 4641 1880 4694 te-

1134 4735 1227 4781 nores
1241 4719 1453 4800 praesentibus
1468 4736 1524 4799 pro
1539 4721 1632 4800 plene
1645 4729 1677 4784 et
1690 4723 1882 4789 sufficienter

1133 4813 1284 4891 expressis
1305 4829 1338 4876 ac
1359 4815 1395 4876 ad
1416 4814 1550 4876 verbum
1575 4815 1699 4878 insertis
1720 4818 1879 4896 babentes,

1133 4904 1193 4967 11113
1214 4905 1287 4968 alias
1315 4907 1348 4968 in
1374 4923 1430 4969 suo
1455 4909 1566 4970 robore
1592 4911 1820 4990 permansuris,
1843 4916 1906 4977 ad-

1133 5001 1373 5079 praemissorum
1387 5001 1544 5078 ellectum,
1558 5003 1613 5065 hac
1627 5005 1695 5067 vice
1710 5008 1880 5083 dumtaxat,

1132 5095 1304 5173 specialiter
1326 5103 1357 5158 et
1378 5101 1734 5178 expressederogamus3
1757 5103 1881 5164 ceteris·

1133 5208 1193 5271 que
1214 5193 1377 5254 contrariis
1398 5193 1657 5275 quibuscumque.

1131 5385 1271 5448 sentium
1287 5383 1463 5447 litterarum
1478 5387 1689 5466 transumptis,
1705 5404 1759 5449 seu
1775 5405 1878 5453 exem·

1131 5477 1200 5556 plis,
1222 5477 1315 5539 etiam
1337 5477 1505 5557 impressis,
1529 5493 1624 5541 manu
1644 5480 1772 5544 alicuius
1794 5491 1879 5546 nota-

1132 5571 1170 5632 rii
1191 5570 1305 5648 publici
1326 5571 1522 5651 subscriptis,
1546 5581 1577 5634 et
1602 5573 1703 5650 sigillo
1730 5591 1880 5654 personae

1132 5663 1164 5725 in
1192 5663 1394 5726 ecclesiastica
1424 5665 1576 5741 dignitate
1600 5669 1786 5729 constitutae
1811 5685 1879 5730 mu·

1132 5755 1341 5831 milisendem
1363 5774 1490 5837 prorsus
1511 5757 1586 5821 iides
1609 5759 1724 5838 ubique
1740 5760 1879 5826 locorum

2312 3871 2330 3906 ο
