4878 6982
127 527 183 582 An.
198 532 228 584 O.
249 530 320 584 1700

981 555 1189 605 innocentius
1211 555 1268 605 ΧΠ.

1823 536 1879 606 {93
1931 539 1985 594 An.
1999 541 2029 594 0.
2051 537 2120 593 1700

349 675 544 738 terveniente
572 675 686 738 familia
708 679 745 739 de
772 678 984 755 observantia,
1013 695 1095 742 com·
1191 676 1259 749 §a
1283 677 1352 739 Non
1374 678 1563 740 obstantibus
1579 641 1854 741 constitutionibus
1869 685 1900 742 et
1939 689 2132 739 contrariorum

349 775 429 847 petat
451 772 664 847 praecedentia
686 789 776 850 supra
791 773 900 835 fratres
916 775 1027 867 Sancti
1036 775 1095 836 hu·

347 863 481 939 gustini:
507 864 594 927 Sacra
611 865 717 926 eadem
732 867 860 928 Rituum
877 869 1094 944 congregatio,

347 964 408 1017 tam
424 956 457 1018 in
472 973 548 1020 voce
562 975 655 1036 quam
672 961 703 1020 in
717 960 850 1038 scriptis,
862 962 999 1040 partibus
1014 977 1095 1023 acer-

346 1051 426 1111 rime
448 1051 688 1114 informantibus
716 1053 838 1128 auditis,
861 1055 1035 1144 respondit:
1061 1055 1094 1116 ln

346 1161 428 1220 casu,
451 1147 489 1206 de
510 1162 570 1223 quo
591 1147 705 1223 agitur,
737 1149 981 1226 praecedentiam
1013 1165 1095 1211 com-

346 1247 452 1315 petere
473 1241 609 1318 patribus
632 1240 820 1303 Discalceatis
849 1241 951 1304 Sancti
973 1243 1097 1304 Franci-

297 1412 302 1420 ·
345 1332 398 1404 sci,
422 1349 455 1394 ac
476 1334 609 1412 amplius
629 1334 760 1397 dubium
782 1335 911 1412 proponi
927 1337 1039 1397 vetuit.
1057 1336 1095 1397 Et

346 1427 387 1486 ita
408 1426 557 1500 decrevit,
580 1435 611 1488 et
633 1429 749 1488 servari
771 1445 804 1488 ac
830 1429 943 1506 exequi
970 1429 1094 1490 manda-

346 1519 403 1592 vit,
426 1520 475 1580 die
497 1535 566 1580 xrrt.
590 1521 693 1581 martii
716 1537 812 1582 noco.

757 1643 791 1703 Α.
817 1641 904 1705 Card.
930 1643 1015 1705 Curso

610 1765 643 1826 B.
668 1765 868 1827 luontnnuos
890 1764 1052 1828 Secreta.

160 1899 326 1946 conormauo
386 1897 455 1972 52.
480 1898 558 1960 Cum
581 1905 697 1972 autem,
720 1899 800 1962 sicut
831 1899 960 1962 dilectus
981 1900 1096 1976 pariter

112 1953 187 1999 relati
203 1954 305 2000 decreti.

152 4318 293 4366 Clausulas

346 1990 428 2052 filius
449 1991 594 2070 losephns
624 1993 776 2067 bfontoro,
800 1994 947 2070 praedicti
974 1993 1095 2056 Ordinis

345 2081 477 2144 fratrum
499 2083 757 2146 Discalceatorum
783 2083 946 2163 professor,
966 2085 1097 2164 'provin-

345 2177 409 2238 ciae
430 2177 460 2240 S.
486 2177 588 2238 Didaci
613 2185 717 2238 custos
739 2187 769 2240 et
791 2185 983 2255 procurator,
1008 2177 1096 2239 nobis

345 2269 477 2331 subinde
497 2270 606 2348 exponi
630 2269 713 2344 fecit,
731 2271 794 2347 ipse
814 2269 974 2333 decretum
989 2271 1096 2332 huius·

346 2361 441 2436 modi,
464 2376 524 2440 quo
546 2363 667 2424 firmius
681 2364 826 2425 subsistat
841 2372 871 2424 et
886 2370 1030 2426 servetur
1044 2379 1095 2424 ex-

345 2457 453 2529 actius,
486 2456 667 2534 apostolicae
698 2457 941 2519 confirmationis
972 2465 1096 2518 nostrae

346 2549 518 2626 patrocinio
532 2550 721 2612 communiri
737 2550 908 2628 plurimum
923 2550 1092 2612 desideret:

347 2659 413 2717 nos,
435 2642 538 2721 ipsum
560 2642 605 2723 (f)
626 2643 790 2722 losephum
806 2646 966 2706 custodem
981 2652 1011 2706 et
1027 2660 1095 2722 pro-

346 2741 521 2796 curatorem
549 2735 730 2813 specialibus
758 2735 915 2798 favoriltus
936 2745 967 2798 et
989 2737 1095 2813 gratiis

346 2829 490 2906 prosequi
516 2829 668 2904 volentes,
697 2838 728 2891 et
750 2847 766 2888 a
787 2829 948 2907 quibusvis
974 2845 1096 2892 excom·

347 2923 584 2998 municationis,
618 2923 827 3002 suspensionis
859 2931 890 2985 et
917 2923 1093 2999 interdicti,

346 3017 476 3094 aliisque
498 3015 708 3078 ecclesiasticis
722 3017 896 3092 sententiis,
911 3017 1050 3079 censuris
1065 3025 1096 3078 et

347 3111 454 3188 poenis
476 3126 491 3169 a
512 3109 582 3170 iure
603 3109 652 3170 vel
673 3111 711 3171 ab
732 3110 869 3184 homine,
884 3111 991 3188 quavis
1012 3127 1096 3173 occa·

346 3205 434 3266 sione
454 3203 504 3265 vel
526 3203 613 3266 causa
644 3203 724 3278 latis,
747 3206 771 3266 si
794 3205 906 3282 quibus
927 3207 1095 3282 quomodo-

347 3295 421 3357 libet
452 3297 617 3358 innodatus
643 3297 759 3372 existit,
785 3299 821 3360 ad
844 3297 1095 3376 effectumprae-

347 3390 484 3450 sentium
511 3391 670 3451 dumtaxat
696 3391 960 3467 consequendum,
985 3391 1096 3452 harum

347 3482 428 3542 serie
454 3483 647 3544 absolventes
669 3489 700 3544 et
728 3483 904 3544 ahsolutum
935 3483 1000 3546 fore
1025 3501 1097 3546 cen-

347 3583 460 3650 sentes,
483 3575 758 3653 supplicationibus
779 3576 845 3637 eius
865 3577 994 3638 nomine
1008 3577 1096 3640 nobis

345 3685 438 3748 super
459 3669 517 3732 hoc
537 3670 700 3731 humiliter
714 3671 862 3748 porrectis
878 3670 1029 3744 inclinati,
1046 3673 1097 3734 de-

347 3771 469 3825 cretum
498 3763 742 3840 praeinsertum,
769 3764 951 3826 auctoritate
978 3773 1096 3842 aposto·

348 3857 415 3932 lica,
439 3865 547 3919 tenore
576 3859 799 3935 praesentium,
823 3859 1043 3920 confirmamus
1065 3868 1096 3922 et

347 3950 561 4027 approbamus,
584 3949 692 4027 illique
714 3949 900 4011 inviolabilis
915 3951 1096 4028 apostolicae

349 4043 502 4104 firmitatis
536 4043 631 4104 robur
662 4041 841 4119 adiicimus;
877 4043 960 4104 salvat
992 4051 1095 4105 tamen

347 4151 470 4216 semper
491 4137 523 4197 in
546 4136 717 4213 praemissis
741 4136 923 4198 auctoritate
945 4135 1095 4214 praefatae

349 4229 606 4306 congregationis
627 4228 849 4291 cardinalium.
973 4303 978 4317 Ι

388 4323 407 4398 5
427 4321 455 4384 3.
478 4323 697 4398 Decerneutes,
714 4322 836 4385 easdem
852 4331 1026 4400 praesentes
1046 4321 1095 4384 lit-

350 4423 428 4477 teras
442 4429 565 4493 semper
580 4415 694 4489 firmas,
707 4415 822 4477 validas
838 4423 868 4477 et
883 4413 1016 4476 efficaces
1032 4415 1095 4476 exi·

347 4517 429 4571 stere
450 4516 481 4571 et
502 4507 579 4584 fore,
595 4525 729 4586 suosque
744 4508 897 4587 plenarios
912 4515 942 4569 et
958 4509 1094 4585 integros

349 4601 475 4664 effectus
493 4602 595 4664 sortiri
611 4609 642 4664 et
656 4603 809 4677 obtinere,
826 4619 859 4665 ac
881 4602 953 4676 illis,
969 4602 1004 4664 ad
1019 4617 1095 4680 quos

347 4703 463 4774 spectat
474 4703 505 4758 et
516 4711 572 4774 pro
587 4703 725 4774 ternpore
740 4695 998 4774 quandocumque
1012 4711 1095 4773 spec-

349 4789 434 4863 tabit,
451 4789 639 4866 atnplissime
652 4788 824 4864 suflragari,
840 4788 946 4866 sicque
964 4787 995 4849 in
1010 4803 1096 4866 prae·

348 4881 448 4944 missis
474 4897 529 4959 per
556 4897 768 4960 quoscumque
789 4881 904 4942 iudices
926 4881 1096 4943 ordinarios

349 4984 380 5037 et
396 4975 562 5051 delegatos,
579 4976 670 5037 etiam
685 4991 846 5037 causarum
862 4973 963 5052 palatii
977 4979 1096 5052 aposto-

350 5067 400 5130 lici
423 5068 593 5142 auditores,
617 5067 744 5129 iudicari
765 5073 797 5128 et
819 5067 941 5128 definiri
967 5066 1094 5140 debere,

349 5177 383 5222 ac
406 5161 531 5223 irritum
552 5167 582 5222 et
610 5161 714 5235 inane,
737 5161 761 5220 si
783 5177 870 5222 secus
897 5176 991 5236 super
1012 5159 1059 5218 his
1080 5175 1095 5218 a

349 5269 516 5333 quoquam,
539 5254 646 5333 quavis
667 5253 860 5326 auctoritate,
887 5253 1020 5312 scienter
1045 5251 1096 5312 vel

349 5347 541 5424 ignoranter,
564 5345 728 5423 contigerit
749 5345 905 5407 attentari.

390 5599 420 5657 (l)
435 5599 503 5646 suit.
519 5599 596 5645 blein.
611 5599 677 5657 legit
691 5604 771 5653 ipsos.

390 5669 419 5725 tt)
439 5669 478 5714 bx
496 5669 600 5724 Regest.
624 5667 652 5712 in
673 5668 748 5712 urob.
771 5663 844 5712 Brev.
867 5668 1028 5712 confirmata
1046 5665 1096 5712 ruit

349 5735 446 5780 erectio
460 5734 525 5780 dieti
542 5733 682 5792 hospitalis
697 5745 758 5779 cum
779 5733 834 5780 suis
850 5733 960 5780 statutis
974 5745 990 5779 a
1004 5735 1097 5790 Grego

349 5801 390 5847 rio
403 5803 467 5846 xlii.
484 5804 510 5846 et
527 5801 600 5846 Sixto
614 5803 650 5855 v.;
666 5811 682 5846 a
701 5801 834 5846 Clemente
848 5803 921 5856 Vlll,
936 5803 1017 5845 const.
1033 5800 1094 5846 edit.

349 5879 467 5924 noxave,
482 5869 525 5914 die
538 5880 565 5914 11.
581 5867 683 5925 aprilis,
697 5879 819 5914 concessa
833 5867 906 5912 fuere
921 5867 1060 5926 privilegia
1070 5870 1096 5913 et

349 5933 515 5992 indulgentia
529 5934 657 5992 hospitali
679 5935 768 5980 sancti
782 5935 887 5981 loannis
901 5935 956 5990 Dei;
972 5937 998 5980 et
1012 5937 1093 5981 const.

454 6059 507 6107 lur.
523 6059 593 6106 Pont.
610 6055 640 6106 dt
653 6057 729 6119 l’rop.
744 6055 807 6104 Ft'da
821 6056 903 6104 Partis
917 6058 936 6104 l.
951 6055 1006 6105 Vol.
1021 6058 1052 6106 il.

1151 771 1394 834 ordinationibus
1421 773 1603 850 apostolicis,
1633 772 1807 851 ceterisque
1827 787 1899 834 oon·
1918 741 2058 799 ⁶⁰¹⁰⁸³t¹⁰'

1153 866 1251 926 trariis
1273 867 1530 944 quibuscumque.

1193 959 1302 1020 Datum
1330 958 1462 1034 Romae,
1487 959 1567 1036 apud
1598 959 1628 1023 S.
1653 960 1779 1022 llariam
1807 959 1898 1022 lfaio-

1152 1067 1229 1125 rem,
1251 1051 1309 1112 sub
1339 1051 1454 1112 annulo
1486 1052 1655 1127 Piscatoris,
1677 1053 1727 1114 die
1753 1069 1795 1113 rv.
1820 1052 1900 1132 apri·

1153 1145 1187 1204 lis
1208 1159 1322 1218 nouo,
1344 1143 1539 1223 pontificatus
1562 1146 1659 1207 nostri
1675 1161 1757 1208 auno
1774 1163 1818 1208 rx.

1465 1429 1588 1492 XXXII.

1154 1613 1409 1675 Gottstittttiottcc
1424 1617 1689 1697 Conprcqotioot'c
1701 1615 1815 1680 Sooctt'
1827 1617 1902 1692 lltp-

1190 1707 1292 1782 pofpti
1315 1707 1485 1787 hospitalis
1501 1725 1680 1786 pauperum
1696 1709 1901 1788 infirmorum

1191 1801 1226 1860 in
1242 1800 1346 1862 indiis
1364 1801 1622 1864 occidentalibus
1638 1803 1821 1880 confirmem
1836 1801 1901 1878 pri·

1190 1892 1308 1971 ottcpto
1329 1901 1359 1955 et
1382 1894 1604 1973 tttdotpcnttoc
1632 1895 1774 1956 coaccedit
1796 1894 1851 1974 (ξ).

1321 2062 1578 2132 ΙΝΝῠθΕΝῘΙυὸ
1595 2065 1655 2131 ΡΡ.
1674 2063 1732 2130 llll.

1272 2185 1308 2253 ad
1332 2192 1506 2270 perpetuam
1530 2187 1573 2254 rei
1600 2188 1782 2256 memoriam·

1192 2363 1238 2424 Ex
1259 2361 1361 2424 debito
1392 2364 1550 2443 pastoralis
1582 2363 1685 2437 oflicii,
1709 2381 1771 2442 quo
1799 2362 1903 2424 Eccle-
1947 2369 2092 2418 morotum.

1151 2455 1212 2516 siae
1242 2455 1406 2517 catholicae
1439 2473 1491 2535 per
1523 2457 1708 2518 universum
1746 2463 1899 2518 terrarum

1151 2549 1257 2610 orbem
1278 2548 1404 2610 diffusae
1430 2549 1577 2626 regimini
1601 2549 1704 2612 divina
1731 2549 1902 2627 dispositio-

1151 2656 1192 2701 ne
1213 2641 1433 2718 praesidemus
1451 2643 1703 2718 congregationes
1719 2641 1902 2704 christifide-

1152 2733 1241 2808 lium,
1265 2735 1386 2812 pietatis
1407 2743 1439 2798 et
1460 2735 1644 2798 christianae
1672 2735 1807 2796 caritatis
1832 2751 1901 2813 ope-

1152 2826 1235 2888 ribus
1267 2827 1301 2887 ad
1334 2844 1505 2907 pauperum
1537 2829 1736 2890 infirmorum
1766 2835 1797 2890 et
1828 2845 1901 2890 con-

1154 2920 1374 2982 valescentium
1404 2921 1644 2983 subventionem
1674 2930 1704 2984 et
1733 2923 1902 2985 utilitatem

1152 3013 1294 3076 laudabili
1327 3012 1429 3075 studio
1465 3014 1735 3091 incumbentium,
1772 3024 1902 3094 paterno
1958 3025 1961 3029 “

1151 3109 1285 3170 caritatis
1306 3109 1417 3170 affectu
1444 3110 1672 3188 prosequimur,
1702 3109 1846 3188 felicique
1866 3111 1900 3172 il-

1151 3202 1252 3264 larum
1266 3203 1370 3276 statui,
1383 3219 1416 3264 ac
1429 3209 1464 3264 ut
1479 3219 1627 3280 personae
1641 3219 1719 3282 quae
1735 3210 1797 3264 tam
1812 3205 1902 3281 pium

1152 3295 1234 3357 vitae
1260 3295 1440 3357 institutum
1465 3305 1680 3374 susceperunt,
1703 3296 1736 3356 in
1759 3297 1792 3357 ed
1814 3313 1900 3359 voca·

1154 3389 1252 3462 tione,
1275 3389 1308 3450 in
1335 3406 1394 3467 qua
1421 3398 1545 3450 vocatae
1577 3397 1667 3464 sunt,
1701 3398 1901 3468 perseverent

1153 3481 1304 3561 usquein
1327 3482 1433 3556 finem,
1463 3484 1644 3560 opportunis
1676 3484 1848 3545 rationibus
1871 3489 1902 3544 et

1153 3575 1308 3637 favoribus
1328 3575 1489 3654 providere
1504 3576 1677 3654 studemus,
1693 3578 1784 3652 sicut,
1802 3577 1903 3638 omni-

1154 3671 1207 3730 bus
1229 3675 1350 3730 mature
1381 3669 1592 3746 consideratis,
1616 3669 1651 3732 ad
1680 3671 1903 3749 omnipotentis

1153 3763 1206 3823 Dei
1234 3761 1384 3840 gloriam,
1419 3761 1539 3839 piorum
1568 3779 1699 3841 operum
1727 3764 1903 3827 incremen-

1153 3865 1232 3931 tum,
1249 3863 1279 3918 et
1300 3856 1475 3917 animarum
1489 3855 1622 3918 salutem
1637 3857 1783 3937 expedire
1797 3859 1830 3920 in
1846 3858 1902 3921 Do·

1153 3949 1237 4010 mino
1259 3947 1457 4010 arbitramur.

1190 4043 1209 4117 ἓ
1233 4041 1259 4102 1.
1284 4040 1407 4102 Dudum
1433 4041 1586 4119 siquidem
1607 4044 1781 4121 (postquam
1802 4059 1901 4122 quon·
1948 4046 2024 4092 ortus
2038 4049 2131 4144 osso

1152 4135 1222 4194 dam
1243 4133 1451 4195 Bernardinns
1472 4133 1602 4196 Alvarez
1624 4136 1737 4211 insula,
1760 4138 1834 4199 dum
1857 4135 1901 4197 vi·
1920 4107 2055 4214 Xi⁰s⁵p⁵tiins
2068 4101 2135 4210 pigi}

1153 4234 1250 4300 veret,
1284 4227 1416 4288 civitatis
1446 4227 1621 4290 lle‘xicanae
1649 4230 1683 4290 in
1704 4227 1797 4290 lndiis
1818 4229 1900 4292 Occi·
1919 4209 2135 4305 ξῑῖᾎζξξῃὲζξθξῗῐ

1151 4318 1323 4381 dentalibus
1338 4319 1486 4397 hospitale
1500 4322 1557 4382 sub
1572 4321 1767 4384 invocatione
1782 4321 1812 4385 S.
1828 4323 1900 4401 llip-
1920 4323 1977 4412 {52⁰¹
1989 4313 2135 4412 {fflggffl

1152 4411 1247 4489 polyti
1279 4413 1434 4490 martyris,
1457 4413 1490 4474 in
1512 4413 1599 4475 cuius
1630 4413 1799 4476 festivitate
1825 4415 1899 4477 olim
1919 4401 1972 4482 v.⁰¹'¹
2009 4419 2135 4484 obturen-

1151 4505 1228 4566 dicta
1260 4505 1366 4567 civitas
1393 4505 1431 4566 ah
1458 4505 1627 4568 idololatris
1659 4507 1828 4584 gentilibus
1850 4509 1901 4570 de·
1919 4474 2135 4588 iffftfifi'ssffiil

1151 4603 1237 4658 tenta
1259 4597 1293 4658 ad
1316 4597 1554 4660 christianorum
1569 4605 1753 4676 potestatem
1768 4601 1902 4662 devene-
1919 4578 2047 4680 XXXX?
2070 4591 2134 4627 ⁰⁰¹¹·

1151 4699 1208 4765 rat,
1225 4705 1320 4768 prope
1338 4699 1368 4753 et
1390 4698 1477 4752 extra
1492 4707 1599 4764 muros
1612 4692 1752 4755 eiusdem
1767 4693 1900 4756 civitatis

1152 4800 1206 4862 pro
1227 4785 1412 4862 pauperibus
1433 4785 1686 4848 christifidelibus
1715 4786 1848 4848 infirmis
1869 4795 1901 4848 et

1151 4877 1434 4940 convalescentibus
1455 4879 1608 4954 curandis,
1629 4879 1759 4958 aliisque
1780 4879 1901 4957 pietatis

1151 4972 1295 5048 operibus
1317 4969 1508 5046 exercendis,
1530 4971 1588 5033 suh
1609 4973 1701 5034 certis
1726 4974 1849 5035 statutis
1869 4979 1901 5034 et

1152 5063 1397 5125 ordinationibus
1428 5065 1466 5126 de
1497 5065 1650 5127 Ordinarii
1686 5067 1744 5128 loci
1777 5067 1900 5129 licentii

1150 5157 1228 5233 erigi
1250 5163 1281 5218 et
1301 5157 1423 5218 fundari
1449 5157 1623 5238 curaverat)
1646 5145 1741 5222 felicis
1763 5158 1900 5222 recorda-

1153 5249 1245 5311 tionis
1265 5250 1432 5326 Gregorius
1448 5249 1503 5311 ΡΡ.
1523 5249 1600 5314 Vlll.
1617 5253 1832 5330 praedecessor
1846 5267 1900 5314 no·

1151 5349 1225 5417 ster,
1247 5342 1521 5421 supplicationibus
1537 5344 1631 5423 ipsius
1647 5345 1829 5408 Bernardini
1846 5363 1900 5409 no·

1152 5597 1212 5644 edit.
1229 5607 1328 5653 tancre,
1343 5597 1385 5642 die
1400 5608 1416 5642 t.
1432 5597 1555 5654 octobris,
1569 5597 1659 5655 pontif.
1671 5609 1738 5654 xut,
1753 5598 1780 5644 in
1795 5609 1900 5656 congre·

1152 5665 1285 5721 gationem
1300 5667 1395 5720 erecta,
1410 5664 1514 5710 adiecto
1528 5665 1589 5712 voto
1603 5665 1767 5711 obedieutiae
1777 5669 1804 5710 et
1814 5666 1900 5722 bospi-

1152 5732 1274 5779 talitatis.
1289 5733 1326 5778 Ab
1341 5733 1390 5778 hoc
1404 5731 1528 5778 Pontidce
1542 5733 1623 5777 const.
1639 5731 1700 5778 edit.
1714 5743 1840 5778 uocxcnt.
1857 5731 1899 5777 die

1151 5812 1205 5848 xiv.
1221 5799 1375 5856 decembris,
1389 5799 1479 5858 pontif.
1496 5811 1543 5854 111.,
1558 5811 1680 5846 concessa
1698 5798 1748 5845 fuit
1763 5799 1899 5856 indulgen·

1151 5868 1189 5916 tio
1204 5868 1272 5915 sicut
1286 5867 1382 5914 ceteris
1396 5865 1580 5926 hospitalibus.

1765 6057 1793 6104 25
