4836 6998
238 547 481 620 ,mom

535 560 595 623 418

443 771 445 776 ι
511 695 549 756 tis
580 695 744 772 habentes,
776 698 954 762 huiusmodi
986 699 1258 778 supplicationibus

311 1816 455 1863 Clausulas.

331 4809 458 4864 expositio
473 4807 511 4853 ia·

296 4866 330 4909 cli
359 4868 384 4908 et
416 4871 510 4908 causae

296 4928 343 4963 eur
366 4919 510 4972 congrega-

298 4973 333 5015 tio
357 4971 511 5026 praedicta

298 5023 440 5080 praelatum
465 5023 509 5067 de-

299 5082 396 5175 crtetum
423 5075 510 5122 edide-

298 5141 337 5174 rr.

512 787 662 863 inclinati,
680 790 794 853 litteras
816 800 935 854 nostras
950 793 1129 869 praedictas,
1147 792 1260 870 quibus

511 879 594 942 iuter
615 881 670 944 alia
685 883 813 946 tertiarii
829 885 866 946 de
881 885 1073 946 Poeuitentit
1089 885 1259 962 nuncupati

511 971 689 1050 directioni,
713 992 804 1038 curae
826 983 856 1038 et
878 978 1023 1053 regimini
1050 977 1187 1040 ministri
1209 993 1261 1052 ge·

512 1065 625 1128 neralis
645 1083 678 1128 ac
699 1069 896 1148 superiorum
918 1070 1040 1133 Ordinis
1060 1070 1193 1132 fratrum
1208 1070 1261 1132 Mi·

513 1173 627 1221 norum
638 1160 742 1224 Sancti
753 1164 905 1226 Francisci
917 1165 954 1225 de
965 1162 1165 1225 Obseruantia
1180 1179 1260 1224 nuu-

512 1260 695 1332 cupatorum
713 1255 934 1330 subiiciuntur,
950 1273 1005 1320 seu
1019 1256 1147 1318 subiecti
1164 1255 1262 1318 decla·

513 1353 639 1421 rantur,
671 1347 750 1410 sicut
782 1351 1008 1427 praemittitur,
1042 1351 1077 1412 ad
1108 1350 1262 1412 tertiarios

513 1438 607 1500 etiam
627 1441 798 1503 saeculares
820 1443 915 1504 Tertii
936 1443 1068 1515 Ordinis,
1086 1443 1261 1516 directioni,

514 1548 606 1595 curae
631 1541 661 1595 et
687 1535 834 1610 regimini
864 1537 977 1614 pariter
1004 1537 1182 1599 subiaceant
1204 1535 1261 1616 (i),

514 1627 697 1688 auctoritate
717 1629 891 1706 apostolica,
917 1637 1024 1692 terrore
1039 1631 1261 1708 praesentium,

516 1731 664 1798 perpetuo
685 1722 883 1786 extendimus
904 1734 935 1787 et
956 1727 1151 1802 ampliamus.

555 1817 575 1890 ἓ
595 1815 623 1878 3.
649 1814 717 1880 Non
738 1818 929 1880 obstantibus
944 1820 1128 1897 praemissis,
1146 1835 1178 1880 ac
1192 1833 1264 1878 con-

514 1909 729 1972 stitutionibus
750 1919 781 1972 et
802 1912 1047 1974 ordinationibus
1079 1911 1262 1989 apostolicis,

516 2018 573 2064 nec
595 2018 669 2076 non,
692 2011 846 2080 quatenus
866 2020 943 2082 opus
963 2006 1015 2079 sit,
1038 2007 1193 2068 dictorum
1211 2005 1264 2066 Or·

517 2096 638 2169 alinum,
654 2095 762 2157 aliisve
778 2096 949 2170 quibusvis,
966 2098 1060 2158 etiarn
1076 2099 1263 2168 iuramento,

516 2188 751 2250 confirmatione
771 2189 946 2267 apostolica,
966 2190 1016 2252 vel
1037 2189 1145 2267 quavis
1167 2188 1265 2249 drmi-

516 2287 580 2342 tate
600 2279 657 2340 alia
678 2281 843 2356 roboratis,
873 2283 995 2344 statutis
1017 2290 1047 2345 et
1067 2279 1265 2344 consuetudi·

517 2373 620 2448 nibus,
635 2373 808 2451 privilegiis
829 2391 964 2453 quoque,
982 2375 1110 2436 indultis
1132 2382 1162 2436 et
1184 2374 1265 2435 litte·

516 2467 559 2528 ris
579 2466 752 2544 apostolicis
772 2467 804 2528 in
819 2469 1011 2530 contrarium
1026 2468 1265 2546 praemissorum

516 2558 748 2637 quomodolibet
773 2562 934 2636 concessis
957 2561 1148 2624 confirmatis
1168 2569 1199 2622 et
1220 2561 1266 2621 in·

518 2651 656 2728 novatis;
679 2653 791 2731 quibus
815 2654 959 2716 omatibus
981 2653 1176 2730 astragalis,
1200 2652 1265 2713 iilo·

519 2758 590 2804 rum
613 2751 734 2804 tenores
755 2745 966 2822 praesentibus
982 2760 1037 2822 pro
1053 2743 1143 2820 plene
1159 2750 1189 2804 et
1203 2741 1266 2803 sui·

519 2836 660 2897 sicienter
687 2838 838 2914 expressis
866 2838 955 2899 acad
985 2837 1118 2898 verbum
1143 2836 1267 2898 insertis

519 2929 678 3002 babentes,
695 2929 756 2990 illis
777 2932 849 2992 alias
871 2931 904 2992 in
925 2947 981 2994 sno
999 2931 1110 2992 robore
1124 2945 1266 3008 perman-

518 3021 610 3094 suris,
633 3021 669 3082 ad
691 3023 930 3100 praemissorum
952 3023 1108 3098 ellectum,
1125 3023 1179 3084 bac
1201 3022 1268 3083 vice

519 3115 695 3190 dumtaxat,
723 3117 895 3194 specialiter
919 3125 950 3178 et
975 3132 1118 3195 expresse
1143 3118 1269 3191 deroga·

521 3223 606 3284 mus;
629 3209 801 3288 ceterisque
821 3211 984 3272 contrariis
1005 3211 1265 3289 quibuscumque.

562 3303 673 3364 Datum
693 3302 820 3378 nomae,
842 3303 921 3382 apud
941 3304 972 3367 S.
989 3305 1127 3378 Petrum,
1144 3303 1201 3364 sub
1216 3317 1271 3362 an·

523 3396 597 3460 nulo
619 3397 791 3470 PiscatoriS,
814 3397 865 3459 die
886 3413 962 3458 xxr.
979 3405 1056 3476 sept.
1075 3410 1268 3470 unocxxrx„

523 3489 718 3570 pontificatus
740 3492 838 3553 nostri
859 3507 942 3552 anno
962 3507 1005 3552 vr.

847 3732 944 3796 XXX.

528 3869 701 3950 Confirmat
724 3869 885 3932 decretum
910 3868 1175 3947 Concrepuitccts
1197 3868 1273 3946 Epi·

562 3979 729 4042 sccpcrunt
760 3971 791 4025 et
823 3961 1036 4042 deputatione
1067 3977 1165 4039 super
1193 3977 1272 4041 cup-

564 4065 669 4120 nreutc
696 4057 857 4120 occuliuru
888 4057 1072 4132 prouinciae
1100 4055 1130 4116 S.
1156 4055 1272 4116 Diduri

565 4153 752 4216 Meuicnnce
790 4149 921 4212 Ordinis
956 4149 1123 4212 Miaccum
1161 4147 1273 4210 Sancti

566 4244 735 4311 Francisci
757 4243 793 4304 dc
824 4240 1033 4306 Obseruantia
1061 4241 1274 4304 Diacclcentc-

565 4355 639 4402 runt
660 4339 715 4418 (2).

606 4467 608 4472 ’
697 4505 1015 4574 eeneotcrnsrc.
1035 4503 1105 4572 xvir.

668 4627 1131 4698 mmmmmmm

569 4811 637 4887 51.
661 4808 767 4886 Nuper
795 4823 850 4886 pro
878 4811 964 4884 parte
991 4804 1177 4867 dilectorum
1199 4803 1275 4865 tilio·

529 4920 600 4966 rum
622 4902 741 4980 Iosepbi
768 4900 806 4962 de
826 4900 920 4962 blessa
941 4905 971 4959 et
999 4897 1210 4958 Emmanuelis
1240 4898 1277 4957 de

530 4998 685 5070 Vicunna,
708 4994 840 5056 iratrum
861 5007 1003 5070 expresse
1025 4989 1230 5069 professorum
1245 5007 1278 5050 ac

529 5099 764 5170 procuratorum
785 5085 962 5166 provinciae
991 5084 1023 5147 S.
1054 5083 1156 5146 Oidaci
1185 5083 1279 5144 Maxi·-

529 5199 621 5246 canae
642 5182 763 5246 Ordinis
784 5181 939 5243 Minorum
955 5177 1057 5240 Sancti
1076 5175 1227 5238 Francisci
1242 5177 1279 5238 de

530 5276 727 5340 Obseruantia
742 5273 999 5336 Discalceatorum
1014 5277 1278 5346 nuncupatorum,

531 5369 770 5447 congregationi
782 5364 1279 5429 venerabiliumiratrumnostro-

530 5481 601 5526 rum
625 5463 655 5526 S.
673 5463 709 5523 tt.
727 5461 761 5522 Ε.
787 5458 997 5524 cardinalium
1016 5457 1149 5534 negotiis
1163 5466 1194 5519 et
1209 5474 1280 5520 con·

530 5555 748 5618 saltationibus
770 5553 993 5632 Episcoporum
1019 5559 1051 5612 et
1076 5549 1279 5627 Regularium

573 5755 602 5811 (1)
619 5758 725 5799 Comma
741 5753 810 5798 istud
824 5753 930 5798 ridetur
950 5751 1090 5808 legendum
1112 5757 1142 5796 ut
1161 5756 1279 5796 attuatic-

533 5825 562 5867 ut
564 5855 604 5866 .....
618 5824 773 5865 sanctaceartt
791 5824 948 5864 corumdem
969 5823 1089 5864 autumari
1101 5823 1234 5874 ueneratio
1248 5831 1279 5863 uc

532 5893 708 5943 circei-torum
723 5891 784 5932 dicti
800 5891 914 5933 Ordinis.

1036 578 1101 627 ltin.
1125 581 1217 627 rottr.
1241 583 1282 627 DE
1303 582 1331 628 P·
1356 583 1385 628 F·
1410 581 1492 629 PARS
1515 581 1535 625 1.

1315 699 1560 778 praepositorum
1583 699 1734 776 exposito,
1757 699 1839 778 quod
1862 697 1946 772 alias,
1968 697 2067 760 consi·

1316 793 1419 855 derata
1451 793 1622 869 exiguitate
1659 793 1785 854 numeri
1823 792 2067 868 guardiancrum

1315 886 1414 949 dictae
1444 885 1638 964 provinciae,
1662 901 1702 947 ne
1730 892 1855 964 propter
1882 886 2068 966 paucitatem

1315 979 1397 1040 itlius
1420 977 1586 1052 vocalium,
1602 994 1635 1038 ac
1650 976 1837 1040 divisionem
1857 985 1890 1040 et
1911 978 2068 1040 alternati·

1317 1087 1386 1133 vam
1410 1071 1442 1132 in
1458 1071 1492 1132 ea
1514 1069 1675 1146 vigentem
1698 1069 1871 1132 ciliciorum
1890 1070 1974 1132 inter
1993 1070 2068 1132 duas

1317 1165 1458 1227 nationes
1490 1163 1704 1240 Hispaniarum
1728 1169 1760 1224 et
1781 1163 1932 1238 indicam,
1955 1164 2067 1241 quibus

1316 1259 1424 1320 eadem
1440 1256 1596 1334 provincia
1611 1263 1741 1330 constat,
1758 1256 1883 1318 libertas
1897 1257 1929 1318 in
1945 1257 2068 1320 electio·

1317 1351 1408 1411 nibus
1430 1356 1579 1411 coarctata
1596 1349 1686 1423 leret,
1705 1350 1812 1425 vigore
1832 1349 1982 1412 facultatis
1996 1365 2069 1412 cou-

1317 1442 1409 1504 dendi
1431 1442 1552 1520 propria
1575 1451 1605 1503 et
1620 1441 1816 1521 particularia
1832 1449 1945 1506 statuta
1967 1443 2069 1505 tratri·

1318 1536 1374 1598 bus
1396 1534 1546 1613 praelatae
1567 1535 1743 1612 provinciae
1760 1551 1776 1595 a
1800 1535 1878 1598 Sede
1898 1537 2071 1614 apostatica

1318 1629 1502 1700 attributae,
1531 1643 1586 1705 per
1616 1629 1782 1705 quamdam
1812 1629 2070 1692 constitutionem

1319 1724 1457 1782 eiusdem
1480 1721 1656 1799 provinciae
1677 1736 1740 1799 cap.
1753 1737 1810 1796 rx.,
1832 1723 1851 1796 5
1869 1721 1916 1795 Η,
1933 1738 2020 1784 num.
2035 1723 2070 1784 li

1319 1815 1498 1878 ordinatum
1515 1813 1625 1887 iuerat,
1642 1813 1723 1890 quod
1740 1814 1772 1875 in
1787 1815 1927 1894 capitulis
1947 1817 2071 1894 provin·

1319 1907 1459 1980 cialibus,
1476 1913 1598 1984 praeter
1620 1913 1651 1968 et
1673 1906 1753 1969 ultra
1768 1907 1887 1968 vocales
1901 1907 2070 1970 definitorii

1321 2007 1351 2060 ct
1374 1999 1568 2075 guardinam,
1582 2009 1690 2060 votum
1707 1999 1773 2061 sive
1784 2000 1968 2078 sutiragium
1980 2001 2071 2063 babe-

1321 2102 1391 2154 rent
1407 2092 1460 2170 qni
1475 2092 1575 2154 luerat
1593 2099 1693 2154 custos
1705 2093 1736 2154 in
1753 2093 1864 2154 ultimo
1875 2094 2009 2172 capitulo
2020 2111 2071 2172 ge·

1321 2185 1418 2248 nerali
1435 2185 1508 2248 dicti
1523 2186 1644 2248 Ordinis
1659 2201 1693 2248 ac
1706 2185 1915 2265 praesidentes
1936 2204 2073 2251 conven-

1322 2287 1412 2344 tuum
1428 2278 1458 2341 S.
1479 2279 1579 2342 Oidaci
1596 2279 1758 2353 llexicani,
1776 2279 1807 2342 S.
1826 2280 1973 2342 Barbarae
1988 2281 2024 2342 de
2039 2282 2072 2344 lc

1322 2369 1454 2442 Paccio,
1480 2372 1509 2434 S.
1534 2371 1645 2432 Mariae
1660 2372 1696 2432 de
1711 2371 2073 2450 chcicpcsco,·secreta·

1322 2465 1386 2525 rins
1410 2465 1502 2542 ipsius
1525 2463 1711 2542 provinciae,
1734 2465 1759 2525 si
1781 2465 1984 2541 guardianatu
2004 2483 2073 2546 per-

1322 2557 1448 2619 functos
1464 2557 1584 2632 inisset,
1606 2558 1837 2620 concionatores
1852 2560 2074 2622 conventuales

1322 2649 1530 2728 praelatorum
1562 2649 1711 2712 iiexicani
1735 2657 1766 2712 et
1791 2650 1827 2712 dc
1849 2649 1881 2713 lc
1903 2649 2023 2715 Pueblc
2044 2670 2074 2714 a·

1323 2742 1500 2821 liorumque
1521 2744 1618 2806 dictae
1649 2743 1825 2821 provinciae
1845 2753 2072 2822 conventuum,

1324 2835 1354 2898 S.
1369 2837 1521 2898 Francisci
1536 2835 1574 2898 de
1585 2836 1711 2911 Oaxaca,
1723 2838 1863 2900 eiusdem
1876 2837 1906 2901 S.
1921 2840 2075 2902 Francisci

1323 2929 1361 2990 de
1393 2929 1539 3004 Pachom,
1562 2937 1594 2992 et
1614 2930 1645 2992 S.
1661 2929 1788 2992 Antonii
1811 2931 1913 3010 oppidi
1941 2931 2074 2995 civitatis

1324 3030 1520 3100 nuncupatae
1534 3023 1571 3084 de
1585 3024 1764 3098 Queretaro,
1781 3041 1814 3086 ac
1829 3026 1956 3086 demum
1978 3025 2074 3090 lector

1323 3116 1377 3193 qui
1399 3115 1550 3177 lecturam
1571 3115 1750 3194 quindecim
1771 3133 1927 3180 annorum
1949 3120 1981 3180 in
1996 3120 2076 3199 capi-

1324 3209 1391 3270 tulo
1421 3209 1602 3286 provinciali
1634 3225 1690 3286 pro
1722 3217 1863 3287 tempore
1892 3212 2075 3275 celebrando

1325 3301 1526 3380 explevisset,
1550 3317 1605 3380 pro
1628 3301 1678 3362 illa
1700 3301 1768 3364 vice
1790 3311 1927 3379 mutum,
1951 3313 1982 3366 et
2002 3306 2075 3366 alias

1325 3401 1417 3474 prout
1432 3395 1464 3456 iu
1479 3393 1558 3456 dicta
1576 3395 1798 3458 constitutione
1818 3397 1944 3459 uberius
1959 3399 2075 3461 diceba·

1326 3497 1378 3550 tur
1391 3487 1563 3550 contineri:
1581 3495 1612 3550 et
1626 3489 1660 3549 iu
1674 3490 1781 3552 eadem
1800 3491 1992 3569 expositione
2004 3491 2076 3554 sub·

1325 3581 1449 3655 iuncto,
1481 3579 1563 3658 quod
1594 3579 1705 3642 iratres
1726 3583 1904 3660 provinciae
1924 3583 2076 3662 praelatae

1282 3723 1288 3732 .
1328 3683 1389 3736 tam
1404 3681 1579 3736 enarratam
1597 3675 1863 3750 constitutionem,
1876 3692 1968 3753 quam
1983 3676 2076 3740 lacul-

1285 3811 1288 3820 ·
1328 3777 1422 3832 tatem
1451 3781 1544 3847 quaxn
1571 3767 1724 3830 habebant
1755 3783 1896 3846 quaeque
1923 3770 1957 3830 in
1984 3769 2077 3832 viridi

1327 3863 1520 3925 observantia
1544 3870 1626 3936 erat,
1650 3862 1838 3924 concedendi
1865 3879 1898 3924 ac
1919 3862 2076 3924 tribuendi

1327 3963 1438 4018 votum
1465 3973 1521 4018 seu
1541 3955 1723 4032 sulit-agium
1752 3955 1932 4017 huiusmodi
1952 3955 2080 4033 quibus·

1328 4051 1398 4112 dam
1427 4049 1522 4127 ipsius
1548 4049 1723 4126 provinciae
1745 4047 1869 4123 ciliciis,
1898 4048 1951 4110 ubi
1974 4047 2003 4108 id
2024 4065 2079 4110 ne-

1329 4143 1451 4204 cessitas
1472 4149 1525 4202 aut
1541 4141 1656 4202 utilitas
1671 4142 1769 4204 dictae
1783 4141 1960 4220 provinciae
1975 4141 2079 4218 exige-

1328 4243 1389 4309 ret,
1412 4234 1549 4312 illudque
1566 4233 1731 4295 revocandi
1748 4233 1868 4312 quoties
1883 4241 1973 4296 aucto
1988 4249 2078 4310 guar-

1329 4329 1495 4392 dianorum
1526 4327 1751 4405 praedictorum
1780 4343 1914 4389 numero
1948 4337 2080 4390 cessaret

1330 4422 1408 4483 ratic
1433 4420 1501 4482 talis
1533 4420 1738 4482 concessionis
1759 4421 1824 4482 voti
1847 4437 1903 4484 scu
1922 4421 2077 4500 sutiragii,

1331 4531 1387 4594 per
1408 4513 1520 4577 Sedem
1548 4513 1754 4591 apostaticam
1782 4515 1961 4576 confirmari
1989 4531 2081 4594 cupe-

1331 4616 1419 4684 rent3
1452 4606 1703 4685 quandoquidem
1745 4623 1833 4670 causa
1869 4607 1970 4670 finalis
2005 4623 2082 4685 aug-

1332 4699 1431 4762 menti
1452 4699 1607 4761 vocalium
1628 4716 1691 4762 uon
1713 4699 1771 4760 alia
1787 4699 1866 4762 toret
1881 4717 1973 4780 quam
1990 4701 2081 4764 liber-

1332 4801 1376 4856 tas
1405 4793 1582 4868 electionis,
1610 4810 1689 4872 quae
1719 4795 1838 4856 deesset
1859 4795 1885 4856 si
1906 4795 2016 4858 electio
2045 4797 2080 4858 ad

1332 4905 1443 4968 paucos
1471 4888 1590 4950 vocales
1612 4888 1874 4966 restringeretur,
1897 4904 1968 4951 curn
1997 4891 2081 4953 iuxta

1332 4987 1405 5047 alias
1430 4986 1528 5048 dictae
1550 4984 1727 5061 provinciae
1748 4984 1988 5047 constitutiones
2009 4985 2082 5046 defi-

1333 5083 1449 5144 nitores
1477 5079 1680 5159 provinciales
1708 5078 1846 5155 eligendi
1871 5077 1934 5140 sint
1955 5094 1994 5140 ex
2015 5094 2082 5155 gre·

1335 5177 1399 5237 mio
1425 5175 1520 5254 ipsius
1548 5173 1673 5252 capituli
1701 5171 1916 5250 provincialis,
1944 5187 1980 5232 eo
2002 5173 2083 5249 quod

1332 5269 1442 5330 electio
1464 5267 1531 5330 fieri
1559 5267 1667 5330 debeat
1699 5265 1883 5327 alternative
1903 5265 1987 5328 inter
2008 5266 2084 5327 duas

1334 5371 1518 5424 memoratas
1544 5362 1702 5434 nationes,
1731 5360 1911 5436 intorques
1932 5358 2031 5420 cilicia
2051 5375 2085 5420 ac

1333 5463 1415 5529 vota,
1438 5455 1558 5516 servata
1580 5454 1681 5516 debita
1702 5453 1912 5532 proportione,
1927 5451 2023 5514 divisa
2037 5465 2085 5512 re·

1334 5550 1511 5629 pariuntur,
1534 5547 1576 5610 ita
1591 5554 1641 5622 ut,
1658 5563 1718 5624 quo
1734 5545 1864 5625 amplior
1879 5553 1959 5607 esset
1974 5559 2084 5607 uume-

1376 5753 1406 5805 (2)
1422 5753 1458 5794 Ex
1473 5753 1536 5805 Reg.
1551 5748 1579 5792 in
1595 5747 1669 5792 arch.
1685 5749 1757 5790 Brev.
1773 5744 1833 5790 Alia
1851 5744 1932 5790 huius
1951 5743 2085 5789 Pontificis

1334 5818 1437 5863 constit.
1454 5817 1515 5863 edit.
1532 5826 1686 5868 mcccxxrx„
1705 5813 1747 5858 die
1761 5823 1824 5858 xxx.
1846 5811 2011 5870 septembris,
2027 5823 2087 5867 pon·

1335 5885 1372 5930 tit'.
1389 5897 1431 5940 v1.,
1446 5883 1632 5930 cortssrruatum
1647 5879 1697 5925 suit
1712 5879 1843 5936 quoddam
1858 5879 1993 5924 decretum
2009 5877 2037 5922 in
2051 5875 2086 5922 sa·

1335 5961 1424 5998 vorem
1439 5949 1570 5996 vocalium
1585 5947 1720 5994 indiarum
1736 5945 1950 5998 occidentalium.

2097 552 2152 606 An.
2166 553 2198 605 C.
2220 551 2298 604 1730
2396 608 2397 611 ,
