1290 1819
580 176 613 189 ΝΒ,
624 176 670 189 Pom.
682 176 703 189 ΒΕ
713 177 728 189 P·
739 176 754 189 1.
766 177 807 189 uns
817 176 828 189 1.

451 207 484 223 uias
497 207 532 223 lites
547 211 564 223 ae
579 207 691 223 controversias

462 232 495 246 tum
511 230 557 246 etiam
572 231 588 246 in
599 231 666 246 secunda
676 232 691 246 et

450 254 457 269 Δ
467 256 501 269 actu
512 253 603 273 pendentes,
613 258 630 270 ac
640 258 691 270 coram

457 277 533 293 iudicibus
549 279 564 293 et
579 277 691 296 tribunatibus,

450 300 503 320 emptis
509 300 638 320 etprivilegiatis,
644 301 691 316 etiarn

450 324 499 339 ssione
510 328 557 340 manu
568 324 619 340 nostrai
626 325 691 343 signata,

451 347 467 362 tii
475 347 554 367 apostolici
561 351 642 363 causarum
649 348 691 363 audi-

450 370 480 386 eris
493 370 644 390 congregationibus,
656 375 692 386 nee-

450 393 513 410 Sanctae
520 394 563 409 Sedis
570 394 589 409 de
596 394 644 410 latere
651 394 693 413 lega-

450 421 472 435 1e,
478 421 563 437 earumque
568 419 622 436 status,
628 417 692 433 nomina

450 440 518 456 iudicum
531 442 547 456 et
557 440 691 460 conlitigantium,

451 464 508 479 essario
512 464 650 483 exprimendorum
656 468 692 484 qua-

450 487 537 506 mstantias,
551 487 657 507 praesentibus
668 487 692 503 iit-

451 511 502 526 ienter
512 511 587 530 expressis
596 510 670 526 babentes
677 513 692 526 et

450 535 484 553 ttes,
495 534 551 549 harum
563 534 604 549 serie
614 534 693 553 extingui·

453 559 469 572 et
476 557 560 575 abolemus,
569 559 693 577 perpetuumque

450 583 491 596 etero
502 580 523 596 eis
530 580 589 600 imponi
597 580 670 596 volumus
677 583 693 596 et

450 631 492 647 nque
500 628 564 648 insuper
570 628 629 644 litteras
636 630 651 644 et
659 632 693 647 gra—

450 651 488 667 mles
497 655 544 671 quam
552 651 649 671 temporales,
657 655 692 666 con-

450 674 529 694 ilgentias,
545 675 658 694 exemptiones,
670 675 693 690 in-

450 702 466 716 u,
477 698 631 716 communicationes.
639 700 693 714 exten·

450 725 478 739 tes.
490 722 611 741 praerogativas,
623 721 692 740 favores,

450 744 527 760 missiones
537 746 553 760 et
563 745 625 763 similia,
633 747 666 760 tam
676 745 692 760 in

452 772 462 783 n
472 768 527 788 speeie,
536 768 607 784 [ratribus
614 770 630 784 et
637 768 693 784 sorori-

457 791 476 807 de
488 791 592 810 Poenitentia,
607 796 693 811 eorumque

450 814 515 833 omibus,
531 815 655 834 conservatoriis,
666 817 693 831 aut

451 838 494 853 mine
507 838 599 858 nuncupatis
613 838 693 854 habitatio-

450 871 451 875 ,
461 861 515 879 etiam,
522 861 593 877 oratoriis
602 864 618 877 et
625 861 692 881 capellis,

456 887 472 900 et
481 884 548 903 directe,
564 887 591 901 aut
606 885 653 901 etiam
666 889 693 905 per

452 912 477 923 em
493 912 528 925 cum
542 908 575 924 aliis
585 909 668 924 Ordinibus
678 911 693 924 ct

450 933 491 947 trum
507 931 591 951 minorum,
602 936 610 947 a
621 932 693 948 Romanis

453 955 553 970 temsoribus
564 955 621 971 nostris
629 960 694 975 quomo-

450 982 461 993 ιιι
475 978 549 997 (quorum
564 980 642 998 tenorem,
654 983 670 995 ac
680 979 693 994 si

450 1001 503 1017 erbum
511 1001 535 1017 bis
542 1002 599 1018 nostris
607 1002 662 1018 litteris
670 1003 693 1018 in-

450 1025 476 1040 ›cri
490 1025 563 1041 volumus
573 1030 601 1045 pro
615 1026 693 1046 expresso)

450 1048 540 1068 pprobamus
551 1050 566 1064 ot
576 1049 693 1068 confirmamus,

466 1072 533 1090 cautela,
548 1072 629 1092 apostolica
643 1075 694 1088 aucto-

450 1095 466 1110 le
477 1099 518 1110 novo
530 1095 629 1111 concedimus
639 1098 654 1111 et
665 1096 694 1112 lar-

450 1146 456 1157 )
466 1142 570 1158 detractorum
581 1143 662 1159 calumniis
669 1143 695 1158 ad-

450 1165 522 1184 udinem,
534 1168 609 1186 quantum
621 1167 665 1182 nobis
675 1171 694 1182 ex

450 1193 459 1207 ·,
467 1193 572 1209 occurramus,
579 1192 694 1206 antecessorum

451 1212 491 1231 tigiis
501 1212 605 1232 inhaerentes,
616 1214 642 1233 qui
653 1214 695 1229 bunc

450 1240 466 1251 m
478 1238 494 1252 et
509 1236 575 1252 formam
590 1237 695 1257 approbarunt

450 1261 471 1274 int
482 1261 508 1275 aut
518 1260 565 1275 etiam
574 1260 639 1275 summis
647 1260 695 1276 laudi-

450 1294 454 1301 ,
463 1286 490 1298 nos
498 1283 570 1298 eumdem
577 1285 655 1302 sunctum,
663 1287 695 1299 me-

451 1306 523 1321 ristianae
533 1306 624 1325 perfectioni
635 1306 696 1322 confor-

450 1333 501 1345 rernm
508 1331 522 1345 et
528 1330 609 1349 proprium
615 1329 694 1348 Ordinem.

456 1352 499 1371 orbe,
509 1356 528 1368 ex
539 1353 642 1369 saecularibus
654 1353 696 1369 aliis-

450 1379 465 1391 er
475 1376 564 1392 viventibus
574 1378 589 1392 et
599 1376 695 1395 regularibus

450 1399 536 1419 npositum,
550 1401 567 1415 ut
579 1404 587 1415 a
598 1404 696 1419 quacumque

462 1427 482 1438 ex
494 1423 609 1442 comprehensis
622 1423 638 1438 in
652 1423 695 1439 Bulla

450 1446 509 1461 *moriae
521 1446 605 1462 Clementis
616 1446 643 1462 Pe.
655 1446 694 1462 viiii

450 1469 520 1488 tinctum,
532 1471 584 1489 utpote
591 1470 618 1489 qui
625 1470 654 1485 sub
661 1474 695 1490 pro-

453 1493 480 1508 bac
487 1493 554 1509 Romana
561 1493 600 1509 Sede
607 1494 695 1513 approbata,

450 1528 452 1535 ,
466 1516 561 1536 professione
571 1518 586 1532 et
597 1517 656 1536 babitu,
667 1517 696 1532 sub

1106 170 1132 185 Δι.
1140 171 1157 185 C.
1167 172 1198 186 tm

718 207 765 223 certis
775 207 821 223 modo
831 208 847 222 et
857 206 911 225 torma,
919 208 965 226 prout
973 206 1020 222 ceteri
1027 206 1092 222 Ordines

719 232 753 246 tum
764 230 843 249 regulares
855 232 888 246 tum
898 230 974 245 militares
984 232 1000 246 et
1006 230 1031 245 alii
1039 230 1092 245 buius-

719 254 761 269 modi
775 255 896 272 cousueverunt,
911 254 994 273 dispositus
1008 253 1092 273 reperitur,

719 277 766 292 fuisse
775 281 837 297 semper
847 278 862 292 et
873 281 906 292 esse
916 277 1014 292 decernimus
1021 279 1037 292 et
1044 276 1093 292 decla-

719 304 776 316 ramus.
788 300 839 320 Atque
849 302 892 316 motu
906 300 953 315 simili
968 300 1039 319 regulam
1050 303 1094 319 prae-

719 324 775 339 dictam
788 328 796 339 a
807 323 856 339 felicis
870 323 980 339 recordationis
993 323 1094 339 antecessori-

720 347 747 362 bus
753 347 810 363 nostris
816 347 889 363 Romanis
895 347 994 363 Pontificibus
1000 346 1092 363 Nieolaolv.

719 374 747 390 pro
755 370 833 386 Tertiariis
841 371 924 390 utriusque
930 374 977 386 sexus
984 372 999 386 et
1006 371 1093 386 cuiuscum-

719 398 750 413 que
762 395 816 413 status,
827 394 860 409 sive
874 394 971 410 ecclesiastici
984 394 1017 410 sive
1030 394 1092 413 laicalis,

719 417 864 437 quomodocumque
879 417 895 433 in
911 417 972 433 saeculo
987 418 1017 433 sub
1032 418 1094 437 proprio

720 442 760 456 tecto
770 444 787 456 ac
797 440 814 456 in
825 440 897 460 coniugio
908 441 940 460 ipso
951 441 1049 460 degentibus,
1060 445 1093 456 xvi.

719 463 792 479 kalendas
804 464 897 483 septembris
908 468 1008 480 nccnxxxm
1020 464 1095 484 approba-

720 488 756 505 tam,
768 491 775 502 a
786 487 868 503 Clemente
879 487 904 506 V.,
913 491 937 503 ιιι.
946 487 1020 503 kalendas
1027 489 1093 507 septem-

720 510 751 526 bris
761 515 847 530 ucccvun,
858 512 905 531 atque
915 515 923 526 a
934 511 1009 530 Gregorio
1016 511 1050 530 XL,
1058 516 1092 527 vni.

720 533 754 549 idus
765 534 838 550 lebruarii
849 538 950 553 accccxxu..
961 534 1026 554 aliisque
1036 535 1052 550 in
1063 534 1093 550 tor-

720 558 744 573 ma
751 558 821 577 specifica
828 558 940 576 confirmatam,
947 562 975 573 nec
983 562 1014 574 non
1022 562 1050 578 per
1055 558 1093 574 Leo-

720 586 756 597 nem
762 581 789 600 X„
797 585 825 600 pro
832 581 901 601 personis
909 581 937 597 tria
944 581 1050 597 substantialia
1058 584 1093 597 vota

720 605 833 623 emittentibus,
845 604 974 620 accommodatam
985 607 1000 620 et
1006 605 1093 625 appropria-

721 631 751 644 tarn
762 632 789 648 per
801 628 873 648 quasdam
884 632 919 644 suas
927 628 985 644 litteras
993 628 1092 648 incipientes:

721 652 766 667 Inter
776 653 837 667 ceteras
847 654 883 670 etc.,
894 651 923 667 sub
933 651 986 667 datum
997 651 1055 667 Romae
1065 656 1092 667 xx.

721 675 786 690 ianuarii
797 678 854 690 nnxxr.
866 679 894 690 nos
904 675 956 690 denuo
967 675 1068 695 approbamus
1078 678 1094 691 et

720 698 835 716 confirmamus,
847 700 892 718 atque
906 698 988 718 apostolica
1003 699 1094 715 auctoritate

720 723 814 741 perpetuum
825 721 902 736 firmitatis
912 721 960 737 robur
970 722 1055 737 adiicimus.

740 745 749 764 ἓ
759 745 774 760 5.
787 744 816 760 Sed
826 745 861 764 quia
872 744 926 760 accidit
937 744 980 764 olim,
991 747 1007 760 et
1017 749 1049 761 non
1060 746 1094 761 sine
1115 748 1204 761 mmai-mantnt

720 768 768 784 animi
779 768 828 784 nostri
835 768 887 783 dolore
895 768 911 783 in
919 768 951 783 dies
958 768 1004 784 etiam
1012 769 1093 784 didicimus
1103 762 1205 790 ῗῗῃῖζξωξξξξῖ

720 791 789 809 evenire.
801 793 818 807 ut
829 791 883 806 iratres
890 791 926 807 dicti
934 791 1001 810 Ordinis,
1008 792 1093 808 saeculares
1103 792 1160 803 numqua
1177 792 1184 800 ²

720 815 815 835 praesertim,
827 814 894 830 ministri
905 814 981 834 generalis
992 815 1039 831 totius
1050 816 1093 831 Ordi-
1102 802 1205 831 ss‘fflfffflq'ssnffi

720 838 744 854 nis
755 838 831 854 Minoi-um
843 840 858 853 et
869 838 988 858 provincialium
998 839 1092 859 respective,
1102 829 1137 854 ῗιιοῗιι
1143 829 1206 858 4ἳὶἳῖξὶἳῖ

720 865 787 881 quorum
798 865 844 877 curae
854 863 869 877 et
881 861 982 877 iurisdictioni
994 862 1031 878 baec
1038 862 1092 878 Sancta
1103 856 1205 881 22333¹¹¹it=ffi

720 884 767 901 Sedes
777 888 803 900 eos
818 884 880 900 subesse
895 884 952 903 voluit,
963 885 1066 901 obedientiam
1078 888 1093 901 et
1102 883 1205 908 ffflffifflffl'ggj

720 908 791 927 regimen
807 908 915 927 detrectantes,
927 910 942 923 et
957 912 989 924 non
1005 912 1064 928 parere,
1076 911 1093 925 ut
1103 911 1128 922 ²¹¹*-

720 931 783 950 debent,
794 931 820 946 sed
833 931 915 951 imperare,
926 931 967 951 quod
980 935 1012 947 non
1024 934 1093 952 possunt,

720 955 780 974 saepius
793 954 890 973 affectantes,
907 955 959 970 omnia
972 959 1030 975 susque
1044 956 1094 976 deque

721 980 788 996 vertant,
797 977 898 997 regulamque
906 978 1000 998 praedictam
1007 983 1024 994 ac
1030 980 1093 998 statuta,

720 1003 766 1021 atque
776 1002 813 1017 adeo
824 1003 914 1017 nostrorum
923 1001 969 1017 etiam
978 1003 1093 1018 antecessorum

721 1024 845 1043 constitutiones.
852 1025 922 1044 quamvis
929 1025 1005 1041 contraria
1012 1026 1094 1042 intenden-

721 1050 743 1063 tes
754 1050 800 1067 atque
811 1048 930 1068 praecipientes,
942 1049 1022 1064 inflectant
1033 1049 1049 1065 in
1059 1053 1094 1065 sen-

720 1076 746 1087 sus
756 1075 798 1090 suos.
809 1073 825 1087 et
835 1071 914 1087 multotiae
924 1072 1093 1092 (li-dinariislocorum,

721 1097 748 1110 aut
757 1095 784 1110 sua
795 1096 855 1114 sponte,
863 1096 889 1110 aut
896 1095 915 1110 ad
922 1099 977 1111 eorum
984 1095 1050 1111 fratrum
1058 1096 1094 1112 Ter-

722 1118 803 1133 tiariorum
817 1118 914 1137 instantiam,
928 1119 1027 1134 mittentibus
1037 1121 1053 1134 et
1063 1123 1094 1139 quo

722 1141 796 1161 prohibiti
811 1143 853 1160 sunt,
866 1142 987 1157 extendentibus
1002 1146 1067 1158 manum
1077 1143 1093 1158 in

722 1168 754 1180 nou
765 1168 808 1180 suam
820 1165 859 1180 banc
870 1169 941 1184 messem,
952 1169 980 1185 pro
992 1165 1032 1181 bona
1043 1166 1093 1185 fruge,

722 1192 766 1208 quae,
778 1190 795 1204 ut
805 1188 903 1204 desideranda
911 1191 940 1207 est,
948 1189 994 1204 etiam
1001 1189 1094 1209 expectanda

722 1213 767 1230 esset,
782 1212 841 1227 zizania
856 1212 964 1227 tantummodo
978 1212 1093 1232 produt-‚autori

722 1239 755 1253 nos,
762 1235 836 1250 memoria
844 1235 928 1251 recolentes
935 1235 1005 1255 primum
1011 1236 1053 1251 bunc
1058 1236 1095 1251 Ter-

722 1258 739 1273 tii
750 1258 812 1274 Ordinis
821 1260 885 1277 statum,
892 1258 995 1274 saecularium
1003 1263 1060 1279 nempe
1066 1259 1095 1275 sub

722 1282 785 1301 proprio
799 1283 839 1297 tecto
853 1282 954 1301 degentium.
969 1282 1006 1297 dum
1020 1282 1095 1298 institutis

721 1305 753 1321 suis
763 1305 853 1320 obedienter
861 1305 944 1324 insisteret,
953 1309 985 1321 non
993 1307 1054 1321 tantum
1062 1310 1095 1326 pra—

723 1332 749 1344 vos
759 1328 853 1348 populorum
864 1332 914 1344 mores
925 1329 940 1344 in
951 1329 1007 1345 melius
1014 1329 1096 1345 reformas-

722 1355 744 1370 se,
755 1352 781 1367 sed
792 1352 838 1367 etiam
852 1352 936 1367 sanctitatis
950 1353 1022 1372 egregiae
1036 1353 1095 1368 tructus

724 1375 809 1390 uberrimos
823 1375 910 1395 protulisse.
921 1376 1034 1396 cupientesque
1043 1376 1095 1396 ipsum

722 1398 740 1414 ad
748 1398 822 1418 pristinae
829 1398 941 1418 observantiae,
952 1403 999 1419 quem
1007 1399 1057 1415 tenuit
1064 1400 1095 1419 api-

717 1425 762 1440 cem,
770 1426 848 1440 revocare,
857 1424 900 1438 motu
910 1422 958 1438 simili
969 1423 1019 1442 deque
1025 1423 1095 1443 apostoli-

722 1449 749 1461 cae
759 1445 838 1465 potestatis
848 1445 953 1465 plenitudine,
964 1450 1018 1461 omnes
1028 1448 1044 1461 et
1051 1450 1094 1466 quas-

722 1473 790 1489 cumque
797 1469 856 1484 litteras
863 1469 958 1489 apostolicas,
966 1473 993 1489 per
1000 1473 1038 1489 quas
1044 1469 1095 1489 aliqua

722 1493 827 1512 superioritas,
835 1493 957 1512 praeeminentia
967 1495 983 1508 et
990 1493 1072 1508 auctoritas
1078 1493 1095 1508 in

723 1516 791 1532 eiusdem
803 1516 869 1532 instituti
881 1516 936 1532 fratres
946 1518 962 1532 et
972 1520 1032 1532 sorores
1039 1516 1096 1537 prima-
