4880 6982
339 561 528 618 tn.e.1rte
578 569 638 632 313

560 707 729 785 inveneris,
746 725 797 772 eos
812 710 952 790 protinus
968 709 1004 772 ab
1019 709 1117 772 olllcio
1139 727 1301 774 remouere

558 811 589 865 et
610 819 753 867 revocare
771 805 899 868 omniuo
913 805 1022 868 debeas
1042 805 1108 867 sive
1129 805 1166 867 ab
1185 805 1301 868 eisdem

561 897 713 976 Episcopis
729 897 937 975 Suliraganeis
956 897 1126 978 respective
1148 899 1302 962 removeri

558 1007 591 1052 ac
606 991 743 1052 revocari
758 1009 846 1053 cures
860 999 891 1053 et
906 993 1033 1054 mandes
1048 992 1300 1072 quamprimum:

559 1083 701 1161 praelatis
715 1092 820 1147 autem
836 1085 962 1148 Vicariis
978 1085 1159 1165 apostolicis
1181 1103 1302 1148 necnon

560 1175 776 1240 visitatoribus
807 1180 980 1258 ceterisque
1005 1179 1177 1255 ministris,
1211 1181 1303 1256 quia

560 1271 647 1332 nobis
674 1278 706 1332 et
732 1273 769 1333 ab
796 1273 851 1335 hac
873 1271 903 1334 S.
922 1272 1000 1336 Sede
1022 1274 1054 1334 in
1076 1273 1138 1336 illis
1165 1273 1304 1352 partibus

558 1364 719 1443 bucusque
733 1365 871 1444 deputati
890 1367 1018 1430 luerunt
1033 1366 1083 1429 vel
1098 1368 1129 1430 in
1144 1378 1303 1446 posterum

560 1458 804 1535 deputabuntur,
824 1475 886 1522 non
909 1462 1000 1524 modo
1021 1460 1146 1524 nullum
1169 1461 1304 1539 interpo-

560 1567 614 1612 nas
635 1552 913 1631 impedimentum,
938 1554 1106 1634 quominus
1128 1555 1185 1634 ipsi
1209 1555 1303 1617 trihu-

561 1651 623 1706 tam
645 1646 701 1708 sihi
725 1647 970 1711 iurisdictionem
993 1650 1024 1710 in
1047 1648 1119 1712 locis
1145 1649 1304 1725 assignatis

560 1753 705 1801 exercere
726 1748 757 1803 et
788 1737 982 1804 facultatibus
1007 1743 1119 1822 quibus
1140 1743 1305 1822 potiuntur

561 1831 607 1893 uti
630 1831 726 1894 libere
747 1836 883 1912 possiut3
907 1838 958 1899 sed
981 1835 1042 1898 illis
1064 1837 1166 1915 potius
1187 1852 1242 1915 pro
1257 1835 1303 1911 ea,

561 1941 654 2003 quam
676 1927 764 1989 nobis
783 1935 813 1990 et
828 1929 928 1992 eidem
950 1930 981 1993 S.
999 1930 1071 1993 Sedi
1092 1931 1195 2004 debes,
1218 1945 1307 1991 reve·

561 2019 662 2082 rencia
683 2028 714 2082 et
734 2022 909 2086 obedientia
930 2025 1030 2086 faveas
1052 2031 1082 2087 et
1103 2025 1233 2086 assistas.

601 2117 619 2191 5
640 2117 669 2177 l.
694 2117 736 2180 Te
757 2119 883 2180 demum
900 2118 931 2181 iu
951 2118 1083 2182 Domino
1098 2134 1190 2197 quam
1213 2117 1305 2179 enixe

560 2211 740 2285 hortamur,
763 2219 856 2289 atquc
877 2212 970 2273 etiam
992 2213 1152 2292 apostolica
1174 2211 1305 2274 auctori·

561 2310 623 2364 tate
653 2302 685 2365 in
717 2304 834 2366 virtute
868 2311 989 2366 sanctae
1024 2304 1217 2367 obedientiae
1249 2303 1304 2365 tibi

561 2396 766 2475 praecipimus
787 2404 819 2459 et
841 2400 1034 2474 mandamus,
1052 2405 1086 2461 ut
1106 2397 1305 2460 iurisiurandi

561 2505 703 2564 memor,
731 2491 811 2570 quod
835 2493 867 2553 iu
888 2493 1084 2572 suscipiendo
1105 2489 1306 2556 consecratio·

562 2583 610 2644 nis
631 2598 761 2645 munere
781 2585 957 2664 propediem
979 2587 1150 2648 emissurus
1165 2603 1208 2660 ee,
1225 2585 1307 2649 debi-

562 2683 624 2737 tam
646 2679 806 2740 antedictis
834 2677 1006 2757 apostolicis
1032 2680 1306 2744 constitutionibus

561 2784 595 2829 ac
605 2769 816 2833 omnimodam
827 2771 1035 2834 obedientiam
1049 2773 1169 2836 sincera
1183 2787 1306 2852 promp-

561 2861 665 2940 taque,
688 2871 723 2925 ut
744 2863 841 2941 decet,
864 2871 971 2928 mente
993 2874 1137 2945 praestes,
1160 2875 1191 2930 et
1210 2881 1306 2945 quan-

562 2963 630 3016 tum
652 2956 685 3017 in
706 2965 739 3018 te
759 2959 818 3019 erit
839 2958 876 3021 ab
896 2958 963 3020 aliis
984 2959 1076 3020 etiam
1099 2959 1245 3037 praestari
1261 2977 1305 3022 sa-

562 3057 667 3126 tagas;
700 3050 895 3129 potissimum
923 3069 999 3114 vero
1025 3053 1116 3116 aliam
1138 3055 1307 3116 novissime

564 3159 676 3222 nempe
691 3145 741 3208 die
755 3160 822 3207 xxx.
838 3147 941 3208 martii
962 3149 1036 3208 anni
1055 3147 1198 3226 proxime
1212 3148 1307 3226 elapsi

562 3253 655 3315 super
676 3238 786 3300 ritihus
807 3256 862 3302 seu
883 3241 1084 3303 caeremoniis
1102 3241 1308 3306 sinensibusa

564 3330 651 3392 uobis
666 3331 780 3394 editam
794 3335 1061 3409 constitutionem,
1078 3335 1166 3398 cuius
1181 3335 1307 3396 initium

564 3431 610 3484 est
631 3422 683 3485 Ec
710 3425 852 3498 illudis,
876 3429 1135 3506 quotiescumque
1162 3435 1307 3506 opportu-

564 3535 603 3582 na
626 3519 680 3581 tibi
708 3536 741 3582 se
768 3520 916 3583 obtulerit
944 3521 1211 3584 missiouariorum
1239 3521 1308 3584 illac

564 3614 852 3692 pertranseuntium
887 3615 1023 3689 occasio,
1059 3629 1092 3675 ac
1126 3615 1307 3693 praesertim

564 3721 620 3783 per
641 3707 855 3784 Souraganeos
876 3709 1040 3786 Episcopus
1065 3708 1308 3786 comprovincia-

564 3799 608 3861 les
630 3809 698 3862 tuos
713 3800 745 3862 in
759 3795 876 3863 casib'us
891 3801 928 3864 ab
942 3800 1048 3863 eadem
1070 3803 1173 3863 nostra
1196 3801 1309 3863 cousti-

563 3893 686 3956 tutione
700 3894 771 3973 ipsis
785 3895 967 3970 commissis,
981 3895 1137 3972 exequiae
1151 3895 1308 3958 observari

563 4003 663 4064 cures,
679 3988 831 4066 faciasque
846 3997 881 4052 ut
896 3989 958 4065 illa,
975 3997 1127 4068 quantum
1142 3989 1173 4050 in
1191 3997 1221 4050 te
1236 3990 1306 4063 erit,

563 4082 738 4162 plenarium
764 4101 856 4147 suum
883 4091 976 4163 atque
998 4086 1174 4162 integrum,
1199 4091 1233 4146 ut
1254 4099 1308 4162 par

562 4187 619 4254 est,
641 4180 790 4242 sortiatur
810 4181 968 4242 ellectum.
994 4179 1140 4242 Ceterum
1163 4187 1198 4241 ut
1223 4193 1307 4256 prae-

561 4273 694 4336 latarum
716 4281 892 4337 nostrarum
915 4273 1107 4352 aliarumque
1129 4271 1308 4352 apostotica-

562 4381 633 4428 rum
669 4365 930 4428 constitutionum
964 4365 1128 4428 certiorem
1164 4363 1307 4426 notitiam

561 4459 681 4534 habeas,
705 4458 829 4522 illarum
850 4459 990 4537 exempla
1013 4475 1109 4522 manu
1124 4458 1237 4520 notarii
1252 4474 1307 4536 pu·

562 4551 632 4614 blici
653 4552 823 4632 subscripta
838 4560 870 4614 et
884 4553 987 4629 sigillo
1003 4567 1150 4631 personae
1165 4552 1198 4613 iu
1214 4549 1307 4613 eccle-

560 4646 678 4708 siastica
700 4646 848 4723 dignitate
870 4647 1057 4709 constitutae
1078 4646 1199 4708 munita
1221 4647 1256 4707 ad
1278 4653 1308 4706 te

561 4739 724 4814 mittimus,
747 4747 779 4801 et
800 4746 866 4802 tum
890 4739 939 4802 illa
962 4747 1031 4802 tum
1052 4740 1146 4802 etiam
1169 4739 1222 4802 has
1251 4755 1307 4801 no-

560 4841 639 4895 stras
667 4833 770 4895 literas
798 4834 884 4896 reddi
915 4834 968 4897 tibi
990 4834 1136 4896 volumus
1157 4849 1211 4912 per
1232 4849 1305 4894 ven.

561 4925 688 4988 tratrem
711 4927 913 4990 vincentium
938 4927 1211 5006 hrchiepiscopum
1233 4927 1308 4988 Lao-

561 5017 663 5080 diceae
690 5019 851 5084 Nunciuna
881 5022 949 5084 istic
976 5031 1141 5094 nostrum,
1171 5021 1219 5082 cui
1251 5021 1309 5082 hoc

560 5112 734 5190 specialiter
749 5114 955 5192 iniungimus,
972 5115 1095 5193 plenam
1118 5115 1174 5192 ipsi
1189 5113 1226 5175 de
1240 5113 1307 5174 illo-

561 5221 633 5267 rum
645 5208 891 5285 praesentatione
904 5209 957 5271 tibi
970 5209 1044 5270 lacta
1056 5209 1148 5271 fidem
1159 5207 1306 5268 habituri.

562 5298 703 5376 Tibique,
716 5301 827 5364 dilecte
843 5301 898 5376 lili,
911 5303 1107 5381 apostolicam
1122 5301 1309 5362 henedictio-

563 5413 648 5471 nem,
671 5411 764 5476 quam
785 5397 962 5458 caelestium
984 5397 1205 5458 charismatum
1221 5393 1308 5455 donis

562 5492 713 5556 cumulari
725 5492 878 5571 cupimus,
888 5498 1084 5569 peramanter
1095 5487 1306 5565 impertimur.

603 5589 715 5651 Datum
736 5589 866 5660 Romae,
900 5584 978 5663 apud
1008 5585 1037 5646 S.
1065 5582 1191 5646 llariam
1217 5580 1308 5642 bloio-

564 5700 632 5746 rem
653 5683 711 5744 sub
735 5681 853 5744 annulo
874 5679 1045 5753 Piscatoris,
1071 5677 1119 5738 die
1142 5691 1175 5736 ιι.
1204 5675 1309 5736 ianua·

565 5780 603 5841 rii
623 5793 790 5852 unccxvx,
807 5775 1003 5856 pontificatus
1024 5773 1122 5834 nostri
1144 5787 1226 5834 auno
1241 5786 1305 5830 xri.

1038 597 1055 632 0
1077 591 1140 636 tuh.
1166 590 1256 636 ΡΟΝΤ.
1280 589 1320 633 llll
1341 589 1369 634 P·
1394 589 1423 634 F·
1449 589 1530 634 exus
1553 589 1573 632 l.

1697 705 1758 768 Lll.

1359 893 1528 974 Significat
1550 907 1681 956 consona
1705 892 1832 954 rituum
1854 891 2034 953 circensium
2055 891 2104 952 de·

1398 987 1525 1066 finitent
1548 1002 1630 1056 esso,
1653 990 1684 1046 ct
1706 985 1789 1064 repis
1815 985 2017 1062 praesidium
2047 985 2104 1046 irrr-

1398 1082 1503 1158 plorot
1525 1085 1563 1142 at
1585 1095 1664 1157 quoe
1691 1078 1815 1140 decreta
1837 1077 1873 1139 dc
1894 1077 1945 1138 his
1966 1081 2103 1160 suerunt

1399 1180 1551 1236 accurate
1573 1171 1806 1234 custodiantur
1827 1170 1882 1250 (l).

1359 1356 1523 1426 carissimo
1553 1357 1580 1423 in
1614 1356 1735 1424 cbristo
1767 1355 1832 1422 lilio
1866 1361 1970 1424 nostro
2004 1355 2103 1422 loanni

1401 1450 1606 1534 Portugalliae
1622 1455 1655 1517 et
1673 1449 1879 1534 ltparbiorun
1897 1447 1970 1533 Regi
1988 1447 2103 1530 thoart,

1560 1596 1746 1666 CLEMENS
1770 1597 1829 1666 ΡΡ.
1853 1598 1897 1666 ΧΙ.

1450 1738 1613 1806 carissime
1636 1737 1663 1803 in
1687 1736 1807 1804 christo
1829 1735 1873 1804 lili
1896 1742 2010 1816 noster,

1392 1835 1574 1903 salutemet
1598 1831 1794 1916 apostoticam
1821 1832 2072 1900 benedictionem.

1399 2028 1418 2102 ἓ
1442 2027 1467 2088 l.
1491 2027 1616 2088 Praeter
1636 2039 1763 2088 omnem
1785 2025 2029 2104 expectationem
2049 2041 2104 2087 no-

1359 2128 1455 2183 stram
1486 2136 1524 2181 ex
1550 2119 1649 2181 literis
1680 2118 1845 2180 maiestatis
1876 2125 1948 2180 tuae
1974 2119 2024 2181 die
2045 2136 2101 2182 ιιιι.

1360 2214 1481 2292 augusti
1503 2213 1645 2292 proxime
1666 2211 1824 2290 praeteriti
1846 2213 1882 2274 ad
1898 2228 1953 2273 nos
1968 2213 2056 2288 datis,
2073 2219 2104 2274 et

1360 2307 1508 2371 adllecto
1539 2307 1602 2368 lilio
1631 2305 1727 2368 nobili
1759 2303 1826 2365 viro
1858 2305 2036 2367 marchione
2067 2307 2105 2368 de

1361 2403 1473 2466 Fontes
1503 2401 1630 2463 Oratore
1661 2407 1714 2462 tuo
1746 2399 1988 2462 extraordinario
2016 2398 2105 2461 nobis

1360 2495 1497 2570 redditis,
1521 2494 1633 2556 delatas
1655 2509 1671 2554 a
1692 2501 1722 2555 te
1743 2492 1883 2572 querelas
1908 2493 2100 2572 accepimus,

1361 2605 1396 2652 eo
1418 2589 1487 2667 quia
1509 2588 1543 2650 in
1564 2587 1689 2664 negotio
1705 2587 1869 2649 erectionis
1892 2586 1988 2648 trium
2010 2603 2105 2648 noro-

1361 2699 1431 2746 rum
1454 2683 1691 2761 Episcopatuum
1709 2680 1742 2742 in
1758 2680 1852 2752 Sinis,
1870 2697 1974 2758 quam,
1991 2688 2026 2742 ut
2041 2697 2106 2742 om-

1361 2793 1416 2840 nes
1438 2777 1470 2838 in
1493 2774 1651 2855 posterum
1670 2773 1852 2854 amplissimi
1875 2774 1959 2836 illius
1980 2773 2104 2853 imperii

1361 2870 1538 2950 provinciae
1556 2887 1571 2930 a
1586 2869 1719 2948 propriis
1741 2867 1913 2947 pastoribus
1934 2868 2002 2943 regi
2023 2867 2106 2928 vale-

1362 2973 1444 3039 rent,
1464 2963 1554 3026 enixe
1570 2980 1585 3024 a
1601 2963 1689 3024 nobis
1711 2961 1865 3039 flagitasti,
1889 2959 2040 3023 eiusmodi
2055 2977 2106 3040 po·

1361 3057 1554 3121 stolatistuis
1576 3072 1640 3118 non
1663 3054 1951 3118 obsecundarimus.
1975 3053 2106 3116 Omnem

1361 3151 1514 3230 siquidem
1526 3165 1613 3228 spem
1627 3147 1824 3222 habebamus,
1837 3147 1903 3209 lore
1918 3156 1952 3210 ut
1967 3147 2106 3209 maiestas

1364 3253 1414 3308 tua
1441 3244 1570 3306 omnino
1602 3241 1745 3320 probaret
1775 3242 1912 3304 rationes
1944 3241 2008 3302 illas
2041 3240 2107 3304 luse

1362 3339 1462 3401 eidem
1488 3336 1607 3399 Oratori
1636 3343 1690 3398 tuo
1717 3351 1822 3396 coram
1853 3333 2038 3413 explicatas,
2068 3336 2107 3397 ob

1362 3448 1436 3510 quas
1451 3445 1628 3507 congruum
1649 3429 1736 3490 nobis
1759 3427 1890 3490 minime
1910 3428 2014 3490 visum
2037 3428 2106 3501 luit,

1363 3524 1561 3604 inpraesenti
1576 3522 1754 3602 perturbato
1770 3537 1876 3584 rerum
1891 3527 1985 3596 statu,
1997 3523 2031 3583 in
2046 3537 2107 3600 quo

1363 3619 1523 3681 missiones
1544 3617 1657 3678 sinicae
1672 3615 1883 3693 reperiuntur,
1901 3617 1938 3677 de
1952 3629 2107 3700 novorum

1363 3713 1603 3792 Episcopatuum
1635 3711 1793 3772 erectione
1825 3723 1938 3786 agere;
1968 3725 2000 3770 ac
2027 3709 2108 3771 eius-

1362 3807 1445 3869 modi
1469 3821 1535 3867 rem
1557 3805 1593 3866 ad
1615 3803 1691 3866 illud
1715 3811 1836 3880 tempus
1858 3803 2106 3878 reservavimus,

1362 3916 1424 3979 quo
1446 3900 1572 3961 liberior
1593 3905 1685 3976 atque
1700 3896 1818 3958 felicior
1839 3898 1871 3958 in
1895 3895 1954 3958 illis
1969 3897 2106 3975 partibus

1362 3994 1547 4057 christianae
1578 3991 1749 4068 Religionis
1780 3991 1957 4068 propagatio
1990 3992 2107 4069 sperari

1362 4087 1465 4166 possit.
1495 4083 1579 4148 Nihil
1601 4093 1761 4163 propterea
1784 4083 1821 4144 de
1843 4083 1900 4144 hoc
1920 4093 2107 4160 argumento

1362 4181 1569 4242 adiiciendum
1581 4179 1613 4240 in
1625 4193 1768 4257 praesens
1783 4177 1871 4240 nobis
1882 4186 2034 4254 superest,
2048 4177 2107 4238 nisi

1362 4275 1442 4352 quod
1471 4289 1525 4352 pro
1553 4280 1636 4334 certo
1663 4289 1697 4333 ac
1724 4271 1849 4349 penitus
1877 4269 2035 4348 explorato
2056 4271 2107 4331 ha·

1362 4367 1436 4428 bere
1457 4367 1570 4440 debes,
1604 4380 1764 4443 nunquam
1795 4363 1882 4426 nobis
1914 4365 2107 4442 propositum

1362 4459 1456 4523 luisse
1483 4475 1538 4521 nec
1560 4475 1626 4520 esse
1648 4459 1679 4518 in
1702 4459 1758 4519 hac
1780 4474 1813 4520 re
1835 4457 1953 4520 laedere
1975 4457 2026 4519 vel
2051 4458 2109 4518 im-

1362 4555 1507 4616 minuere
1533 4552 1618 4628 regia
1639 4559 1691 4614 tua
1715 4552 1799 4626 iura,
1823 4567 1901 4629 quae
1922 4550 2024 4629 potius
2045 4567 2108 4612 am-

1363 4649 1498 4728 plificare
1526 4662 1580 4724 pro
1607 4645 1734 4724 paterna
1759 4663 1793 4707 ac
1814 4645 1904 4725 plane
1925 4644 2036 4706 intima
2057 4661 2108 4708 ro·

1364 4743 1482 4804 luntate
1510 4756 1584 4816 erga
1614 4750 1644 4801 te
1671 4741 1773 4802 nostrl
1802 4755 1997 4818 cuperemus.
2029 4739 2109 4801 Cum

1363 4837 1449 4898 enim
1474 4836 1546 4897 satis
1567 4849 1723 4911 superque
1750 4839 1908 4912 perspecta
1937 4831 2024 4894 nohis
2046 4833 2109 4893 sint

1364 4929 1513 5008 praeclara
1534 4943 1646 5004 regum
1662 4926 1866 5003 Portugalliae
1882 4927 1914 4986 in
1929 4925 2109 4987 catholicam

1363 5023 1558 5098 Religionem
1590 5022 1722 5096 merita,
1754 5029 1786 5081 et
1817 5036 1879 5098 quo
1911 5018 1962 5081 illa
1993 5020 2110 5080 bonore

1363 5115 1537 5194 quibusque
1548 5113 1725 5192 pontificiae
1740 5111 1930 5174 liberalitatis
1941 5111 2111 5173 documen-

1364 5209 1402 5270 tis
1429 5209 1520 5284 digna
1549 5206 1755 5269 iudicaverint
1788 5204 1917 5268 Romani
1947 5205 2110 5267 Pontilices

1363 5303 1609 5381 praedecessores
1631 5299 1740 5372 nostri,
1763 5299 1800 5360 ab
1821 5298 1950 5360 illorum
1971 5298 2110 5374 vestigiis

1364 5393 1506 5457 recedere
1528 5409 1592 5455 non
1615 5393 1818 5454 intendimus.

1403 5489 1421 5563 ἓ
1442 5488 1471 5548 2.
1490 5487 1637 5550 Ceterum
1653 5487 1733 5564 quod
1749 5485 1860 5547 attinet
1881 5484 1917 5546 ad
1933 5500 2054 5547 causam
2069 5483 2111 5544 ri-

1363 5591 1454 5644 tuum
1475 5597 1529 5642 seu
1550 5580 1816 5644 caeremoniarum
1835 5579 2021 5653 sinensium,
2038 5595 2109 5641 cum

1363 5677 1414 5738 illa
1430 5677 1547 5738 dudum
1570 5676 1700 5736 decretis
1722 5675 1838 5736 nostris
1853 5673 1939 5735 finita
1955 5673 2060 5749 luerit,
2077 5690 2111 5736 ac

1363 5768 1531 5831 novissime
1552 5767 1633 5828 edita
1648 5786 1663 5828 a
1679 5769 1766 5830 nobis
1787 5766 2024 5841 constitutione,
2045 5783 2110 5827 om·

607 5992 636 6047 (ll
652 5994 688 6036 Ex
703 5995 763 6048 ¹tpp.
779 5991 835 6036 Bul.
851 5995 876 6036 Ρ.
892 5989 923 6033 de
937 5991 1011 6045 Prop.
1027 5988 1089 6033 ltide
1103 5999 1160 6044 prag.
1176 5985 1296 6042 Δ150,οο]1.
1312 5996 1372 6030 cum
1387 5985 1449 6038 iteg.
1466 5981 1545 6027 vatic.
1562 5981 1636 6037 epist.
1653 5983 1700 6025 etc.
