4878 6982
113 1620 332 1730 ,tatastat

112 1729 332 1838 &efflagita
352 1733 425 1780 rum
446 1716 579 1780 fratrum
599 1720 777 1798 provinciae
799 1719 829 1782 S.
856 1716 1014 1794 Evangelii
1038 1715 1100 1778 ilie-

111 1835 220 1882 vinciae
242 1837 271 1880 ln

111 1897 260 1987 {33¹0ssssss
278 1898 335 1987 ξξξζ
353 1919 468 1965 norum
479 1904 584 1968 Sancti
596 1905 748 1968 Francisci
761 1906 798 1966 de
806 1903 1007 1967 Obseruantia
1018 1917 1099 1964 uun·

111 1999 218 2042 vatent

1019 561 1160 616 CLEMENS
1180 563 1226 614 XI.

668 683 777 750 xlttt.

350 873 526 952 Confirmet
549 873 711 936 decretum
728 875 995 954 conpreqetiont's
1019 875 1096 951 cpi-

388 982 555 1044 scoporum
576 975 606 1029 et
631 967 845 1048 Repnlnrinm
873 968 908 1029 dc
933 965 1095 1029 Ceereme-

390 1061 474 1123 nielt'
495 1061 679 1137 prouinciae
695 1059 731 1122 de
745 1061 868 1126 Medico
887 1059 1019 1122 Ordinis
1034 1059 1097 1122 Mt-

390 1169 507 1216 nornm
529 1155 565 1215 de
591 1151 800 1217 Obseruantia
823 1154 878 1233 (l).

550 1321 735 1392 OLEOENS
759 1325 889 1392 ee.tt

489 1445 955 1516 mmmmmmm

391 1625 410 1698 ἓ
434 1623 460 1686 l.
485 1623 603 1711 Nuper,
626 1640 682 1705 pro
703 1631 791 1704 parte
814 1625 999 1688 dilectorum
1021 1621 1099 1684 lilio·

352 1811 478 1872 xicanae
491 1811 523 1872 in
543 1812 637 1874 indiis
651 1811 895 1876 Occidentalibus
907 1810 1029 1874 Ordinis
1045 1807 1099 1871 lli-

353 2005 556 2077 cupaterum,
592 1997 836 2074 congregationi
871 1995 1097 2058 venerabilium

353 2091 486 2154 iratrum
513 2099 694 2154 nostrornm
722 2091 752 2154 S.
771 2091 807 2152 n.
826 2091 861 2152 c.
890 2089 1099 2153 cardinalium

354 2185 487 2262 negotiis
508 2191 540 2246 et
565 2184 843 2247 consultationibus
876 2182 1099 2260 cpiscoporum

354 2287 386 2339 et
409 2277 613 2354 Regularium
633 2276 824 2357 praepositae
844 2275 995 2354 exposito,
1018 2273 1099 2352 quod

354 2370 428 2430 alias
440 2369 474 2430 in
486 2369 619 2448 capitulo
631 2367 854 2446 generalidicti
866 2367 989 2431 Ordinis
1000 2367 1033 2426 in
1044 2367 1100 2426 bac

355 2463 434 2524 alma
455 2461 538 2524 Urbe
558 2477 641 2523 anne
656 2477 754 2524 unce.
771 2460 924 2522 celebrato
942 2475 998 2538 pro
1019 2457 1099 2520 bone

356 2555 510 2632 regimine
537 2555 690 2633 spirituali
711 2561 742 2616 et
767 2553 931 2630 temporali
956 2550 1099 2613 emnium

354 2647 586 2726 provinciarum
608 2647 765 2710 indiarum
780 2646 853 2708 dicti
868 2645 1002 2718 Ordinis,
1017 2659 1051 2705 ac
1064 2643 1100 2704 ad

356 2741 583 2802 occurrendum
605 2740 808 2803 incommodis
824 2747 854 2802 et
875 2737 1021 2816 gravibus
1036 2751 1100 2798 ma·

355 2833 405 2907 lis,
427 2849 506 2912 quae
526 2833 707 2896 oriebantur
720 2849 759 2894 ex
780 2831 1101 2894 instabilitate-caere·

355 2925 534 2988 munierum
549 2932 579 2988 et
594 2926 725 3000 rituum,
737 2943 814 3007 quos
828 2923 1030 2988 commissarii
1041 2921 1101 2984 No·

357 3035 412 3080 vae
443 3019 606 3098 Hispaniae
637 3029 669 3080 et
698 3019 788 3096 regni
820 3018 953 3082 Peruani
980 3015 1101 3080 Ordinis

356 3111 504 3191 praedicti
525 3111 635 3173 ritibus
656 3113 799 3190 propriae
819 3111 1008 3188 alteriusque
1032 3123 1102 3187 pro·

357 3203 478 3267 vinciae
504 3204 699 3267 conformare
719 3203 911 3278 nitebantur,
936 3203 1101 3276 sancitum,

358 3313 390 3360 ac
411 3297 469 3360 sub
489 3296 670 3376 privationis
688 3297 780 3358 officii
800 3297 898 3375 poena
919 3297 1007 3360 dictis
1021 3311 1104 3356 com-

358 3389 504 3452 missariis
524 3391 702 3454 iniunctum
723 3391 825 3452 luerat
840 3397 875 3454 ut
885 3389 1104 3469 permitterent

358 3483 533 3562 provincias
547 3484 655 3546 vivere
676 3483 760 3545 iuxta
775 3501 844 3546 suas
859 3482 1024 3546 laudabiles
1039 3497 1103 3544 cae-

358 3575 513 3637 remonias
535 3583 565 3636 et
586 3577 664 3638 ritus
684 3576 719 3638 in
739 3576 788 3638 bis
816 3591 894 3654 quae
922 3591 987 3637 uon
1015 3579 1104 3635 erant

358 3675 466 3732 contra
487 3668 617 3731 Sauene
638 3668 725 3732 Sedis
745 3670 981 3748 praescriptum,
998 3683 1056 3730 nec
1069 3681 1104 3728 ea

359 3763 579 3840 quoquomodo
603 3761 754 3824 innovare
774 3768 828 3824 aut
853 3761 988 3823 alterare
1006 3767 1104 3822 atten-

359 3859 474 3928 tarent,
486 3852 683 3917 decernendo
703 3854 830 3918 irritum
851 3862 882 3916 et
902 3855 997 3916 inane
1017 3853 1106 3932 quid-

360 3945 436 4024 quid
455 3946 489 4008 in
504 3947 696 4008 contrarium
711 3946 865 4022 iecissent,
882 3945 1105 4008 committendo

360 4040 488 4117 insuper
501 4054 557 4117 pro
573 4047 713 4118 tempore
727 4041 873 4102 existenti
894 4039 1039 4102 ministro
1053 4053 1106 4115 ge-

361 4131 458 4194 nerali
478 4139 510 4193 et
530 4133 741 4194 commissario
762 4133 869 4195 itidem
897 4131 1036 4210 generali
1057 4132 1106 4194 ln·

360 4224 482 4287 diarum
516 4224 589 4288 dicti
624 4225 746 4289 Ordinis
782 4228 815 4288 in
850 4225 960 4304 oppido
992 4225 1105 4287 ttatrtti

361 4333 417 4396 pro
438 4324 579 4398 tempere
599 4319 814 4394 commoranti,
830 4325 865 4380 ut
881 4323 1034 4381 statutum
1048 4317 1105 4378 hu·

362 4411 494 4473 iusmudi
521 4410 744 4473 inviolabiliter
774 4412 930 4473 observari
957 4411 1105 4486 lacerent,

362 4510 393 4565 et
413 4503 486 4566 alias
506 4509 598 4582 prout
620 4504 653 4566 in
675 4503 755 4567 dicto
768 4511 897 4573 ‚statuto
918 4503 1043 4566 uberius
1064 4502 1124 4566 di·-

362 4596 487 4658 cebatur
497 4597 669 4673 contineri;
692 4597 824 4661 subinde
838 4613 925 4672 vero,
941 4598 978 4658 ad
991 4597 1107 4658 instan-

363 4691 438 4752 tiam
451 4697 527 4752 tunc
541 4690 635 4751 etiam
650 4690 853 4753 existentium
868 4691 1000 4753 fratrum
1010 4690 1108 4753 dictae

362 4783 555 4862 provinciae,
578 4799 612 4844 ac
638 4784 731 4845 etiam
756 4785 881 4847 deeius
910 4783 1108 4863 superiorum

363 4877 461 4952 iussu,
484 4876 661 4939 huiusmodi
681 4879 875 4940 ceremoniae
895 4883 927 4938 et
947 4877 1026 4938 ritus
1053 4891 1108 4954 per

363 4968 512 5031 dilectum
540 4968 641 5031 tilium
668 4969 821 5032 Isidorum
851 4969 1048 5047 xtptronsum
1071 4966 1109 5028 de

364 5061 552 5137 Casteneira‚
574 5061 703 5124 tratrem
725 5063 797 5126 dicti
822 5062 944 5126 Ordinis
964 5075 1109 5140 expresse

363 5155 548 5234 professum,
565 5157 597 5218 in
618 5165 740 5234 septem
760 5155 975 5235 paragrapbos,
998 5153 1109 5233 quibus

365 5249 475 5312 titulus
497 5249 648 5312 Manuale
673 5247 955 5312 decrementorum
980 5248 1108 5324 precin-

364 5341 433 5404 ciee
454 5339 486 5404 S.
510 5342 679 5421 Eeonqelit'
701 5343 738 5405 de
763 5343 900 5414 Medico,
923 5343 1008 5405 iuxta
1029 5341 1109 5404 ercli·

365 5449 438 5496 nem
459 5435 604 5512 praedicti
633 5435 759 5514 capituli
787 5436 941 5512 generalis
965 5437 1110 5499 collectae

364 5527 505 5603 fuerant3
527 5527 611 5590 etin
633 5527 740 5592 eadem
759 5530 953 5609 expositione
965 5531 1111 5594 subiunc-

365 5627 408 5698 te,
424 5621 505 5701 quod
527 5621 705 5699 verebatur,
727 5639 779 5700 ne,
795 5623 944 5704 temporis
965 5622 1107 5700 decursu,

1816 549 1875 615 239
1924 551 1978 606 An.
1992 553 2023 608 O.
2044 551 2113 607 1705

1149 687 1312 766 praemissa
1334 687 1371 752 ab
1398 684 1500 768 aliquo
1530 685 1707 767 superiore,
1730 704 1795 750 nen
1826 688 1894 751 sine

1150 783 1237 860 gravi
1258 782 1355 844 dictae
1377 783 1555 862 provinciae
1568 781 1721 860 spirituali
1741 789 1895 860 tempora·
1958 841 1961 846 ,

1152 877 1234 954 lique
1265 875 1396 947 iactura,
1429 874 1668 937 moderarentur
1689 881 1741 936 ant
1766 874 1896 936 innova·

1151 974 1273 1041 rentur,
1295 967 1427 1045 ideoque
1447 967 1505 1045 ipsi
1530 975 1731 1046 exponentes,
1754 982 1815 1045 quo
1836 973 1895 1028 sta·

1153 1068 1257 1122 tutum
1278 1077 1333 1122 seu
1353 1059 1514 1122 decretum
1540 1059 1716 1122 huiusmodi
1745 1067 1895 1138 perpetuo

1152 1160 1342 1226 servaretur,
1358 1168 1415 1214 nec
1430 1151 1507 1214 illud
1521 1151 1585 1214 ullo
1600 1168 1741 1230 unquam
1756 1162 1895 1231 tempere

1153 1246 1390 1326 asuperieribns
1404 1247 1502 1309 dictae
1516 1247 1692 1325 provinciae
1706 1245 1766 1308 nisi
1780 1247 1818 1308 de
1828 1247 1896 1308 eins

1153 1352 1306 1398 consensu
1337 1336 1575 1410 immutaretur,
1599 1335 1772 1412 plurimum
1794 1335 1896 1413 cupie-

1154 1427 1238 1499 bant,
1255 1427 1416 1490 decretum
1430 1426 1620 1500 huiusmodi,
1637 1428 1699 1490 una
1713 1443 1785 1488 cum
1800 1426 1897 1488 dictae

1153 1519 1331 1599 provinciae
1352 1520 1567 1594 caeremoniis,
1579 1520 1659 1582 sicut
1673 1520 1896 1598 praemittitur,

1154 1611 1318 1688 congestis,
1334 1613 1514 1674 auctoritate
1528 1613 1625 1674 dictae
1639 1613 1898 1690 congregationis

1156 1705 1364 1768 Cardinalinm
1385 1706 1577 1768 confirmari:
1602 1705 1759 1767 emanavit
1783 1706 1819 1767 ad
1848 1721 1899 1766 eo-

1154 1814 1226 1860 rum
1251 1797 1509 1876 supplicationem
1530 1798 1568 1860 ab
1588 1800 1694 1860 eadem
1724 1798 1898 1874 cengrega-

1156 1892 1241 1953 tiene
1272 1890 1483 1954 cardinalium
1509 1891 1668 1954 decretum
1696 1891 1814 1954 teneris
1845 1891 1898 1968 qui

1154 1983 1307 2062 sequitur,
1330 1980 1489 2046 videlicet:

1195 2075 1899 2153 «Sacracongregatieeminentissimorumet
1926 2075 2129 2174 neerpupiseoip

1156 2168 1488 2232 reverendissimorum
1514 2169 1544 2232 S.
1569 2171 1605 2232 ll.
1630 2171 1665 2233 lc.
1690 2171 1899 2234 cardinalium
1917 2139 2127 2238 fdfigaapffionans.

1155 2261 1288 2338 negotiis
1313 2269 1344 2324 et
1369 2262 1646 2326 consultationibus
1678 2265 1900 2343 cpiscoporum

1154 2361 1186 2415 et
1200 2355 1405 2432 Regularium
1419 2357 1601 2435 praeposita,
1614 2357 1717 2420 audito
1731 2365 1818 2435 patre
1832 2374 1901 2437 pre-

1155 2455 1297 2510 curatore
1319 2447 1457 2524 generali
1477 2448 1609 2525 Ordinis
1633 2459 1663 2512 et
1683 2452 1810 2514 attentis
1831 2468 1902 2513 nar-

1156 2540 1241 2615 ratis,
1275 2543 1403 2619 petitam
1428 2542 1700 2606 confirmationem
1728 2545 1900 2608 oratoribus

1156 2633 1293 2709 benigne
1313 2635 1473 2696 concessit.
1493 2635 1608 2698 Romae
1629 2653 1684 2696 vrx.
1698 2651 1768 2714 aug.
1781 2653 1900 2700 ancer.

1157 2756 1195 2772 —
1210 2723 1247 2787 N.
1273 2726 1362 2789 card.
1386 2727 1599 2790 duerniones:
1625 2728 1705 2792 Loco
1722 2730 1900 2810 †sipillt.»

1197 2915 1216 2990 ἓ
1237 2915 1266 2976 2.
1291 2916 1370 2979 cnm
1390 2922 1506 2992 autem,
1522 2917 1601 2980 sicut
1616 2918 1689 2981 dicti
1710 2927 1903 2998 exponentes
1920 2922 2137 3022 aaral⁹¹l¹¹al¹lll³⁰

1158 3009 1246 3070 nobis
1267 3009 1398 3072 subinde
1419 3012 1534 3089 exponi
1553 3013 1704 3086 lecerunt,
1721 3013 1777 3091 ipsi
1799 3012 1901 3076 decre
1987 2987 1994 3021 ¹
2060 2988 2070 3020 s
2110 3012 2113 3019 '

1159 3113 1227 3166 tum
1243 3103 1432 3179 huiusmodi,
1449 3121 1510 3184 quo
1525 3105 1645 3168 firmius
1659 3106 1815 3182 subsistat,
1832 3123 1902 3186 apo-

1157 3197 1283 3259 stelicae
1310 3199 1554 3260 confirmationis
1580 3207 1704 3262 nostrae
1734 3200 1903 3278 patrocinio

1158 3291 1347 3353 communiri
1376 3307 1576 3372 summopere
1609 3293 1800 3356 desiderent:
1834 3310 1901 3370 nes,

1159 3385 1239 3464 ipses
1265 3391 1457 3464 exponentes
1483 3385 1664 3464 specialibus
1694 3385 1850 3448 favoribus
1872 3396 1903 3447 et

1160 3477 1266 3556 gratiis
1288 3479 1432 3557 prosequi
1453 3477 1605 3554 volentes,
1621 3485 1775 3542 eteorum
1797 3481 1903 3556 singu·

1159 3573 1239 3634 lares
1264 3584 1408 3651 personas
1432 3588 1448 3632 a
1472 3571 1633 3650 quibusvis
1654 3575 1902 3636 excommunica-

1161 3666 1265 3740 tionis,
1291 3665 1501 3744 suspensionis
1521 3673 1553 3726 et
1574 3665 1750 3742 interdicti,
1774 3666 1904 3744 aliisque

1161 3759 1370 3823 ecclesiasticis
1389 3758 1564 3834 sententiis,
1577 3760 1715 3822 censuris
1737 3767 1768 3822 et
1783 3760 1902 3838 poeula,

1160 3870 1177 3914 a
1190 3853 1260 3916 iure
1280 3851 1332 3914 vel
1346 3852 1384 3914 ab
1398 3852 1537 3928 bomine,
1553 3853 1661 3932 quavis
1681 3853 1839 3916 occasione
1854 3853 1905 3914 vel

1160 3947 1248 4008 causa
1263 3946 1343 4021 latis,
1359 3944 1385 4006 si
1399 3945 1511 4024 quibus
1525 3945 1755 4024 quomodolibet
1775 3945 1905 4008 innoda-

1161 4049 1209 4102 tae
1224 4039 1377 4114 existunt,
1388 4039 1425 4100 ad
1436 4039 1580 4102 ellectum
1592 4040 1802 4118 praesentium
1816 4041 1905 4102 dum·

1161 4141 1244 4196 taxat
1264 4133 1534 4211 consequendum,
1558 4133 1670 4196 harum
1697 4134 1778 4195 serie
1808 4133 1907 4194 absol-

1162 4233 1271 4288 ventes
1292 4231 1322 4287 et
1337 4225 1489 4288 absolutas
1503 4225 1569 4287 lore
1591 4233 1767 4302 censentes,
1790 4226 1906 4305 snppli-

1162 4320 1334 4384 cationibus
1354 4335 1464 4382 eorum
1485 4319 1614 4381 nomine
1634 4320 1721 4382 nobis
1736 4337 1829 4398 super
1850 4323 1906 4381 bec

1162 4412 1324 4476 humiliter
1336 4411 1484 4491 porrectis
1495 4412 1646 4487 inclinati,
1656 4414 1906 4490 decretumprae·

1163 4506 1336 4580 insertum,
1372 4506 1554 4568 auctoritate
1587 4504 1765 4583 apostolica,
1798 4511 1907 4567 tenere

1163 4599 1384 4678 praesentium,
1401 4599 1634 4673 confirmamus,
1653 4605 1684 4659 et
1705 4599 1907 4676 approbamus

1162 4691 1270 4770 illique
1290 4691 1476 4754 inviolabilis
1496 4691 1676 4770 apostolicae
1691 4692 1845 4754 firmitatis
1858 4707 1907 4753 ro-

1164 4785 1223 4848 bur
1253 4783 1430 4846 adiicimus:
1467 4783 1550 4846 salva
1584 4793 1688 4846 tamen
1719 4799 1843 4862 semper
1874 4785 1906 4846 in

1163 4877 1337 4955 praemissis
1361 4877 1542 4940 auctoritate
1568 4878 1666 4940 dictae
1687 4876 1907 4954 congregatio-

1165 4970 1213 5032 nis
1235 4969 1456 5032 cardinalium.

1204 5064 1223 5138 ἓ
1244 5063 1273 5124 3.
1294 5063 1503 5126 Decernentes
1522 5066 1645 5127 easdem
1658 5072 1834 5144 praesentes
1859 5061 1910 5127 lit·
1954 5069 2096 5118 clausurae.

1167 5165 1246 5220 teras
1259 5173 1382 5236 semper
1397 5159 1511 5233 lirmas,
1525 5157 1639 5220 validas
1654 5167 1684 5221 et
1696 5159 1830 5222 efficaces
1845 5159 1909 5220 exi-

1165 5259 1248 5313 stere
1262 5257 1294 5312 et
1314 5251 1392 5325 lore,
1407 5266 1541 5329 suosque
1555 5251 1709 5329 plenarios
1724 5259 1755 5314 et
1769 5253 1909 5328 integros

1166 5344 1293 5407 effectus
1305 5344 1411 5406 sortiri
1430 5351 1461 5406 et
1475 5343 1627 5419 obtinere,
1644 5361 1678 5406 ac
1693 5345 1764 5420 illis,
1781 5345 1817 5407 ad
1832 5358 1909 5424 quos

1164 5446 1279 5516 spectat
1291 5445 1322 5502 et
1333 5453 1389 5517 pro
1404 5445 1545 5514 tempore
1555 5439 1815 5516 quandocumque
1825 5453 1909 5515 spec-

1165 5531 1261 5607 tabit,
1289 5531 1322 5594 in
1349 5531 1494 5594 omnibus
1520 5539 1551 5594 et
1576 5547 1631 5610 per
1660 5531 1765 5593 omnia
1796 5529 1910 5609 plenis·

1164 5625 1242 5686 sime
1273 5623 1451 5702 suffragari,
1475 5631 1505 5686 et
1530 5625 1568 5686 ab
1589 5625 1632 5686 eis
1660 5623 1833 5704 respective
1863 5623 1912 5684 in·

406 5874 435 5929 (t)
451 5875 488 5917 cx
502 5875 564 5930 leeg.
579 5871 606 5917 ixr
621 5872 696 5918 ureb.
713 5874 784 5916 Brev.
800 5873 829 5914 ln
844 5870 989 5916 Innocentii
1003 5873 1055 5915 llll.
1070 5868 1173 5916 constit.
1189 5869 1227 5914 od.
1244 5879 1400 5924 nncxcvnr,
1414 5867 1455 5912 die
1469 5879 1493 5912 x.
1510 5865 1659 5912 novembris
1673 5863 1761 5924 pontis.
1773 5875 1839 5924 vnn,
1854 5873 1911 5912 con·

366 5946 487 5998 firmatus
501 5947 551 5993 luit
565 5958 630 5994 usus
644 5944 774 5991 librorum
789 5938 872 5984 divini
886 5939 969 5984 offleii.
