4866 6980
118 641 175 695 Aa.
190 643 222 697 G.
243 645 314 696 1678

343 779 447 841 Tertio
468 777 666 855 declaramus,
685 780 766 856 quod
787 796 803 840 a
825 776 976 856 praedicta
997 775 1087 838 alter·

343 871 458 946 nativa,
479 888 536 950 pro
557 879 642 950 parte
673 888 781 934 eorum
810 872 862 950 qui
892 871 923 934 in
945 870 1088 950 Hispania

342 964 405 1026 nati
426 971 512 1039 sunt,
535 965 651 1028 exclusi
684 965 903 1052 intelligantur
928 981 1036 1026 omnes
1056 969 1088 1025 et

340 1056 456 1134 singuli
478 1058 542 1120 nati
563 1059 595 1120 in
619 1059 730 1122 insulis
752 1059 998 1132 Ganariensibus,
1018 1072 1089 1120 nec·

341 1166 404 1212 non
425 1167 534 1214 omnes
552 1161 585 1214 et
605 1152 723 1229 singuli
742 1154 879 1216 Lusitani
895 1151 1022 1216 alterius
1036 1151 1089 1212 do-

341 1243 430 1306 minii
451 1262 467 1304 a
489 1260 563 1322 rege
583 1247 757 1324 catholico;'
770 1247 823 1324 qui
840 1246 1040 1310 Canarienses
1055 1261 1087 1306 ac

340 1337 491 1413 Lusitani,
513 1339 593 1402 siin
615 1341 772 1419 provincial
802 1340 940 1416 Quitensi
973 1337 1087 1416 proies-

339 1430 459 1494 sionem
491 1433 662 1508 emiserint,
692 1434 742 1495 vel
773 1433 912 1509 legitime
943 1431 1086 1509 prodiisti

339 1522 470 1599 luerint,
490 1543 546 1588 seu
568 1527 600 1587 in
622 1525 765 1589 futurum
786 1525 933 1605 prosiliari
951 1523 1086 1600 contige

341 1617 392 1692 rit,
419 1618 578 1695 potiantur
604 1625 635 1681 et
666 1619 820 1697 gaudeant
850 1636 924 1681 voce
956 1617 1085 1696 passiva,

339 1711 513 1795 ceterisque
544 1713 715 1791 privilegiis
737 1721 767 1775 et
795 1711 1015 1792 praerogativis
1036 1726 1086 1771 eo-

339 1803 410 1864 dem
436 1807 579 1868 modoet
600 1807 668 1868 sine
699 1807 760 1869 ullal
788 1823 914 1886 prorsus
942 1805 1085 1866 ‹litteren-

341 1896 476 1978 tid,·quo
497 1899 637 1960 eiusdem
665 1901 842 1978 provinciae
869 1899 923 1960 lilii
945 1897 1086 1958 exuatis

340 1989 373 2052 in
396 1991 501 2067 indiis,
525 1993 621 2070 vulgo
642 1993 759 2066 occelli,
775 1994 940 2072 potiuntur
960 1997 991 2053 et
1013 2006 1086 2066 gau-

339 2085 424 2146 dent.

115 2191 322 2253 commissum
381 2178 450 2240 «Ut
472 2196 546 2242 vero
576 2191 685 2244 cuncta
715 2183 746 2242 in
768 2182 928 2258 integrum
950 2195 1087 2257 exequu-

103 2244 322 2361 ἷῖἕῖιῖἶῗιῗιῑηῖιῗᾷ
341 2270 416 2332 tioni
438 2275 637 2350 mandentur,
662 2277 834 2338 reverendo
861 2273 939 2353 patri
962 2271 1087 2351 provin-

104 2354 321 2458 {ffiffflolssfifflgssg
339 2363 407 2425 ciali
428 2367 605 2444 provinciae
624 2369 791 2443 Onitensis,
814 2384 868 2446 pro
889 2383 925 2429 eo
948 2373 1086 2442 tempore

106 2461 151 2562 {ig}
165 2459 242 2507 cerus
263 2470 321 2516 poe·
339 2458 495 2533 existenti,
519 2477 580 2538 quo
607 2469 784 2540 praesentes
814 2468 937 2522 nostrae
964 2461 1086 2521 litterae

339 2569 376 2614 eo
406 2557 624 2631 pervenerint,
661 2555 885 2618 committimus
919 2563 950 2616 et
979 2553 1086 2614 stricte

338 2648 543 2726 praecipimus
565 2649 597 2710 in
619 2649 768 2711 meritum
785 2648 927 2710 salutaris
941 2646 1086 2708 obedien-

338 2739 410 2814 tiae,
431 2741 488 2804 sub
508 2741 685 2804 rebellionis
710 2751 832 2804 nostrae
853 2749 884 2804 et
904 2739 1085 2820 privationis

339 2833 422 2894 vocis
452 2835 567 2898 activae
589 2843 620 2898 et
641 2837 776 2913 passivae
808 2851 863 2914 per
884 2833 1084 2907 decennium,

338 2943 384 3001 ac,
406 2927 438 2988 in
466 2928 651 3004 subsidium,
673 2930 731 2990 sub
758 2925 1085 2992 excommunicationis

338 3020 464 3082 maioris
485 3021 562 3084 latae
577 3022 762 3097 sententiae,
777 3038 871 3100 quam
887 3021 940 3082 nac
955 3019 1016 3082 und
1030 3033 1085 3095 pro

339 3114 418 3176 trina
439 3115 584 3178 canonici
604 3115 776 3177 monitione
798 3113 961 3194 praemissi
983 3112 1016 3174 in
1039 3109 1086 3171 liis

338 3207 472 3286 scriptis,
496 3208 565 3271 licet
587 3209 689 3283 inviti,
712 3208 854 3284 ierimus,
881 3207 1010 3286 aliisque
1031 3219 1085 3266 no-

338 3309 403 3364 stro
416 3309 447 3362 et
460 3311 673 3364 successorum
688 3309 866 3364 nostrorum
881 3300 1009 3364 arbitrie
1021 3299 1085 3377 ipso

338 3395 417 3457 lacto
448 3395 644 3458 incurrendis
670 3396 789 3474 poenis,
812 3404 976 3475 quatenus,
1000 3393 1085 3456 nulli

339 3488 479 3550 obstante
500 3505 603 3567 neque
623 3490 752 3552 admissa
780 3489 1014 3568 supplicatione,
1035 3501 1086 3564 ap-

338 3581 514 3658 pellatione,
536 3584 757 3660 protestatione
780 3600 836 3646 seu
857 3581 1084 3653 reclamatione,

337 3675 441 3736 statim
462 3692 495 3736 ac
517 3676 637 3740 litterae
658 3679 694 3739 ad
716 3693 826 3738 manus
846 3693 916 3738 suas
937 3689 1085 3752 pervene-

339 3768 415 3843 rint,
439 3768 498 3829 nisi
520 3768 599 3831 torte
620 3770 840 3832 antecedenter
860 3769 897 3830 ad
912 3782 1019 3832 earum
1034 3784 1086 3828 ex-

339 3861 521 3924 hibitionem
543 3865 695 3941 praedicta
716 3862 898 3926 alternative
920 3869 1041 3940 recepta
1055 3869 1085 3923 et

338 3955 467 4018 admissa
498 3954 604 4032 inerit,
637 3957 780 4036 ipsemet,
809 3964 962 4034 quantum
990 3957 1027 4018 ad
1053 3970 1086 4016 se

338 4047 462 4124 attinet,
484 4049 624 4112 eamdem
645 4051 772 4129 recipiat
791 4055 822 4112 et
836 4050 988 4125 admittat,
1005 4063 1086 4110 com·

338 4141 493 4221 pellatque
514 4142 728 4206 delinitorium
756 4143 849 4206 etiam
870 4143 1029 4222 privatum
1049 4142 1086 4203 ad

338 4249 404 4296 eam
427 4236 635 4314 recipiendam
654 4243 687 4297 et
707 4237 941 4311 admittendam,
964 4245 995 4299 et
1013 4251 1086 4298 cum

337 4326 449 4390 ellectu
470 4327 558 4392 iaciat
579 4337 613 4392 ut
634 4329 814 4392 immediate
833 4329 939 4393 tuturo
953 4329 1085 4409 capitulo

338 4421 519 4499 provinciali
551 4423 679 4484 omnino
700 4432 732 4486 et
758 4425 792 4486 in
824 4423 983 4501 integrum
1015 4437 1086 4485 exe·

339 4515 483 4594 quntioni
514 4516 689 4579 mandetur.
723 4517 808 4594 Quod
829 4518 855 4580 si
875 4519 908 4581 id
933 4523 1086 4596 praestare

338 4608 513 4685 neglexerit
532 4626 589 4672 seu
620 4613 771 4688 renuerit,
795 4611 846 4674 vel
868 4611 1008 4688 legitime
1029 4611 1085 4672 im-

338 4701 459 4780 peditus
480 4704 668 4782 nequiverit,
691 4704 723 4768 in
745 4706 811 4768 eius
833 4705 936 4768 locum
958 4720 1085 4767 venera-

338 4793 414 4857 biles
436 4805 545 4893 patres
576 4781 797 4876 praesentatos
818 4798 946 4862 tratrem
980 4799 1085 4862 Ferdi·

339 4889 478 4951 nandum
505 4889 651 4954 Colorado
672 4899 703 4954 et
724 4892 934 4968 Hyacinthum
955 4893 1086 4955 bloretto

338 4981 477 5044 eiusdem
508 4984 683 5061 provinciae
712 4985 938 5064 subrogamus3
975 4985 1085 5065 quibus

339 5076 509 5154 respective
529 5084 560 5138 et
581 5077 613 5139 in
634 5077 767 5142 solidum
799 5089 868 5142 tum
890 5081 921 5142 in
943 5081 1085 5160 spiritua-

339 5168 419 5231 libus
440 5177 508 5232 tum
529 5171 562 5232 in
584 5171 802 5251 temporalibus
824 5173 1039 5236 auctoritatem
1054 5181 1084 5236 et

339 5260 583 5326 iurisdictionem
604 5273 809 5344 opportunam
830 5275 861 5328 et
882 5267 1084 5330 necessariam

339 5355 375 5420 ad
389 5356 580 5436 praedictum
594 5357 740 5421 ellectum
756 5367 864 5422 tenure
874 5359 1084 5437 praesentium

339 5448 536 5512 concedimus
546 5458 577 5512 et
591 5451 799 5530 impartimur.
814 5453 1020 5530 Praecipimus
1031 5469 1083 5515 au-

340 5549 404 5604 tem
424 5543 568 5606 omnibus
590 5553 621 5606 et
640 5545 772 5623 singulis
792 5546 1017 5622 definitoribus,
1039 5549 1083 5610 vi·

338 5639 526 5715 sitaturibus,
549 5641 733 5719 cunctisque
754 5641 892 5704 eiusdem
907 5642 1085 5721 provinciae

339 5733 477 5812 patribus
498 5749 530 5795 ac
561 5733 718 5810 iratribus,
741 5743 772 5796 et
792 5734 850 5797 sub
876 5735 983 5813 poenis
1004 5737 1083 5814 patri

338 5827 521 5906 provinciali
542 5833 687 5907 utsupra
708 5827 740 5890 in
762 5844 833 5890 casu
853 5831 1038 5892 renitentiae
1053 5839 1084 5894 et

339 5923 549 6001 negligentiae
564 5922 682 5998 taxatis,
698 5930 733 5986 ut
746 5924 957 6001 praesentibus
971 5925 1084 5988 nostris

338 6015 450 6080 litteris
470 6017 599 6081 omnino
621 6016 775 6094 obediant,
791 6025 822 6081 et
837 6033 894 6082 nec
907 6033 963 6098 per
980 6034 1084 6081 senec

980 657 1190 704 innocentius
1213 658 1256 702 Xl.

1834 641 1867 702 Η
1920 639 1972 692 An.
1988 641 2018 693 (l.
2040 639 2108 692 1678

1142 791 1197 854 per
1218 775 1292 837 alios
1307 777 1421 838 directe
1437 777 1485 838 vel
1502 777 1651 840 indirecte
1666 776 1889 855 impedimento

1143 885 1208 930 esse
1227 870 1372 945 audeant,
1388 872 1554 949 quominus
1576 871 1608 934 in
1631 870 1776 932 omnibus
1790 879 1820 932 et
1835 881 1906 948 per‘

1143 963 1245 1023 omnia
1266 980 1367 1026 suum.
1389 965 1560 1027 sortiantur
1588 965 1743 1026 ellectum.
1777 964 1888 1026 ilatum

1143 1055 1257 1116 Romae
1284 1055 1496 1120 inconvento
1529 1065 1635 1119 nostro
1667 1059 1697 1120 S.
1721 1056 1887 1133 Augustini

1142 1148 1190 1210 die
1214 1165 1303 1210 xvnr.
1328 1150 1459 1212 octobris
1488 1167 1676 1212 unccxxvn.
1707 1151 1813 1212 Frater
1834 1147 1888 1209 Nx-

1143 1259 1262 1303 cocsus
1283 1243 1394 1318 (lxrvx,
1423 1243 1507 1322 prior
1536 1244 1689 1320 generalis
1717 1244 1885 1317 indiarum,

1143 1334 1238 1396 nostri
1270 1337 1530 1410 monerisaffixo
1561 1338 1681 1414 sigilto;
1714 1352 1794 1411 mag.
1829 1333 1888 1395 ira·

1143 1434 1189 1489 ter
1215 1430 1376 1492 Canticos
1403 1431 1887 1504 vaxr.1usTlxinensis,secre·

1142 1521 1237 1583 tarius
1259 1524 1425 1586 Ordinis».
1450 1527 1624 1605 Ilcpislrct.
1651 1522 1704 1586 lid.
1729 1541 1757 1582 v.

1180 1616 1248 1689 §2-
1273 1618 1352 1680 Corn
1373 1629 1489 1694 autem,
1511 1620 1589 1682 sicut
1611 1617 1717 1681 eadem
1738 1615 1886 1694 expositio
1918 1678 1922 1687 ,
1946 1627 2119 1690 arcessam-

1139 1711 1355 1788 subiungebat,
1378 1731 1439 1792 quo
1461 1715 1598 1775 firmiora
1619 1713 1682 1774 sint
1709 1677 2120 1796 etserven·¹pfai1¹rjaii³tir¹1⁵r¹{¹riss

1142 1811 1193 1866 tur
1213 1808 1348 1870 exactius
1371 1808 1421 1868 illa
1440 1825 1518 1886 quae
1532 1806 1687 1885 apostolici
1702 1802 1887 1866 muniminis
1905 1785 1969 1832 ”¹¹⁰¹
1984 1785 2093 1836 ΟΜΝ·

1140 1899 1290 1975 praesidio
1312 1902 1508 1976 roborantur,
1531 1901 1617 1963 nobis
1638 1905 1799 1980 propterea
1822 1912 1886 1958 me-

1141 1991 1251 2052 morati
1275 1994 1374 2056 Garuli
1396 1996 1477 2067 regis
1499 1995 1626 2056 nomine
1641 1993 1803 2055 burniliter
1816 2007 1886 2069 sup·

1141 2084 1286 2162 plicatum
1308 2086 1379 2162 luit,
1402 2097 1436 2149 ut
1462 2090 1494 2150 in
1515 2088 1689 2168 praemissis
1713 2092 1885 2166 opportune

1141 2184 1171 2239 et
1186 2186 1221 2240 ut
1243 2179 1319 2242 inira
1335 2181 1496 2258 indulgere
1511 2185 1549 2244 de
1565 2183 1755 2257 benignitate
1770 2185 1888 2258 aposto-

1141 2271 1196 2332 tica
1218 2273 1434 2352 dignaremur3

1180 2369 1198 2442 5
1219 2367 1247 2428 3.
1273 2367 1333 2430 Nos
1355 2369 1463 2444 igitur,
1487 2369 1543 2445 piis
1565 2369 1704 2430 eiusdem
1722 2366 1823 2430 Garuli
1839 2381 1885 2426 re·
1947 2376 2120 2442 conurmatpr

1141 2461 1186 2534 gis
1209 2463 1287 2522 votis
1310 2465 1362 2523 bac
1384 2464 1416 2523 in
1439 2471 1646 2540 requendum
1667 2429 2119 2548 corobontnoffssffllllllpl’l'i'j

1141 2571 1301 2632 possumus
1332 2557 1541 2618 favorabiliter
1571 2572 1710 2620 annuere
1732 2555 1884 2629 roloniae,
1905 2541 2119 2640 ffimffi‘gllffl'

1141 2649 1315 2711 huiusmodi
1344 2651 1617 2728 supplicationibus
1643 2651 1793 2724 inclinati,
1821 2665 1887 2712 mo-

1140 2743 1331 2804 derationem
1351 2743 1552 2806 alternativae
1573 2751 1603 2806 et
1624 2743 1815 2822 aequalitatis
1830 2743 1885 2803 bu-

1141 2834 1271 2896 iusmodi
1292 2852 1308 2893 a
1329 2834 1464 2913 praelato
1484 2835 1607 2898 Nicolao
1629 2836 1788 2915 Episcopo,
1813 2843 1887 2898 tunc

1139 2927 1242 3006 priore
1264 2928 1412 3004 generali,
1435 2927 1556 3004 iactam,
1580 2939 1614 2991 ut
1635 2931 1819 3008 praefertur,
1835 2945 1886 2992 ex-

1140 3021 1319 3099 peditosque
1339 3023 1471 3099 desuper
1498 3022 1581 3084 illius
1612 3029 1751 3102 patentes
1773 3022 1886 3084 litteras

1140 3114 1355 3192 praeinsertas,
1385 3132 1457 3178 cum
1484 3116 1628 3178 omnibus
1650 3123 1680 3178 et
1700 3117 1832 3192 singulis
1854 3115 1886 3178 in

1140 3209 1184 3270 eis
1205 3210 1369 3284 contentis,
1385 3209 1567 3271 auctoritate
1587 3210 1760 3288 apostolici,
1779 3216 1887 3271 tenore

1140 3303 1362 3380 praesentium,
1378 3304 1598 3365 confirmamus
1620 3309 1650 3364 et
1671 3303 1884 3382 approbamus,

1140 3395 1262 3473 illisque
1276 3395 1462 3456 inviolabilis
1476 3395 1657 3474 apostolicae
1669 3396 1824 3458 firmitatis
1839 3411 1888 3456 ro·

1140 3487 1199 3550 bur
1219 3487 1389 3562 adiieimus,
1412 3505 1445 3550 ac
1466 3503 1574 3550 omnes
1596 3495 1626 3549 et
1649 3489 1789 3564 singulos
1811 3489 1887 3551 iuris

1139 3587 1171 3642 et
1192 3581 1262 3642 lacti
1283 3581 1430 3656 deiectus,
1453 3581 1478 3641 si
1499 3581 1554 3658 qui
1575 3583 1706 3660 desuper
1720 3582 1887 3659 quomodo·

1140 3673 1215 3736 libet
1237 3673 1479 3749 intervenerint,
1500 3674 1691 3753 supplemus.

1179 3767 1247 3843 §lc
1269 3769 1476 3830 decernentes
1497 3769 1619 3830 easdem
1641 3777 1817 3848 praesentes
1838 3767 1889 3829 lit·
1935 3781 2077 3831 clausurae.

1142 3869 1232 3938 teras,
1257 3879 1380 3941 semper
1403 3864 1523 3938 lirmas,
1553 3863 1666 3925 validas
1694 3871 1724 3924 et
1752 3863 1887 3924 efficaces

1141 3955 1272 4017 existere
1293 3961 1324 4016 et
1352 3955 1428 4030 iore,
1450 3973 1584 4034 suosque
1614 3956 1767 4034 plenarios
1789 3963 1819 4018 et
1840 3957 1887 4017 in-

1141 4055 1245 4126 tegros
1266 4049 1391 4111 eftectus
1411 4049 1516 4112 sortiri
1532 4056 1562 4112 et
1577 4049 1728 4124 obtinere,
1745 4066 1779 4110 ac
1800 4049 1838 4111 ab
1852 4049 1887 4111 il·

1140 4141 1189 4218 lis,
1204 4143 1241 4204 ad
1262 4157 1339 4220 quos
1353 4149 1467 4220 spectat
1481 4149 1513 4204 et
1527 4159 1583 4220 pro
1598 4151 1738 4222 tempore
1752 4144 1887 4220 quando·

1139 4251 1275 4315 cumque
1294 4235 1454 4314 spectabit,
1477 4235 1697 4298 inviolabiliter
1718 4236 1886 4312 observari,

1140 4329 1243 4408 sicque
1265 4327 1297 4390 in
1325 4329 1498 4407 praemissis
1526 4345 1580 4408 per
1608 4344 1819 4408 quoscumque
1840 4331 1886 4392 iu-

1140 4421 1221 4486 dices
1242 4422 1411 4484 ordinarios
1433 4429 1464 4484 et
1485 4423 1651 4500 delegatos,
1673 4423 1767 4484 etiam
1785 4440 1886 4486 causa·

1140 4532 1212 4578 rum
1243 4515 1346 4594 palatii
1377 4515 1533 4594 apostolici
1562 4516 1727 4592 auditores,
1757 4516 1887 4580 iudicari

1141 4619 1172 4674 et
1193 4610 1316 4674 definiri
1337 4610 1461 4686 debere,
1483 4627 1517 4672 ac
1547 4609 1674 4672 irritum
1695 4617 1726 4672 et
1748 4610 1885 4672 inanest

1140 4721 1226 4767 secus
1247 4720 1340 4782 super
1360 4704 1406 4764 liis
1421 4721 1436 4763 a
1451 4719 1617 4781 quoquam,
1634 4704 1741 4780 quavis
1755 4705 1887 4765 auctori-

1141 4804 1213 4870 tate,
1230 4797 1362 4859 scienter
1383 4795 1434 4858 vel
1454 4797 1645 4872 ignoranter,
1661 4795 1828 4873 contigerit
1843 4803 1886 4858 at-

1142 4892 1264 4954 tentari.

1179 4987 1198 5060 ἓ
1229 4985 1258 5046 5.
1295 4983 1366 5048 Non
1399 4984 1589 5047 obstantibus
1624 4985 1816 5062 praemissis,
1852 5001 1886 5048 ac
1918 5011 2117 5074 pemggpwon.

1140 5077 1412 5142 constitutionibus
1433 5085 1463 5140 et
1484 5077 1739 5152 ordinationibus,
1762 5094 1884 5140 necnon
1904 5068 2050 5111 tractorum.

1139 5171 1347 5252 praelatorum
1379 5169 1501 5234 Ordinis
1521 5179 1551 5232 et
1580 5171 1768 5249 provinciae,
1791 5173 1885 5234 eliam

1139 5266 1330 5340 iuramento,
1363 5264 1596 5326 confirmatione
1624 5265 1801 5344 apostolica,
1834 5265 1884 5328 vel

1139 5359 1247 5438 quavis
1272 5357 1419 5420 firmitate
1438 5359 1494 5419 alii
1521 5357 1681 5433 roboratis,
1710 5359 1832 5436 statutis
1853 5366 1884 5421 et

1139 5453 1430 5530 consuetudinibus,
1464 5451 1635 5530 privilegiis
1666 5467 1804 5530 quoque,
1838 5454 1885 5516 in·

1139 5545 1234 5610 dultis
1258 5554 1288 5608 et
1311 5545 1423 5608 litteris
1444 5543 1615 5623 apostolicis
1636 5544 1668 5606 iu
1693 5545 1883 5607 contrarium

1138 5641 1378 5720 praemissorum
1392 5637 1621 5718 quomodolibet
1636 5640 1797 5714 concessis
1813 5657 1884 5704 eon·

1139 5735 1269 5798 firmatis
1291 5743 1321 5798 et
1348 5735 1521 5810 innovatis;
1550 5733 1663 5812 quibus
1688 5735 1832 5798 omnibus
1854 5744 1884 5798 et

1137 5827 1279 5906 singulis,
1299 5829 1425 5891 illorum
1448 5835 1569 5890 tenores
1595 5828 1808 5908 praesentibus
1829 5845 1884 5907 pro

1138 5921 1231 6001 plene
1247 5931 1279 5985 et
1292 5923 1481 5985 sufficienter
1502 5923 1652 6002 expressis
1674 5919 1832 5996 babentes,
1849 5922 1884 5982 il·

1139 6015 1175 6077 lis
1203 6015 1275 6077 alias
1303 6018 1336 6078 in
1362 6031 1418 6080 suo
1449 6015 1561 6079 robore
1591 6014 1820 6095 permansuris,
1848 6017 1884 6079 ad
