4866 6980
317 529 371 582 An.
386 529 416 582 O.
438 527 506 580 1678
557 527 595 590 22

536 682 598 744 que
626 671 709 729 statu
735 681 851 741 causae,
874 665 1097 728 rationabiliter
1124 671 1228 728 tamen
1250 673 1281 728 et

537 759 658 836 praevii
689 759 812 821 licentia
843 757 1083 821 eminentissimi
1114 758 1280 837 ponentis,

538 859 659 913 mutare
680 859 928 930 procuratorem,
955 853 1122 915 dummodo
1143 852 1214 914 alias
1235 848 1281 931 (l)

537 944 569 1006 ia
591 945 656 1007 eius
685 945 786 1008 locum
813 946 1026 1022 subrogandus
1053 945 1093 1006 sit
1114 944 1152 1006 de
1173 944 1281 1006 eodem

536 1038 684 1115 collegio,
708 1045 739 1100 et
760 1055 823 1101 non
849 1039 958 1101 babeat
983 1039 1017 1101 in
1045 1045 1145 1102 totum
1176 1036 1282 1116 plures

537 1147 640 1193 causas
657 1149 753 1211 quam
776 1139 918 1212 quatuor.

304 1225 518 1336 „,Pg⁰„‘,¹,‘,¹,',⁰,},²,³¹,{{
577 1241 635 1286 ru.
658 1225 803 1288 Advocati
815 1243 888 1288 vero
902 1228 938 1289 ad
954 1224 1150 1289 scribendum
1166 1225 1196 1286 in
1214 1223 1282 1286 iure

303 1333 417 1432 pppppps
432 1334 518 1432 ppppp-
537 1319 652 1381 assumi
678 1319 808 1382 debeant
830 1320 866 1382 ad
891 1320 1015 1382 libitum
1043 1319 1279 1398 postulatorum,

303 1439 342 1485 ver
366 1450 396 1486 aa
419 1411 788 1486 du0d,.du1nmodosint
810 1429 848 1474 ex
868 1413 1004 1489 collegiis
1014 1428 1113 1473 sacrae
1135 1409 1280 1472 consisto·
1308 1444 1311 1512 ι

216 1512 219 1520 ’
303 1493 518 1604 {iffigpc'fflffiff
537 1503 620 1564 rialis
642 1504 739 1580 aulae,
762 1505 813 1567 vel
835 1521 873 1566 ex
901 1504 1061 1566 duodecim
1082 1503 1149 1564 aliis
1174 1518 1281 1580 appro-

303 1599 413 1656 gaisone,
537 1596 614 1658 batis
636 1614 651 1658 a
672 1599 753 1660 sacra
776 1598 1035 1674 congregatione,
1059 1598 1100 1659 ita
1123 1603 1226 1657 tamen
1247 1603 1282 1657 ut

536 1690 667 1766 quilibet
688 1707 796 1754 eorum
817 1707 871 1754 sex
893 1698 1015 1754 tantum
1036 1707 1139 1754 causas
1153 1689 1281 1769 patroci-

537 1783 603 1844 nari
624 1784 728 1863 possit.

323 1878 517 1978 „Effiffilffissw
576 1892 646 1938 xrrr.
670 1877 728 1939 Pro
749 1880 892 1941 mercede
912 1885 1017 1942 autem
1042 1877 1280 1956 praedictorum,

304 1944 519 2048 {areomarensi
537 1987 570 2032 ac
592 1970 683 2032 ctiam
704 1971 826 2048 notarii,
850 1988 931 2034 sacra
960 1971 1165 2049 congregatio
1193 1969 1282 2031 iussit

304 2041 408 2086 ”⁰²²¹¹¹·
537 2065 653 2126 servari
669 2072 752 2128 taxas
766 2067 802 2128 ab
819 2068 852 2128 ed
867 2067 1034 2144 diligenter
1049 2064 1174 2138 revisas,
1191 2078 1280 2141 quae,

537 2166 572 2220 ut
593 2159 737 2222 omnibus
758 2161 965 2236 innotescant,
978 2160 1058 2239 typis
1077 2157 1216 2220 mandari
1231 2157 1282 2218 de·

537 2252 639 2328 beant,
662 2261 693 2316 et
715 2255 747 2316 in
768 2255 831 2317 fine
852 2255 1048 2317 decretorum
1070 2253 1175 2316 inseri.

331 2353 371 2448 Dp.
384 2350 518 2450 scripturrp
577 2363 641 2409 arv.
666 2349 744 2411 Cum
765 2349 860 2411 etiam
875 2349 1073 2410 observatum
1088 2347 1181 2409 fuerit
1192 2361 1281 2424 saepe

305 2414 507 2514 ffiirfflffl
537 2443 739 2522 postulatores
750 2442 822 2504 dare
843 2443 1009 2520 scripturas
1025 2441 1215 2512 medicorum
1231 2438 1279 2499 vel

536 2537 755 2613 chirurgorum
776 2551 831 2614 pro
856 2533 1092 2597 confirmatione
1119 2531 1280 2594 miraculo·

536 2645 618 2705 rum,
642 2637 673 2692 et
695 2645 732 2690 er
753 2629 809 2690 alid
839 2635 924 2706 parte
947 2643 1010 2689 non
1039 2627 1133 2689 fuerit
1153 2625 1280 2687 solitum

534 2721 712 2802 responderi
723 2739 778 2801 per
789 2723 904 2802 peritos
919 2721 1056 2784 eiusdem
1072 2719 1279 2800 professionis;

534 2817 603 2879 ideo
615 2815 739 2880 videtur
754 2817 972 2890 necessarium,
986 2817 1021 2878 ad
1037 2816 1093 2876 boc
1108 2822 1143 2876 ut
1155 2829 1280 2891 respon-

534 2913 642 2974 deatur
662 2910 834 2973 secundom
856 2917 972 2985 artem,
995 2910 1076 2988 quod
1097 2907 1282 2969 eminentis-

534 3004 630 3066 simus
652 3019 770 3082 ponens
798 3005 924 3082 deputet
945 3019 984 3065 ea
1009 3003 1120 3078 officio,
1149 3011 1278 3078 secreto,

533 3105 565 3159 et
586 3097 710 3176 praevio
732 3098 919 3171 iuramento,
942 3096 1039 3158 alium
1060 3095 1216 3158 medicum
1230 3095 1280 3157 rel

534 3191 718 3268 chirurgum
729 3190 943 3266 celebriorem,
960 3191 1012 3269 qui
1029 3191 1210 3270 respondeat
1225 3206 1279 3269 pro

536 3276 684 3360 veritate,
717 3284 753 3344 ad
782 3285 927 3348 ellectum
958 3285 1084 3348 ridendi
1107 3301 1145 3346 an
1167 3289 1279 3345 asserta

536 3377 682 3440 miracala
704 3381 850 3441 excedant
872 3379 952 3439 vires
974 3385 1113 3440 naturae.

306 3469 517 3570 decratgmffffliirff
576 3469 634 3533 Dia
656 3487 706 3532 ur.
731 3469 869 3536 octobris
891 3469 1087 3534 uoccuxiuu.
1113 3471 1204 3549 sacta
1224 3487 1280 3549 par

305 3580 409 3640 uantur
423 3587 438 3622 a
454 3580 517 3623 ron·
535 3581 583 3626 aaa
604 3565 857 3646 infrascriptam
886 3565 1040 3628 relatione
1070 3565 1279 3629 Sanctissirao

305 3629 377 3676 ‘¹⁰⁰⁰'
535 3663 758 3738 praefatorum
781 3659 978 3720 decretorum
1003 3676 1075 3721 caat
1097 3675 1207 3721 eoram
1230 3661 1280 3719 ia-

536 3751 626 3831 taqrd
648 3750 785 3824 lettard,
806 3749 971 3814 Saactitos
995 3751 1062 3814 Sua
1085 3752 1231 3814 laudavit
1251 3758 1280 3814 at

535 3843 744 3922 approbavit,
780 3850 876 3922 atqac
902 3845 1027 3906 servari
1057 3845 1223 3907 mandavit
1249 3852 1278 3906 ct

534 3934 707 4015 publicari.

734 4045 776 4106 lo.
801 4045 964 4107 Barrusra
986 4045 1280 4121 autumaretur

795 4145 825 4200 et
845 4146 954 4202 sacret.
979 4139 1217 4202 memorialium.

614 4275 844 4355 nocuasrgna.

828 4413 1059 4474 Banaanaruus
1081 4414 1240 4476 cassurus

796 4506 826 4569 S.
850 4505 911 4567 tiit.
936 4507 1121 4583 congregat.
1143 4515 1253 4568 secret.

557 4696 625 4770 59..
650 4693 803 4756 Forrrtcla
825 4695 1002 4756 iarautcati
1026 4693 1260 4757 indicamento

670 4787 902 4850 inchoationem
923 4803 1139 4865 processuum.

340 4983 516 5028 iuramentum
577 4984 681 5059 «Ego
710 4981 935 5058 infrascriptae,
971 4978 1056 5040 tactis
1083 4977 1281 5040 sacrosanctis

537 5076 713 5153 Evangeliis
734 5091 836 5136 coram
858 5089 909 5134 me
930 5073 1047 5150 positis,
1070 5073 1139 5134 iuro
1160 5079 1191 5133 et
1213 5086 1281 5149 pro-

537 5170 627 5232 mitto
649 5167 782 5230 fideliter
796 5167 964 5245 adimplere
979 5182 1094 5228 munus
1109 5164 1184 5226 milri
1200 5179 1280 5226 conr-

537 5264 667 5326 missum
698 5263 775 5323 circa
803 5260 1034 5322 fabricationem
1062 5275 1220 5336 processus
1249 5259 1279 5320 in

536 5357 624 5420 causa
646 5355 876 5418 beatificationis
890 5361 921 5415 et
942 5351 1184 5416 canonizationis
1198 5352 1280 5412 servi

537 5450 590 5511 Ilei
618 5449 655 5510 N.
685 5450 769 5509 iuxta
801 5446 934 5509 formam
959 5447 1153 5510 decretorum
1179 5461 1281 5506 sacrae

538 5541 792 5618 Congregationis
819 5541 960 5616 Rituum,
987 5547 1017 5600 et
1044 5539 1206 5617 praecipue
1227 5553 1280 5598 no-

537 5633 736 5696 vissimorum
751 5649 830 5710 quae
843 5633 1023 5694 confirmata
1045 5630 1198 5693 fuerunta
1213 5647 1280 5693 san-

538 5727 673 5790 ctissimo
704 5726 828 5788 domino
860 5733 965 5789 nostro
999 5725 1181 5787 innocentio
1215 5725 1279 5802 lll.;

231 5041 235 5051 ·
306 5034 427 5080 iudicum.

580 5921 610 5998 ll)
625 5943 724 5988 Forsan
738 5945 807 5988 altas·
820 5951 867 5998 pro
881 5941 949 5988 altas
962 5941 1110 5998 legandum.

1052 545 1116 590 lutt-
1141 545 1232 590 PON'l'·
1256 545 1296 590 DE
1317 545 1347 590 P·
1370 545 1400 590 F·
1425 546 1507 593 PARS
1529 546 1550 591 1.

2114 525 2166 579 Au.
2181 531 2211 584 O.
2234 529 2313 582 1678

1338 682 1461 730 necnon
1486 667 1553 728 iuro
1574 673 1605 728 et
1626 667 1773 745 promitto
1797 665 1940 744 religiose
1959 681 2083 728 servare

1338 766 1508 834 secretum,
1538 767 1601 822 tam
1622 760 1834 824 decantantis
1859 760 1892 822 in
1913 759 2085 837 interroga-

1340 853 1436 928 toriis,
1459 870 1551 932 quam
1573 854 1609 914 de
1633 855 1759 918 testium
1777 853 2018 932 depositionibus
2033 871 2083 916 su-

1338 963 1393 1025 per
1413 946 1522 1008 iisdem
1545 953 1575 1010 et
1605 963 1698 1026 super
1725 947 1873 1023 articulis,
1904 964 1961 1010 nec
1988 948 2026 1010 de
2048 947 2083 1008 iis

1338 1039 1422 1118 loqui
1445 1056 1516 1102 cum
1532 1039 1632 1120 aliqui
1649 1042 1789 1119 persona,
1805 1042 1941 1118 exceptis
1954 1041 2022 1103 aliis
2037 1041 2083 1104 iu·
2118 1098 2122 1108 .

1338 1133 1455 1196 dicibus
1476 1139 1507 1196 et
1527 1133 1763 1211 subpromotore
1777 1150 1810 1196 ac
1825 1134 1944 1196 notario
1965 1151 2019 1214 pro
2034 1151 2085 1197 co-

1338 1225 1409 1287 dem
1430 1242 1573 1304 processu
1588 1224 1752 1306 deputatis
1769 1228 1843 1290 etin
1855 1227 2083 1308 Gariaexcepto

1338 1320 1431 1380 etiam
1452 1321 1677 1398 protonotario,
1699 1321 1757 1383 sub
1777 1321 1875 1400 poenal
1903 1321 2032 1398 periurii
2053 1328 2084 1384 et

1338 1413 1666 1476 excommunicationis
1688 1413 1765 1476 latae
1785 1414 1968 1490 sententiae,
1989 1433 2005 1477 a
2026 1433 2083 1494 qua

1339 1505 1464 1566 nonnisi
1484 1523 1500 1566 a
1522 1505 1651 1568 Summo
1671 1506 1819 1568 Pantidce
1839 1506 1977 1582 (excluso
1990 1509 2084 1570 etiam

1340 1598 1448 1660 maiori
1460 1598 1712 1680 poenitentiario)
1727 1608 1942 1680 praeterquam
1954 1601 1987 1664 in
2002 1618 2084 1663 mar-

1340 1691 1377 1752 tis
1398 1691 1526 1756 articulo
1542 1693 1656 1756 absolvi
1672 1694 1796 1772 possim.
1822 1694 1860 1756 Et
1881 1695 1921 1756 ita
1937 1695 2083 1774 promitto

1338 1792 1369 1845 et
1390 1785 1473 1848 iuro:
1495 1785 1538 1847 sic
1552 1801 1602 1847 me
1617 1787 1697 1850 Deus
1712 1787 1835 1850 adiuvet
1849 1793 1881 1849 et
1895 1787 1968 1850 baec
1982 1795 2083 1850 sancta

1338 1877 1392 1939 Dei
1414 1878 1580 1956 Evangelia
1595 1898 1624 1939 a.
1670 1873 1674 1879 '

1378 1970 1463 2033 ldem
1481 1973 1693 2036 iuramentum
1707 1973 1910 2052 praestabitur
1924 1991 1940 2034 a
1955 1974 2083 2054 subpro-

1338 2071 1458 2126 motore
1479 2073 1509 2128 et
1527 2066 1658 2141 notaria,
1676 2073 1707 2128 et
1723 2065 1754 2128 in
1771 2065 1861 2129 Curia
1874 2067 1968 2128 etiarn
1983 2085 1999 2128 a
2015 2083 2082 2146 pro·

1338 2159 1503 2234 tonotario,
1527 2158 1653 2220 mutatis
1675 2157 1840 2220 mutandis.

1417 2347 1436 2420 ἓ
1456 2346 1484 2408 3.
1501 2347 1652 2410 Formala
1668 2347 1842 2410 iuramenti
1858 2347 1998 2410 tertiata.

1366 2523 1395 2591 'a
1415 2532 1480 2610 Ego
1509 2532 1735 2612 infrascriptos,
1767 2534 1854 2596 tactis
1884 2535 2081 2598 sacrosanctis
2101 2539 2317 2638 wslppgpentum

1339 2624 1514 2702 Evangeliis
1542 2641 1645 2708 coram
1670 2643 1721 2690 me
1747 2628 1868 2706 positis,
1891 2629 1960 2690 iuro
1980 2627 2082 2692 dicere
2208 2627 2212 2637 '

1338 2718 1513 2795 veritatem,
1531 2726 1592 2781 tarn
1607 2737 1700 2799 super
1716 2722 1972 2800 interrogatoriis,
1988 2739 2081 2802 quam
2100 2757 2103 2768 ν

1337 2827 1429 2889 super
1450 2812 1587 2876 articulis
1609 2829 1711 2892 isuper
1732 2814 1844 2893 quibus
1872 2815 2080 2892 examinabor,

1338 2919 1460 2966 necnon
1481 2922 1604 2968 servare
1625 2917 1790 2983 secretum,
1813 2925 1870 2972 neo
1891 2909 1981 2973 alicui
1996 2909 2082 2988 peni-

1339 3005 1386 3060 tus
1408 2999 1545 3062 revelare
1566 3008 1629 3062 tam
1649 3010 1793 3064 contenta
1808 3001 1841 3066 in
1861 3003 1970 3065 iisdem
1985 3003 2083 3066 inter·

1336 3093 1496 3168 rogatoriis
1517 3110 1611 3172 quarn
1633 3097 1847 3173 responsiones
1869 3104 1899 3158 et
1920 3097 2082 3175 depositio·
2118 3091 2125 3108 ⁸

1337 3202 1391 3248 nes
1412 3203 1428 3246 a
1449 3203 1499 3247 me
1520 3187 1623 3263 factas,
1646 3188 1704 3250 sab
1725 3189 1822 3267 poena
1838 3189 1965 3268 periurii
1984 3198 2015 3251 et
2030 3206 2082 3252 ex·

1336 3281 1624 3344 communicationis
1657 3281 1734 3344 latae
1764 3283 1953 3359 sententiae,
1981 3302 1997 3344 a
2021 3301 2082 3362 qua

1337 3375 1461 3436 nonnisi
1476 3391 1491 3434 a
1508 3377 1636 3439 Summo
1658 3377 1805 3439 Pontidce
1827 3375 1965 3458 (excluso
1987 3378 2081 3440 etiam

1337 3469 1444 3530 maiori
1457 3471 1707 3549 poenitentiario)
1722 3479 1938 3550 praeterquam
1952 3470 1984 3532 in
2000 3486 2083 3534 mor-

1337 3563 1375 3624 tis
1396 3563 1524 3626 artimlo
1546 3564 1661 3626 absolvi
1677 3565 1800 3642 possim.
1825 3565 1864 3628 Et
1879 3565 1920 3627 ita
1934 3567 2081 3644 promitto

1336 3663 1367 3717 et
1388 3656 1472 3718 iuro:
1489 3656 1532 3718 sic
1547 3673 1598 3718 are
1612 3657 1692 3719 Deus
1706 3658 1830 3720 adiuvet
1845 3665 1875 3720 et
1891 3659 1963 3722 baec
1977 3667 2082 3722 sancta

1337 3752 1390 3814 Dei
1412 3750 1581 3828 Evangelia
1596 3768 1624 3810 ».

1336 3941 1355 4015 5
1376 3939 1405 4000 b.
1436 3940 1531 4004 Tarsa
1546 3957 1602 4020 par
1618 3942 1663 4022 qli
1678 3941 1855 4005 aaaocatia
1875 3942 2080 4018 procuratori

1377 4033 1430 4095 aba
1450 4036 1664 4112 patrociaaao
1686 4037 1713 4097 le
1740 4051 1833 4098 caasa
1860 4035 1892 4096 di
1925 4034 2081 4114 beatifica-

1376 4131 1469 4192 zioae
1480 4147 1495 4190 e
1507 4129 1781 4191 coaora'zaaaioaa
1793 4129 1877 4190 aclla
1893 4146 1987 4192 sacra
2002 4129 2082 4190 Con-

1376 4225 1567 4305 praqaaioae
1589 4223 1639 4286 dei
1661 4222 1743 4294 licta,
1767 4223 1940 4286 rirtaacata
1956 4240 1970 4282 a
1985 4222 2080 4286 stodi-

1377 4319 1438 4382 la'ta
1461 4317 1547 4380 dalla
1569 4317 1738 4380 medesima
1759 4335 1785 4378 s.
1813 4318 2078 4396 Coaqrcpasiaae.

1380 4504 1504 4568 l.⁰'Per
1526 4507 1555 4568 lo
1576 4505 1692 4584 spoglio
1721 4504 1898 4566 universale
1924 4505 1980 4566 obe
2006 4506 2030 4566 si
2054 4506 2081 4566 fa

1338 4618 1393 4678 pro
1416 4600 1483 4662 aad
1510 4600 1577 4661 vice
1601 4605 1742 4671 tacitam,
1765 4599 1790 4660 si
1819 4599 1983 4660 assecuta
2007 4608 2079 4661 lassa

1337 4695 1386 4758 dal
1410 4693 1487 4756 1658
1508 4694 1536 4754 al
1557 4695 1576 4768 S
1598 4695 1628 4768 3,
1652 4709 1710 4754 ove
1730 4692 1756 4754 si
1779 4693 1860 4768 dice,
1889 4694 1944 4756 che
1971 4709 2034 4754 non
2055 4693 2080 4754 si

1337 4803 1423 4867 possa
1445 4789 1516 4850 dare
1537 4787 1591 4864 piir
1612 4788 1642 4848 di
1668 4787 1754 4848 scudi
1775 4794 1898 4865 quattro
1926 4802 1981 4864 per
2007 4786 2081 4862 ogni

1336 4889 1505 4944 centenaro
1520 4881 1550 4942 di
1565 4879 1640 4957 fogli
1661 4880 1691 4942 di
1713 4895 1780 4942 esso
1801 4895 1940 4958 processo
1955 4879 2080 4954 ridotto‚

1337 4975 1402 5037 clod
1423 4974 1479 5036 che
1495 4973 1515 5034 il
1531 4973 1626 5050 foglio
1646 4974 1688 5034 sia
1710 4973 1740 5035 di
1761 4974 1819 5036 due
1841 4973 1974 5049 sacciula,
1991 4989 2008 5033 e
2023 4972 2081 5034 cia-

1337 5067 1492 5130 scbeduna
1513 5066 1636 5129 facciata
1657 5067 1699 5128 sia
1715 5067 1745 5128 di
1760 5065 1841 5128 linea
1856 5066 2079 5144 ventiquattro,

1337 5177 1354 5222 ε
1376 5161 1405 5221 la
1428 5161 1506 5222 linea
1528 5159 1558 5221 di
1579 5159 1686 5222 sillabe
1706 5160 1809 5222 sedici.

1377 5255 1423 5316 2⁰
1446 5255 1504 5316 Per
1524 5254 1553 5316 le
1574 5253 1722 5316 scrittore
1742 5254 1793 5315 uei
1815 5255 1874 5316 due
1888 5251 1972 5314 soliti
1987 5251 2081 5314 dubbi

1337 5347 1509 5428 principali,
1522 5347 1587 5409 cioe
1598 5361 1693 5424 saper
1704 5344 1883 5408 virtutibus
1901 5351 1929 5407 at
1940 5346 2080 5409 lairacu-

1338 5442 1389 5512 lis,
1412 5441 1438 5502 si
1452 5440 1574 5519 possina
1595 5440 1668 5502 dare
1681 5439 1766 5502 scadi
1781 5439 1866 5502 venti
1883 5455 1937 5519 per
1951 5441 2082 5502 ciasctie-

1338 5536 1430 5610 duna,
1454 5550 1471 5595 e
1491 5550 1556 5595 uon
1577 5535 1638 5612 piu.

1377 5629 1423 5690 3.⁰
1445 5629 1503 5689 Per
1523 5626 1553 5688 le
1579 5627 1710 5705 risposte
1730 5626 1781 5688 nei
1806 5625 1966 5690 medesimi
1987 5626 2081 5690 dubbi

1336 5723 1361 5784 si
1383 5737 1512 5802 possano
1527 5721 1599 5782 dare
1612 5719 1698 5782 scudi
1712 5717 1801 5794 dieci,
1818 5735 1904 5799 aper
1920 5728 1999 5784 tutte
2015 5721 2080 5783 l‘al·
