4836 6998
343 563 397 618 An.
410 565 441 618 O.
464 566 531 618 1730
581 565 640 630 424

562 715 595 760 ac
617 705 770 779 quatenus
798 715 874 778 opus
894 698 945 774 sit,
969 697 1045 760 illud
1067 697 1101 759 in
1129 697 1306 777 pristinum,

561 809 595 854 ac
617 808 689 854 enm
717 793 750 854 in
772 807 833 870 quo
860 799 1027 870 antequam
1054 791 1233 854 huiusmodi
1257 790 1309 854 de·

562 895 684 950 cretum
698 904 731 948 ac
745 886 866 948 litterae
890 884 1046 948 Benedicti
1068 884 1309 962 praedecessoris

562 987 755 1056 emanarent,
771 989 837 1042 erat
852 987 979 1054 statum,
996 978 1119 1041 restitui
1140 985 1171 1039 et
1193 979 1309 1040 reinte-

563 1076 645 1152 grari
673 1089 871 1152 summopere
896 1072 1066 1148 desideret,
1096 1087 1194 1149 quum
1219 1069 1308 1148 aequi

561 1168 699 1245 bonique
720 1166 797 1228 ratio
825 1166 1028 1245 postulanda
1054 1180 1132 1244 qnae
1154 1165 1191 1227 ab
1219 1165 1309 1226 initio

561 1259 690 1339 provide
710 1259 878 1322 constituta
900 1258 1039 1332 luerunt,
1059 1257 1112 1318 ubi
1135 1257 1214 1319 nibil
1228 1262 1308 1335 post·

562 1354 692 1416 modom
713 1353 899 1430 contigerit,
921 1353 1003 1431 qood
1028 1351 1220 1414 contrarium
1241 1365 1309 1412 sua-

562 1447 643 1520 deat,
672 1446 803 1508 minime
832 1445 1009 1507 immutari:
1034 1445 1122 1506 nobis
1148 1451 1309 1522 propterea

562 1541 728 1602 humiliter
742 1539 905 1618 supplicari
927 1537 1013 1612 lecit,
1037 1545 1071 1598 nt
1088 1537 1119 1598 in
1136 1535 1310 1613 praemissis

562 1642 736 1713 opportune
757 1633 920 1712 providere
937 1639 967 1692 et
989 1637 1025 1692 ut
1045 1630 1125 1692 inira
1146 1627 1311 1704 indulgere

373 1807 374 1810 Ἴ
563 1730 601 1790 de
622 1727 815 1804 benignitate
836 1725 998 1805 apostolica
1016 1726 1227 1801 dignaremur,

331 1823 545 1922 srssffidessfffflis'
602 1822 621 1896 5
642 1822 671 1882 b.
695 1820 757 1882 Nos
779 1821 887 1896 igitar,
911 1819 1005 1897 ipsius
1024 1817 1208 1880 Bernardini
1231 1813 1310 1876 votis

332 1933 418 1992 nester
436 1929 467 1975 aa
487 1941 545 1975 eon·
563 1915 620 1976 bac
641 1915 674 1975 in
696 1929 741 1988 re,
771 1919 925 1992 qnantum
953 1925 1023 1974 cum
1048 1910 1179 1973 Domino
1206 1925 1310 1987 possu-

331 1983 419 2082 {iliae
430 1983 545 2135 ’8ξὲῗῖ
564 2023 644 2079 mus,
657 2005 867 2068 favorabiliter
881 2021 1022 2068 annuere
1036 2006 1207 2082 cupientes,
1224 2017 1310 2064 eum·

331 2089 482 2146 ⁸³¹¹⁰¹¹¹⁸⁶⁰
509 2101 546 2134 ‘⁰'
564 2117 624 2178 que
644 2100 825 2178 specialibus
847 2100 1002 2162 favoribus
1023 2107 1054 2162 ct
1076 2099 1182 2176 gratiis
1206 2113 1311 2176 prose·

329 2153 365 2240 pa
384 2141 451 2188 anda
485 2143 545 2188 Fide

331 2195 545 2295 simiifai'iuffl
564 2194 618 2273 qui
639 2194 798 2269 volentes,
824 2202 888 2258 eta
910 2193 1070 2271 quibusvis
1097 2193 1311 2254 excommuni-

330 2302 348 2347 n
366 2304 485 2366 ministro
495 2314 544 2366 ¹qq-
564 2287 703 2359 oationis,
723 2287 932 2366 suspensionis
953 2294 984 2348 et
996 2285 1163 2361 interdicti,
1181 2285 1310 2362 aliisque

331 2356 544 2458 Bssssisssstfflfflffgff
563 2381 774 2442 ecclesiasticis
795 2381 968 2455 sententiis,
992 2380 1131 2442 censuris
1146 2386 1176 2441 et
1190 2379 1308 2457 poenis,

330 2462 418 2510 crarat.
562 2489 578 2532 a
599 2473 668 2536 iure
689 2472 738 2534 vel
759 2472 796 2534 ab
810 2472 948 2548 bomine,
965 2472 1073 2550 quavis
1088 2471 1245 2534 occasione
1259 2470 1310 2532 vel

561 2565 650 2628 causa
671 2564 750 2639 latis,
765 2565 791 2626 si
810 2564 921 2643 quibus
936 2563 1168 2643 quomodolibet
1183 2564 1311 2626 innoda-

561 2663 611 2718 tus
633 2657 749 2732 existit,
771 2657 806 2720 ad
828 2657 974 2719 ellectum
994 2657 1205 2735 praesentium
1221 2657 1310 2718 dum-

561 2757 643 2812 taxat
658 2751 922 2828 consequendnm,
935 2752 1047 2812 barum
1057 2748 1138 2810 serie
1149 2747 1311 2810 absolven-

561 2855 607 2910 tes
631 2854 662 2908 et
676 2845 852 2907 absolutum
866 2843 931 2906 lore
942 2848 1116 2917 censentes,
1131 2840 1308 2904 huiusmodi

559 2936 835 3018 supplicationibus
855 2935 1008 3011 inclinati,
1024 2937 1062 2998 de
1083 2935 1309 2996 venerabilium

560 3031 693 3094 iratrnm
714 3039 894 3094 nostrorum
914 3029 1056 3091 eiusdem
1077 3029 1108 3092 S.
1126 3029 1162 3090 n.
1178 3029 1213 3090 E.
1238 3029 1309 3092 Gar·

560 3124 711 3187 dinalium
742 3123 904 3203 praedictis
932 3121 1067 3199 negotiis
1094 3121 1309 3201 Propagandae

560 3217 646 3280 Fidei
660 3217 916 3297 praepositorum,
933 3215 986 3294 qui
1002 3215 1189 3277 relationem
1205 3214 1309 3278 dilecti

561 3311 617 3372 lilii
632 3311 730 3372 nostri
745 3309 862 3372 Nicolai
877 3309 972 3387 ipsius
987 3310 1018 3373 S.
1031 3309 1068 3370 n.
1083 3309 1117 3369 E.
1136 3308 1307 3371 cardinalis

561 3405 709 3484 Spioniae
723 3403 896 3481 nuncupati
910 3401 968 3464 sibi
983 3403 1114 3480 desuper
1129 3402 1240 3464 iactam
1255 3417 1308 3462 au-

560 3498 728 3572 diverunt,
757 3511 888 3574 remque
910 3503 1033 3558 mature
1059 3496 1306 3576 perpenderunt,

560 3592 699 3666 consilio,
714 3589 886 3668 praelatum
907 3589 1075 3666 collegium
1096 3589 1161 3650 sive
1176 3588 1308 3650 semina·

560 3689 643 3749 rium
655 3688 753 3750 castri
764 3686 802 3748 de
812 3685 921 3748 Ozzier
930 3687 988 3748 sub
999 3685 1220 3758 iurisdictione,
1237 3684 1309 3745 obe·

560 3781 674 3842 dientid
686 3779 883 3856 etregimine
900 3778 1068 3856 superioris
1090 3777 1244 3854 generalis
1255 3777 1308 3838 Or·

560 3874 641 3936 dinis
669 3873 815 3950 praedicti
848 3873 932 3934 iuxta
964 3871 1097 3932 lormam
1130 3871 1308 3932 litterarum

560 3967 655 4044 ipsios
676 3966 850 4028 innocentii
868 3965 1109 4043 praedecessoris
1124 3965 1308 4026 continuan-

560 4063 635 4124 dum
666 4075 744 4136 esse,
777 4059 958 4122 auctoritate
989 4057 1164 4136 apostolici,
1198 4063 1307 4118 tenore

560 4153 782 4233 praesentium,
793 4151 960 4215 statuimus
976 4158 1006 4213 et
1021 4150 1226 4212 declaramus:
1250 4148 1309 4209 sal·

561 4249 598 4308 vt
620 4254 724 4308 tamen
746 4261 869 4324 semper
890 4244 922 4306 in
937 4243 1112 4322 praemissis
1127 4242 1309 4305 anctoritate

560 4340 759 4419 primodiotae
781 4337 1038 4415 congregationis
1061 4335 1280 4399 cardinalium.

329 4433 542 4533 ,nferrffiffigiigffi
601 4435 620 4507 5
641 4432 671 4493 6.
694 4433 915 4506 Decernentes,
932 4429 1053 4492 casdem
1073 4427 1309 4508 praesenteslit-

328 4541 465 4588 servantia.
562 4533 641 4588 teras
672 4525 787 4600 firmas,
804 4523 920 4585 validas
932 4532 963 4585 et
981 4523 1115 4584 efficaces
1130 4523 1264 4584 existere
1279 4528 1309 4583 et

561 4619 637 4694 lore,
659 4634 794 4698 suosque
809 4617 962 4696 plenarios
977 4623 1007 4678 et
1022 4617 1161 4692 integros
1182 4614 1309 4676 allectus

560 4713 665 4774 sortiri
685 4719 717 4774 et
738 4711 890 4786 obtinere,
917 4728 949 4773 ac
970 4710 1031 4780 illis
1052 4711 1087 4772 ad
1107 4725 1183 4787 quos
1193 4713 1309 4787 spectat

561 4815 592 4869 et
607 4823 663 4886 pro
677 4817 819 4884 tempore
832 4805 991 4883 spectabit,
1008 4803 1188 4882 plenissime
1201 4801 1310 4862 salira·

561 4902 638 4977 gari,
659 4908 690 4962 et
711 4901 748 4962 ab
769 4900 813 4961 eis
834 4899 1006 4981 respective
1021 4895 1243 4958 inviolabiliter
1257 4893 1309 4954 ob-

561 4995 691 5069 servari,
714 4993 818 5070 sicque
833 4993 865 5053 in
881 4990 1055 5071 praemissis
1070 5004 1124 5067 per
1144 5003 1308 5066 quoscum·

560 5105 622 5167 que
636 5088 751 5150 indices
772 5085 944 5147 ordinarios
970 5091 1001 5146 et
1024 5081 1190 5158 delegatos,
1214 5081 1308 5142 etiam

561 5197 722 5245 causarum
745 5180 847 5259 palatii
868 5178 1026 5257 apostolici
1048 5177 1214 5249 auditores,
1231 5173 1309 5236 indi-

561 5275 623 5338 cari
637 5283 668 5336 et
692 5274 815 5336 definiri
837 5273 960 5346 debere,
984 5287 1018 5331 ac
1043 5270 1170 5332 irritum
1190 5275 1222 5330 et
1243 5269 1307 5329 ina-

561 5385 613 5443 ne,
637 5368 662 5429 si
683 5383 771 5430 secus
792 5367 984 5452 sopeqbisa
1006 5379 1173 5443 quoquam,
1199 5362 1307 5440 quavis

562 5463 754 5537 auctoritate,
770 5461 906 5524 scienter
927 5460 978 5521 vel
999 5460 1194 5535 ignoranter,
1210 5455 1307 5517 conti·

562 5556 644 5632 gerit
665 5555 822 5617 attentari.

601 5649 620 5722 5
643 5647 670 5709 7.
691 5648 760 5710 Non
777 5647 970 5710 obstantibus
985 5649 1171 5727 praemissis,
1188 5665 1221 5710 ac
1235 5663 1307 5711 con-

560 5741 773 5805 stitutionibus
793 5749 823 5804 et
848 5741 1094 5804 ordinationibus
1122 5743 1305 5820 apostolicis,

1085 581 1150 628 ulit.
1175 579 1266 624 PONT.
1290 577 1330 622 DE
1352 577 1380 624 P.
1405 578 1432 624 F·
1458 579 1540 625 PARS
1562 579 1583 624 1.

1364 711 1499 771 necnon,
1516 703 1669 775 quatenus
1684 714 1760 777 opus
1774 698 1825 774 sit,
1841 696 1973 772 Ordinis,
1989 697 2115 777 provin-

1364 790 1428 852 ciae
1455 799 1486 854 et
1514 800 1687 854 conventus
1711 791 1889 854 huiusmodi
1918 793 2113 868 iuramento,

1365 885 2115 965 conttrmatiooeapostolica,velquavisdrmitate

1364 977 1421 1038 alia
1446 977 1607 1053 roboratis,
1629 979 1752 1040 statutis
1771 986 1803 1040 et
1824 978 2113 1053 consuetudinibus,

1364 1069 1537 1149 privilegiis
1558 1086 1694 1150 quoque,
1717 1071 1846 1134 indultis
1866 1079 1898 1134 et
1920 1072 2030 1134 litteris
2044 1087 2115 1150 apo·

1364 1163 1479 1226 stolicis
1498 1164 1531 1225 in
1546 1163 1707 1226 contrariis
1722 1165 1962 1243 praemissorum
1985 1180 2113 1242 quomo-

1364 1255 1481 1318 dolibet
1501 1257 1662 1332 concessis,
1685 1257 1876 1319 confirmatis
1891 1264 1921 1319 et
1943 1258 2111 1320 innovatis.

1364 1349 1481 1424 Quibus
1497 1350 1641 1412 omnibns
1651 1360 1682 1411 et
1692 1350 1836 1426 singolis,
1847 1350 1974 1412 illorum
1990 1358 2114 1413 tenores

1365 1443 1579 1520 praesentibus
1604 1459 1659 1521 pro
1679 1443 1771 1521 plene
1795 1452 1827 1504 et
1844 1443 2037 1508 sufficienter
2061 1461 2113 1506 ex-

1365 1535 1477 1613 pressis
1491 1553 1524 1598 ac
1539 1537 1723 1599 adverbum
1738 1536 1863 1598 insertis
1880 1537 2039 1612 habentes,
2052 1537 2114 1598 illis

1365 1628 1437 1690 alias
1460 1629 1492 1692 iu
1513 1645 1570 1690 suo
1594 1629 1705 1692 robore
1725 1629 1947 1709 permansuris,
1970 1632 2006 1694 ad
2027 1647 2114 1709 prae·

1366 1723 1534 1785 missorum
1561 1723 1720 1799 ellectum,
1753 1725 1807 1785 bac
1835 1724 1903 1786 vice
1934 1725 2112 1799 dumtaxat,

1365 1815 1538 1894 specialiter
1558 1823 1589 1878 et
1611 1831 1755 1894 expresse
1775 1818 1971 1894 derogamus,
1990 1817 2116 1880 ceteris-

1366 1923 1426 1987 que
1447 1909 1609 1970 contrariis
1630 1909 1887 1988 quibuscumque.

1406 1999 1516 2061 Datum
1545 1999 1670 2075 Rornae,
1698 2000 1778 2078 apud
1807 2001 1838 2064 S.
1869 2001 1995 2064 blaviam
2023 2003 2115 2066 blaio·

1365 2107 1444 2166 rem,
1466 2093 1524 2153 sub
1544 2091 1661 2154 annulo
1684 2092 1854 2168 Piscatoris,
1877 2095 1927 2156 die
1949 2111 2014 2156 xvi.
2032 2105 2116 2159 octo-

2144 558 2198 614 An.
2213 562 2246 613 O.
2269 561 2336 612 ΠΜ

1366 2185 1428 2247 bris
1449 2201 1628 2262 mcccxxv,
1651 2186 1848 2264 pontificatus
1870 2189 1970 2252 nostri
1991 2205 2072 2254 anno
2089 2207 2111 2252 r.

1621 2347 1861 2357 ...m-

1722 2472 1757 2533 ll.

1369 2652 1517 2720 Concedit
1539 2657 1703 2722 Monocltis
1733 2657 1763 2720 S.
1788 2659 1925 2722 Antonii
1948 2659 2114 2737 Aatttopt-

1406 2747 1463 2811 bns
1474 2767 1530 2812 sen
1541 2749 1711 2827 Adpasinis
1723 2750 1898 2814 Ecclesiam
1912 2751 1943 2815 S.
1957 2751 2113 2830 Stephani

1405 2844 1664 2921 Protonturtpris
1680 2843 1872 2921 Aethiopum
1894 2846 1929 2906 in
1949 2843 2026 2908 Urba
2041 2861 2113 2908 curn

1405 2935 1561 3008 domibus,
1590 2934 1648 3000 and
1677 2937 1853 2998 directione
1878 2938 1908 3002 S.
1935 2939 2115 3020 Concrepu-

1406 3033 1505 3094 tt'onia
1528 3032 1563 3094 de
1585 3030 1620 3091 P.
1646 3029 1682 3090 F.
1707 3031 1763 3111 (l).

1565 3199 1752 3268 caeneus
1768 3199 1828 3268 ΡΡ.
1848 3200 1905 3269 ΧΙΙ.

1508 3323 1545 3390 ad
1566 3323 1698 3390 futuram
1722 3325 1766 3392 rei
1793 3325 1972 3392 memoriam.

1404 3501 1423 3575 5
1446 3501 1472 3562 l.
1489 3499 1581 3575 Alias,
1599 3507 1761 3580 postquam
1776 3517 1837 3564 rec.
1856 3517 1950 3564 mem.
1969 3502 2113 3566 Clemens

1364 3595 1440 3674 Papa
1461 3595 1513 3658 xl.
1542 3595 1757 3672 praedecessor
1778 3602 1884 3657 noster
1904 3603 1979 3658 tnnc
2000 3596 2033 3657 in
2056 3595 2113 3658 bu·

1363 3689 1463 3750 manis
1485 3687 1619 3751 Silverio
1641 3689 1805 3765 Campana,
1829 3689 1904 3752 dum
1929 3689 2007 3750 vixit
2028 3704 2114 3768 pres·

1363 3781 1472 3859 bytero
1495 3798 1528 3842 ac
1549 3781 1690 3842 basilicae
1718 3779 1871 3860 Principis
1893 3781 2113 3860 Apostolorum

1363 3876 1400 3936 de
1421 3873 1504 3935 Urbe
1516 3881 1667 3952 perpetuo
1689 3873 1869 3936 beneficiato
1885 3873 2027 3936 familiari
2044 3889 2111 3948 sno,

1363 3968 1583 4048 cappellaniam
1603 3967 1801 4029 amoribilem
1825 3968 1970 4030 ecclesiae
1992 3967 2023 4030 S.
2046 3967 2114 4031 Ste-

1363 4063 1455 4142 pbani
1487 4061 1723 4140 protomartyris
1751 4062 1939 4140 Aethiopum
1961 4079 1994 4124 ac
2015 4061 2114 4138 Abys-

1363 4159 1504 4219 sinorum
1525 4155 1696 4234 nuncupati
1717 4157 1755 4219 de
1776 4158 1884 4218 eadem
1906 4157 1984 4219 urbe
2006 4157 2038 4217 in
2054 4153 2112 4217 lla·

1364 4254 1464 4314 ticano
1485 4251 1600 4329 positae
1622 4259 1824 4325 concesserat,
1842 4251 1996 4330 illumque
2017 4250 2112 4328 ipsius

1364 4344 1508 4406 ecclesiae
1536 4344 1750 4423 cappellanum
1779 4345 1979 4406 amovibilem
2001 4343 2114 4405 consti·

1366 4445 1477 4513 tuerat,
1499 4455 1532 4498 ac
1554 4453 1608 4515 per
1634 4439 1780 4499 eumdem
1809 4437 2004 4500 Clementem
2026 4453 2112 4514 prae·

1364 4531 1555 4592 decessorem
1584 4531 1716 4592 subinde
1744 4539 1878 4610 accepto,
1909 4529 1990 4610 quod
2013 4531 2114 4593 dictus

1365 4624 1515 4687 Silverins
1537 4625 1698 4702 presbyter
1719 4622 2005 4687 labricaeecclesiae
2026 4638 2111 4702 prae-

1365 4717 1443 4778 latae
1470 4718 1699 4795 domorumque
1730 4717 1775 4778 illi
1803 4717 2021 4794 contiguarum
2051 4732 2111 4778 ana

1364 4825 1435 4872 curn
1463 4809 1554 4872 borto
1575 4825 1631 4870 sen
1658 4809 1824 4884 viridario,
1854 4827 1932 4888 quae
1953 4811 2018 4888 ipse
2043 4809 2113 4871 Cle-

1365 4919 1453 4965 mens
1475 4905 1689 4982 praedecessor
1716 4905 1840 4982 propria
1862 4906 2001 4984 impensa
2021 4919 2112 4965 reno·

1363 4998 1430 5058 vari
1452 5006 1483 5058 et
1497 4997 1632 5074 reparari
1646 5007 1819 5072 curaverat,
1834 4999 1972 5060 sedulam
1987 5013 2111 5077 operam

1365 5091 1584 5168 praestitisset,
1606 5107 1639 5150 ac
1660 5091 1790 5167 singulis
1818 5092 1907 5153 annis
1933 5099 2111 5154 sanctorum

1364 5183 1511 5262 Stephani
1527 5184 1673 5260 praedicti
1688 5193 1720 5247 et
1735 5185 1859 5247 Silverii
1875 5185 1969 5264 Papae
1985 5193 2016 5246 et
2030 5199 2111 5245 mar·

1365 5277 1439 5355 tyris
1471 5277 1653 5340 testivitates
1681 5277 1864 5340 solemniter
1890 5279 1954 5340 suis
1981 5277 2111 5356 sumpti-

2160 3509 2267 3565 Specles
2282 3507 2343 3554 lacti.
2408 3514 2409 3520 ¹

1364 5371 1420 5432 bus
1442 5371 1635 5446 celebrasset,
1651 5371 1745 5448 idque
1760 5371 1854 5434 etiam
1865 5371 2010 5450 deinceps
2024 5385 2110 5449 prae·
2171 5431 2176 5440 ,

1363 5471 1444 5526 stare
1465 5471 1587 5542 paratus
1612 5463 1709 5538 loret,
1741 5471 1932 5526 memoratus
1965 5465 2110 5538 Clemens

1364 5558 1577 5635 praedecessor
1610 5557 1726 5619 dictum
1756 5555 1925 5620 Silverinm
1954 5557 2110 5637 presbyte-

1364 5665 1434 5712 rum
1457 5650 1489 5709 in
1511 5649 1643 5727 praelata
1670 5650 1855 5728 cappellania
1879 5652 1916 5713 ad
1940 5652 1987 5712 sni
2013 5652 2110 5711 vitam

1364 5743 1612 5818 confirmaverat,
1629 5751 1659 5805 et
1674 5751 1828 5822 quatenus
1842 5760 1919 5825 opus
1934 5750 2014 5806 esset
2029 5758 2111 5805 eam·

603 5949 631 6006 (l)
648 5952 685 5995 Ex
698 5949 754 5995 Bul.
770 5951 801 5996 de
815 5953 888 6008 Prop.
905 5951 967 5996 Fide
984 5952 1033 5997 vol.
1049 5955 1088 6008 ll,
1103 5964 1160 6010 pag.
1176 5957 1211 6010 71,
1225 5955 1283 6000 coll.
1299 5965 1358 5999 cnm
1374 5957 1436 6011 Reg.
1453 5953 1527 5999 Arcb.
1543 5955 1616 5998 Brev.
