4836 6998
979 603 1190 658 innocnnvlds
1211 602 1280 656 xlll.

360 739 391 794 et
411 733 492 810 quod
515 739 576 794 tam
598 732 630 794 in
654 731 709 796 troc
730 749 822 812 quarn
844 731 876 794 in
898 731 1025 811 reliquis
1039 731 1106 794 aliis

358 825 475 888 actibus
498 826 621 903 praelati
652 826 816 889 consiliarii
838 827 970 889 habeant
996 833 1105 888 votum

358 917 570 980 consultlvum
585 935 618 980 ac
633 919 803 982 decisivum
824 920 950 998 aequale
968 935 1039 982 cum
1055 935 1107 997 ge

359 1010 467 1084 nerali,
492 1018 523 1072 et
544 1012 624 1088 quod
647 1011 678 1072 in
703 1013 848 1074 omnibus
872 1021 972 1075 stetur
995 1014 1104 1075 maiori

359 1105 437 1182 parti
452 1105 680 1182 suffragiorum.
694 1105 832 1169 Ulterius
846 1123 920 1168 vero
932 1107 1105 1170 declaretur

357 1200 526 1277 praedictos
548 1199 737 1261 consiliarios
758 1216 821 1264 ncn
836 1217 923 1281 posse
939 1203 970 1264 in
984 1219 1018 1264 se
1032 1202 1104 1280 ipsis

358 1291 508 1370 applicare
539 1294 784 1356 nominationem
812 1295 848 1356 ad
879 1297 956 1358 dicta
987 1297 1102 1372 cilicia,

358 1393 450 1462 prout
471 1401 570 1463 usque
599 1387 799 1465 adpraesens
827 1388 1029 1467 applicarunt,
1052 1405 1103 1450 eos

357 1479 390 1540 in
412 1487 571 1557 posterum
592 1479 813 1542 inbabilitando
827 1482 862 1544 ad
877 1497 912 1543 ea
927 1497 1014 1561 posse
1031 1499 1102 1546 con-

356 1571 461 1652 sequi,
494 1573 657 1636 sanciendo
679 1575 760 1652 quod
792 1575 922 1637 (labeant
944 1593 1010 1639 esse
1031 1594 1102 1640 con-

355 1667 436 1729 tenti
456 1669 522 1730 solo
543 1667 642 1730 offlcio
663 1668 922 1744 consiliariorum,
942 1685 1103 1748 quousque

356 1761 607 1838 fflmfflm

155 1918 160 1928 ,
189 1865 336 1912 sacerdotes
396 1873 438 1918 rv.
461 1857 541 1920 Cum
563 1858 738 1937 principalis
758 1873 867 1936 scopus
883 1857 1043 1935 religionis
1063 1858 1101 1919 sit

119 1925 260 2026 Εξζζῗῖ-’ἇΨ
277 1931 336 1966 voce
354 1947 515 2010 attendere
535 1949 678 2029 operibus
699 1948 926 2012 misericordiae
940 1949 1101 2026 corporali·

354 2041 411 2105 bus
431 2059 539 2105 versus
560 2058 709 2122 pauperes
730 2044 872 2106 infirmos
886 2043 1102 2106 convalescen-

354 2145 412 2212 tes,
434 2145 541 2198 mente
566 2144 679 2217 captos,
702 2137 839 2216 aliosque
863 2153 988 2213 egenos,
1019 2133 1102 2215 quod

353 2231 539 2294 exercitium
559 2233 662 2295 solum
689 2231 836 2312 competit
857 2232 955 2308 laicis,
978 2233 1046 2293 ideo
1068 2231 1099 2293 in

354 2326 628 2388 constitutionibus
649 2325 813 2405 privantur
834 2343 909 2388 voce
923 2325 1041 2404 passive
1056 2343 1100 2386 sa-

353 2420 502 2494 cerdotes,
525 2427 556 2482 et
575 2419 633 2482 hoc
659 2421 775 2482 iterum
802 2420 979 2482 confirmari
1010 2419 1100 2482 debet

353 2527 426 2572 cum
448 2512 589 2576 ulteriori
604 2513 806 2591 explicatione
820 2513 901 2592 quod
917 2521 1100 2576 censeantur

353 2605 447 2666 etiam
468 2606 579 2684 privati
611 2623 686 2668 voce
712 2607 830 2686 passiva
859 2606 904 2668 illi
932 2608 1099 2670 sacerdotes

352 2698 405 2776 qui
428 2701 561 2776 promoti
590 2699 677 2762 luere
704 2707 869 2779 antequam
897 2701 1099 2778 congregatio

351 2791 526 2867 erigeretur
547 2793 579 2854 in
602 2792 796 2870 religionem.

138 2897 268 2960 ueneratus
282 2897 330 2943 stoa
391 2903 420 2945 v.
444 2887 528 2962 orrod
546 2887 735 2950 reformetur
749 2888 907 2968 dispositio
921 2907 999 2968 quae
1014 2907 1100 2952 man·

119 2951 199 3006 Μ
219 2953 330 2998 comum.
352 2979 402 3042 dat
424 2979 550 3042 tratrem
573 2981 721 3042 maiorem
745 2984 922 3059 generalem
943 3001 1014 3047 cnm
1035 2985 1099 3047 suis

352 3073 533 3135 consiliariis
565 3075 676 3138 debere
706 3077 844 3138 babitare
876 3078 909 3139 in
941 3087 1098 3140 conventu

351 3167 448 3228 sancti
470 3168 626 3246 Hyppoliti
648 3169 707 3230 sito
721 3177 807 3231 extra
823 3171 945 3232 moenia
966 3170 1098 3233 civitatis

351 3259 535 3337 blexicanae,
568 3269 669 3324 stante
690 3265 789 3341 quod,
813 3281 884 3326 cum
906 3267 1006 3328 dictus
1027 3282 1098 3328 con·

350 3362 464 3418 ventus
484 3356 657 3433 plurimum
678 3357 769 3418 distet
787 3357 896 3420 adicta
911 3358 1046 3432 civitate,
1065 3359 1096 3420 in

349 3453 445 3529 eique
467 3457 497 3512 et
519 3449 602 3512 illins
624 3450 831 3513 tribunalibus
846 3452 932 3530 quasi
949 3451 1097 3513 continuo

348 3544 478 3607 debeant
491 3543 640 3619 generalis
652 3551 682 3606 et
694 3544 858 3607 consiliarii
873 3544 1017 3623 praedicti
1031 3559 1096 3606 esse

347 3646 523 3717 praesentes
545 3637 584 3700 ob
604 3639 757 3700 tractanda
779 3639 904 3714 negocia
920 3638 1095 3714 religionis,

347 3747 419 3792 cum
440 3747 563 3793 summo
579 3747 689 3794 eorum
704 3729 901 3793 incommodo
915 3739 945 3792 et
961 3732 1095 3810 plerum-

347 3839 406 3902 que
428 3839 500 3886 cum
521 3823 708 3902 praeiudicio
739 3824 910 3900 religionis,
933 3825 1004 3903 quia
1031 3843 1095 3888 non

347 3917 451 3980 valent
466 3918 549 3978 boris
563 3917 674 3979 debitis
689 3917 856 3994 interesse;
880 3917 947 3978 ideo
968 3919 1095 3996 permit-

346 4011 424 4072 titur
446 4011 478 4072 in
500 4017 659 4089 posterum
681 4011 817 4088 generali
842 4010 959 4086 eligere
981 4011 1095 4073 babita-

348 4103 464 4166 tionem
486 4106 519 4168 in
548 4104 598 4166 illa
630 4107 722 4168 domo
753 4104 803 4165 vel
836 4105 978 4174 civitate,
1002 4121 1095 4183 quam

345 4198 442 4274 magis
457 4214 627 4276 congruam
642 4197 834 4277 reputaverit
849 4214 905 4276 pro
919 4198 1095 4276 reparandis

346 4293 588 4367 necessitatibus,
605 4308 682 4370 quae
697 4291 733 4352 de
750 4299 895 4370 tempore
906 4292 939 4354 in
956 4299 1095 4370 tempore

346 4385 558 4447 imminebunt
589 4385 752 4462 religioni,
774 4384 907 4448 durante
928 4385 1026 4448 cilicio
1046 4383 1095 4447 sni

346 4479 553 4558 generalatus.

127 4592 326 4656 caneranscpn-
385 4589 427 4634 vr.
451 4571 537 4648 Quod
559 4579 674 4651 spectet
696 4589 729 4635 ac
743 4571 897 4652 pertineat
910 4572 947 4634 ad
967 4571 1094 4632 iratrem

115 4647 327 4756 ’,ξξξθζῐξξῗξῗῇἶ
346 4667 495 4727 maiorem
524 4667 702 4742 generalem
730 4666 897 4746 approbare
925 4672 956 4727 et
983 4667 1095 4728 condr-

115 4753 327 4856 ssligffgffifgtltllss·
346 4775 430 4821 mare
444 4759 610 4821 electiones
622 4759 858 4840 provincialium
871 4761 925 4839 qui
938 4759 1095 4835 eligentur

267 4845 270 4854 '
346 4854 378 4914 in
400 4869 595 4932 quacumque
626 4854 785 4932 provincial
805 4854 840 4915 ad
862 4870 955 4933 quam
983 4853 1093 4931 religio

345 4952 585 5024 propagaretur3
608 4955 639 5007 et
660 4949 742 5025 quod
764 4948 917 5027 praelatus
939 4947 1093 5025 generalis

345 5047 489 5101 teneatur
504 5041 542 5102 de
557 5041 693 5102 triennio
714 5042 746 5102 in
762 5041 935 5103 triennium
951 5043 1012 5104 und
1026 5041 1093 5103 vice

344 5132 469 5194 visitare
491 5132 751 5211 qualemcumque
766 5135 968 5212 provinciam,
986 5135 1017 5196 in
1034 5151 1092 5212 qua

344 5224 483 5288 lundatio
505 5227 611 5302 neret,
629 5227 814 5288 existentem
829 5227 862 5288 in
877 5243 974 5305 regno
989 5226 1092 5290 Novae

344 5318 1091 5399 Hispaniaeliuatemalae,Nicaraguae,aliasque

343 5412 596 5491 circumvicinas3
612 5421 655 5489 et,
674 5431 821 5492 casuque
836 5415 1032 5477 fundationes
1046 5432 1092 5478 se·

344 5513 518 5583 querentur
545 5508 577 5569 in
601 5523 698 5586 regno
726 5507 864 5569 Peruanu
893 5508 944 5590 vel
965 5508 998 5569 in
1024 5509 1091 5570 aliis

343 5599 481 5678 partibus
496 5601 725 5676 remotioribus
738 5601 819 5678 quod
838 5600 921 5662 idem
937 5601 1090 5677 generalis

344 5693 437 5771 possit
451 5695 614 5756 nominare
628 5695 821 5756 visitatorem
843 5695 1020 5770 delegatum
1034 5711 1090 5774 pro

343 5785 479 5850 iacienda
500 5787 553 5850 tali
574 5787 750 5850 visitatione
770 5789 807 5851 ad
827 5804 862 5850 ea
883 5788 946 5851 loca
968 5795 1032 5850 tam·
1045 5790 1089 5852 di-

388 6005 417 6062 li)
434 6008 531 6052 Forsan
546 6011 694 6052 coarctatio.

1827 585 1885 658 357
1936 592 1990 650 An.
2004 595 2034 649 0.
2055 589 2123 648 trae

1160 729 1282 804 stantia,
1305 729 1341 792 ad
1362 745 1440 808 quae
1454 743 1517 794 nou
1532 726 1569 792 de
1591 727 1671 792 sacili
1686 735 1785 809 potest
1804 747 1905 809 perso-

1161 823 1273 884 naliter
1293 839 1326 884 se
1351 821 1508 898 conterre,
1531 831 1566 886 ut
1585 839 1701 888 munus
1722 823 1905 888 visitationis

1160 915 1334 994 adimpleat.

1199 1025 1254 1070 vn.
1274 1010 1485 1074 Parilormiter
1499 1026 1553 1089 pro
1567 1027 1732 1090 progressu
1746 1013 1906 1090 religionis
1951 1027 1996 1080 our
2013 1031 2037 1090 ac
2051 1037 2066 1072 a
2081 1027 2137 1084 quv-

1159 1101 1305 1166 abolenda
1327 1111 1372 1166 est
1398 1104 1448 1166 illa
1463 1111 1610 1166 coarctata
1624 1103 1670 1184 (l)
1685 1107 1762 1168 circa
1783 1107 1906 1170 electio·
1925 1077 2137 1198 ssssiesfflffldeffi

1160 1213 1234 1258 nem
1262 1198 1463 1275 praesidentis
1491 1198 1634 1276 capituli,
1657 1199 1710 1261 ubi
1731 1201 1906 1277 iniungitur
1924 1187 2007 1243 ΜΗ·

1159 1291 1240 1368 quod
1254 1291 1324 1354 talis
1342 1291 1517 1370 praesidens
1536 1307 1601 1354 esse
1621 1292 1666 1371 (2)
1684 1293 1791 1356 debeat
1813 1293 1906 1356 irater

1160 1385 1256 1445 maior
1267 1384 1298 1448 S.
1312 1384 1481 1463 Hyppoliti,
1498 1386 1573 1448 dum
1588 1401 1627 1446 ex
1641 1385 1698 1448 boc
1714 1401 1823 1462 graves
1833 1387 1906 1449 abu-

1157 1493 1209 1538 sus
1231 1478 1289 1539 orti
1311 1485 1383 1539 sunt
1399 1485 1462 1540 tarn
1482 1478 1560 1541 circa
1576 1479 1695 1542 vocales
1714 1496 1807 1558 quam
1827 1481 1905 1543 circa

1157 1571 1366 1632 redditionem
1387 1572 1516 1634 rationis
1535 1589 1607 1634 suae
1632 1571 1906 1636 administrationis

1157 1663 1194 1725 ab
1215 1663 1267 1725 illo
1288 1664 1469 1739 taciendam,
1502 1665 1606 1728 habito
1627 1674 1768 1745 respectu
1796 1666 1833 1728 ad
1854 1667 1906 1729 do-

1158 1757 1293 1820 minium
1315 1758 1536 1836 praesidentiae
1561 1760 1642 1837 quod
1664 1760 1696 1822 in
1719 1759 1814 1839 ipsius
1836 1777 1905 1840 per-

1157 1866 1264 1912 sonam
1285 1852 1376 1914 debet
1396 1852 1525 1914 omnino
1546 1852 1670 1930 cadere3
1698 1853 1828 1933 ideoque
1850 1871 1905 1934 pro

1157 1953 1330 2024 opportuno
1351 1945 1489 2008 remedio
1510 1947 1648 2009 tradatur
1669 1945 1795 2010 lacultas
1816 1947 1904 2010 lratri

1157 2039 1264 2101 maiori
1286 2040 1423 2116 generali
1438 2043 1639 2121 eiusdemque
1653 2041 1834 2105 consiliariis
1849 2059 1904 2122 pro

1157 2134 1308 2198 electione
1330 2135 1532 2214 praesidentis
1553 2151 1607 2214 per
1628 2153 1679 2198 eos
1694 2135 1829 2198 faciende
1851 2136 1904 2198 tri·

1157 2229 1217 2290 duo
1238 2236 1309 2290 ante
1330 2229 1571 2291 celebrationem
1592 2231 1716 2310 capituli
1737 2231 1903 2308 generalis,

1157 2329 1187 2382 et
1208 2322 1288 2399 quod
1318 2321 1427 2386 electio
1458 2322 1543 2385 cadat
1572 2323 1605 2384 in
1634 2339 1798 2402 personam
1826 2342 1905 2404 quae

1157 2431 1220 2476 non
1241 2423 1383 2478 exerceat
1404 2414 1505 2478 ullum
1533 2414 1682 2491 officium,
1704 2434 1742 2480 ex
1764 2435 1825 2497 quo
1845 2419 1904 2482 irn-

1156 2509 1255 2588 pedita
1270 2517 1428 2571 remaneat
1442 2510 1594 2574 rectitudo
1616 2511 1855 2589 praesidentiam
1871 2530 1905 2574 ac

1156 2601 1287 2664 ulterius
1309 2602 1482 2664 declaretur·
1504 2605 1586 2682 quod
1608 2603 1708 2666 dictus
1729 2605 1904 2683 praesidens

1156 2711 1220 2757 nou
1235 2696 1328 2774 possit
1343 2696 1414 2773 eligi
1431 2697 1463 2758 in
1479 2696 1656 2773 generalem
1672 2697 1704 2760 in
1720 2714 1756 2760 eo
1770 2698 1903 2776 capitulo

1155 2791 1204 2852 cui
1226 2789 1394 2868 praesidet,
1425 2791 1485 2853 nisi
1506 2791 1539 2854 in
1561 2809 1631 2854 casu
1659 2809 1720 2872 quo
1742 2800 1822 2854 esset
1842 2791 1903 2854 ele·

1155 2892 1221 2946 ctus
1243 2899 1314 2945 cum
1337 2884 1435 2962 plenis
1457 2885 1598 2946 omnium
1622 2885 1775 2948 vocalium
1795 2886 1903 2948 sirlira-

1156 2978 1224 3054 giis,
1247 2995 1281 3040 ac
1301 2993 1412 3040 eorum
1434 2980 1562 3040 nemine
1583 2980 1787 3058 discrepante.

1194 3088 1263 3132 vrrr.
1287 3071 1322 3132 ln
1336 3071 1610 3135 constitutionibus
1630 3075 1794 3136 mandatur
1808 3077 1901 3154 quod,
1936 3092 2009 3156 outa.
2025 3092 2045 3140 st
2060 3103 2133 3149 gene-

1154 3165 1188 3226 in
1209 3181 1280 3226 casu
1301 3165 1466 3226 diuturnae
1488 3165 1679 3229 inormitatis
1693 3175 1745 3229 aut
1767 3183 1903 3232 necessa·
1921 3145 2132 3203 ratisguoernaro

1920 3209 1971 3246 non
2005 3202 2056 3246 ossi
2072 3237 2078 3256 ,
2092 3200 2131 3246 vel

1154 3259 1217 3320 riae
1232 3259 1386 3321 absentiae
1401 3259 1504 3322 iratris
1518 3261 1643 3323 maioris
1658 3262 1823 3339 generalis,
1835 3279 1903 3341 pos·
1920 3205 2133 3308 „„l³,1„,}„,.

1153 3353 1193 3415 sit
1207 3352 1264 3415 iste
1279 3353 1448 3430 subrogare
1459 3353 1695 3432 praesidentem,
1708 3356 1761 3434 qni
1772 3356 1903 3421 durante
1920 3313 1966 3353 cei.

1153 3446 1233 3508 dicto
1260 3447 1486 3524 impedimento
1512 3447 1794 3524 congregationem
1815 3459 1902 3529 regat

1153 3549 1185 3602 et
1213 3541 1379 3618 gubernet,
1403 3549 1434 3603 et
1455 3541 1513 3603 iste
1541 3557 1605 3604 esse
1630 3543 1752 3606 debebit
1783 3546 1902 3623 primus

1151 3635 1358 3710 consiliarius,
1381 3643 1423 3708 et,
1447 3635 1479 3697 in
1499 3652 1571 3698 casu
1592 3635 1693 3700 obitus
1714 3645 1767 3700 aut
1785 3640 1903 3718 deposi-

1154 3729 1244 3790 tionis
1271 3727 1421 3790 illiusmet
1453 3729 1554 3792 iratris
1584 3731 1709 3792 maioris
1731 3733 1900 3808 generalis,

1152 3823 1301 3886 idemmet
1322 3823 1441 3901 primus
1460 3822 1654 3886 consiliarius
1672 3826 1835 3888 succedere
1850 3825 1902 3888 de·

1152 3916 1235 3978 bebit
1256 3917 1289 3978 in
1311 3917 1466 3994 gubernio
1487 3915 1571 3978 illius
1598 3933 1654 3996 pro
1676 3925 1741 3981 toto
1762 3935 1800 3981 eo
1822 3928 1902 3982 tem-

1151 4025 1225 4089 pore
1247 4013 1329 4089 quod
1349 4010 1503 4089 supererit
1518 4012 1553 4073 ad
1568 4011 1808 4076 celebrationem
1823 4017 1901 4094 capi-

1152 4104 1209 4166 tuli
1232 4105 1403 4182 generalis3
1419 4112 1459 4180 at,
1477 4105 1548 4184 quia
1564 4106 1595 4167 in
1611 4108 1762 4185 expressis
1783 4111 1901 4174 casibus

1152 4197 1202 4260 illa
1225 4200 1388 4262 necessitas
1409 4200 1502 4278 primi
1523 4201 1689 4264 consiliarii
1714 4219 1777 4265 non
1798 4204 1901 4267 solum

1151 4294 1274 4355 videtur
1289 4309 1389 4368 exosa,
1405 4296 1457 4358 sed
1473 4297 1565 4357 etiam
1580 4297 1738 4361 inductiva
1753 4299 1816 4361 voti
1832 4316 1900 4378 cap·

1153 4387 1259 4449 landae
1282 4387 1401 4462 mortis,
1417 4407 1451 4451 ac
1465 4389 1693 4452 dissensionum
1713 4394 1899 4470 promotrix,

1151 4479 1219 4542 ideo
1239 4479 1438 4543 statuendum
1459 4483 1546 4544 venit
1568 4484 1598 4544 in
1616 4491 1787 4562 posterum,
1804 4485 1898 4564 quod,

1151 4573 1184 4634 in
1205 4591 1275 4636 casu
1296 4576 1483 4636 necessariae
1509 4577 1664 4639 absentiae
1692 4585 1745 4641 aut
1767 4580 1900 4642 infirmi-

1151 4667 1220 4728 tatis
1241 4667 1423 4743 diuturnae,
1447 4670 1600 4745 generalis
1628 4673 1770 4735 nominet
1797 4689 1898 4736 unum

1149 4762 1396 4824 commissarium
1428 4764 1623 4840 generalem,
1646 4766 1700 4844 qui
1720 4765 1816 4845 ipsius
1844 4784 1899 4830 no-

1150 4855 1233 4916 mine
1261 4855 1448 4933 religionem
1475 4857 1646 4936 gubernet3
1670 4861 1702 4922 in
1724 4879 1793 4924 casu
1823 4879 1897 4924 vero

1150 4949 1270 5026 mortis,
1286 4949 1485 5028 depositionis
1500 4959 1553 5013 aut
1567 4954 1809 5017 renunciationis
1824 4957 1897 5019 dicti

1149 5041 1249 5104 iratris
1270 5043 1393 5105 maioris
1415 5046 1580 5122 generalis
1603 5048 1685 5126 quod
1707 5049 1897 5125 gubernium

1149 5135 1309 5212 religionis
1333 5143 1392 5198 stet
1414 5153 1508 5214 penes
1532 5139 1764 5217 delinitorium,
1787 5141 1827 5203 ita
1853 5151 1896 5204 ta·

1149 5245 1233 5304 men,
1246 5229 1327 5306 quod
1343 5230 1461 5308 primus
1476 5233 1669 5296 consiliarius
1680 5233 1787 5296 debeat
1802 5253 1895 5314 quarn

1148 5323 1285 5400 primum
1315 5340 1485 5388 convocare
1516 5326 1635 5389 vocales
1660 5343 1714 5405 pro
1743 5328 1894 5392 electione

1148 5415 1253 5477 vicarii
1274 5416 1438 5493 generalis,
1462 5419 1522 5480 nisi
1543 5427 1664 5499 tempus
1679 5421 1895 5486 celebrationis

1147 5509 1271 5586 capituli
1293 5510 1445 5588 generalis
1465 5513 1505 5574 sit
1526 5513 1614 5577 valde
1635 5516 1825 5592 proximum,
1841 5519 1894 5596 qui

1147 5603 1279 5665 vicarius
1300 5603 1452 5680 generalis
1473 5606 1516 5667 sic
1538 5606 1653 5670 electus
1674 5609 1828 5687 gubernet
1846 5627 1893 5674 re-

1147 5695 1296 5774 ligionem
1324 5713 1419 5778 usque
1442 5699 1477 5761 ad
1499 5708 1623 5780 tempus
1648 5703 1773 5782 capituli
1800 5720 1894 5782 gene·

1147 5789 1226 5852 ralis.

1189 6010 1218 6066 (a)
1234 6009 1300 6055 Edit.
1317 6010 1393 6055 Maia.
1409 6009 1475 6066 legit
1489 6013 1554 6055 esset
1567 6021 1615 6068 pro
1628 6021 1689 6062 esce.
