4848 6990
974 595 1185 642 innocnxrlbs
1206 597 1262 642 xit.

346 713 532 777 violabiliter
551 721 583 775 et
604 714 782 777 inconcusse
804 711 969 787 observari,
985 713 1089 791 sicque

345 817 377 870 et
391 825 454 870 non
469 809 558 870 aliter
572 809 605 870 in
621 809 794 887 praemissis
808 823 863 886 per
878 823 1091 888 quoscumque

346 902 461 964 iudices
482 903 652 963 ordinarios
673 909 704 963 et
725 901 890 978 delegatos,
913 902 1006 963 etiam
1022 918 1091 963 cau·

344 1011 449 1057 sarum
471 995 575 1074 palatii
601 995 755 1073 apostolici
777 995 942 1068 auditores,
965 1001 995 1056 et
1017 994 1091 1056 alios

347 1087 501 1166 quoslibet
521 1103 714 1166 quacumque
736 1088 978 1164 praeeminentia
994 1095 1024 1148 et
1038 1103 1089 1165 po-

346 1188 453 1245 testate
475 1181 641 1258 iungentes
661 1189 692 1242 et
714 1181 887 1254 iuncturos,
909 1181 1026 1244 sublata
1048 1181 1091 1242 eis

346 1282 505 1338 eteorum
528 1274 653 1336 cuilibet
684 1273 792 1352 quavis
822 1274 912 1336 aliter
940 1275 1090 1337 iudicandi

345 1377 378 1430 et
407 1367 631 1446 interpretandi
662 1367 805 1429 facultate
836 1374 866 1429 et
897 1367 1090 1441 auctoritate,

350 1461 476 1523 iudicari
504 1469 535 1522 et
557 1459 681 1521 definiri
709 1460 838 1535 debere,
861 1477 894 1522 ac
916 1461 1040 1522 irritum
1062 1467 1092 1521 et

346 1553 441 1614 inane
462 1553 486 1613 si
501 1569 588 1614 secus
608 1567 702 1630 super
722 1554 770 1614 his
791 1569 807 1613 a
828 1569 995 1630 quoquam,
1017 1569 1090 1630 qua-

346 1647 394 1708 vis
418 1648 618 1721 auctoritate,
641 1647 775 1709 scienter
807 1647 857 1708 vel
891 1647 1089 1723 ignoranter,

346 1740 511 1816 contigerit
532 1740 688 1801 attentari.

386 1833 454 1908 53.
478 1832 547 1894 Non
572 1833 763 1894 obstantibus
790 1832 976 1911 apostolicis,
1004 1834 1090 1896 acin

345 1926 572 1990 universalibus
593 1926 894 2004 provincialibusque
915 1935 945 1988 et
962 1925 1093 2004 synoda-

346 2017 425 2080 libus
450 2017 586 2080 conciliis
607 2018 707 2091 editis,
733 2017 928 2093 generalibus
954 2018 1004 2079 vel
1024 2033 1091 2096 spe-

346 2111 473 2172 cialibus
489 2109 762 2171 constitutionibus
783 2117 813 2170 et
835 2109 1089 2184 ordinationibus,

346 2219 467 2266 necnon
482 2202 653 2280 quibusvis,
669 2202 761 2264 etiarn
778 2202 963 2278 iuramento,
980 2203 1093 2265 confir-

345 2297 482 2359 matione
501 2296 673 2375 apostolici,
690 2296 737 2357 vel
753 2298 859 2374 quavis
874 2297 1020 2359 firmitate
1035 2298 1091 2359 alia

345 2390 506 2464 roboratis,
527 2389 649 2452 statutis
670 2395 699 2450 et
720 2391 1008 2465 consuetudinibus,
1031 2391 1091 2469 pri·

345 2483 468 2560 vilegiis
489 2499 623 2561 quoque,
642 2481 771 2544 indultis
791 2489 822 2544 et
843 2483 953 2544 litteris
974 2491 1092 2560 aposto·

346 2576 413 2638 licis
435 2578 466 2637 in
488 2575 676 2638 contrarium
700 2577 939 2653 praemissorum
965 2592 1093 2654 quomo-

347 2669 460 2732 dolibet
481 2669 642 2742 concessis,
658 2669 848 2730 confirmatis
869 2677 900 2730 et
919 2669 1089 2744 innovatis;

117 1831 260 1892 nerogatlo
271 1842 328 1878 con-

107 1890 260 1932 tractorum.

346 2762 458 2840 quibus
480 2761 625 2823 omnibus
646 2768 676 2822 et
696 2760 840 2836 singulis,
858 2761 982 2822 illorum
1006 2769 1090 2824 teno-

345 2871 395 2916 res
416 2853 627 2932 praesentibus
651 2869 706 2931 pro
735 2853 825 2932 plene
847 2861 878 2915 et
901 2854 1091 2918 sufficienter

346 2947 496 3025 expressis
520 2963 552 3008 ac
580 2948 617 3008 de
639 2946 733 3007 verbo
755 2947 790 3008 ad
812 2947 945 3008 verbum
966 2947 1091 3010 insertis

345 3038 511 3114 habentes,
542 3037 604 3100 illis
634 3038 705 3100 alias
737 3039 769 3100 in
795 3055 851 3101 suo
881 3039 992 3102 robore
1023 3057 1091 3119 per·

346 3134 511 3206 mansuris,
533 3131 569 3192 ad
591 3132 828 3210 praemissorum
857 3133 1013 3208 effectum,
1037 3134 1091 3196 bac

346 3227 414 3287 vice
434 3227 604 3299 dumtaxat,
621 3225 791 3303 specialiter
803 3233 835 3287 et
850 3242 993 3305 expresse
1004 3226 1091 3288 dero·

347 3333 466 3396 gamns;
478 3319 648 3396 ceterisque
659 3318 821 3380 contrariis
831 3319 1087 3400 quibuscumque.

159 3419 232 3465 crass
255 3426 327 3468 tran-
386 3413 405 3486 ἓ
426 3411 455 3472 fr.
477 3411 627 3473 Volumus
648 3419 751 3472 autem
767 3417 801 3473 ut
816 3413 1027 3490 praesentium
1043 3413 1093 3476 lit-

111 3477 282 3530 sumptorum·
347 3513 484 3567 terarum
505 3504 718 3582 transumptis,
740 3519 795 3566 seu
817 3505 976 3584 exemplis,
997 3508 1090 3570 etiam

346 3597 513 3676 impressis,
527 3611 621 3658 manu
635 3597 763 3658 alicuius
774 3597 885 3659 notarii
897 3599 1010 3676 publici
1021 3600 1091 3662 sub·

345 3689 479 3768 scriptis,
502 3697 532 3751 et
552 3688 653 3764 sigillo
675 3705 822 3768 personae
843 3691 876 3750 in
894 3691 1092 3754 ecclesiastica

347 3783 496 3859 dignitate
517 3782 701 3844 constitutae
722 3783 861 3857 munitis,
879 3785 984 3846 eadem
1005 3801 1091 3862 pror·

347 3893 398 3938 sus
419 3877 493 3938 fides
519 3875 634 3952 ubique
659 3874 808 3949 locorum,
835 3877 952 3938 tamin
977 3878 1091 3940 iudicio

347 3983 439 4048 qnam
454 3975 540 4030 extra
556 3966 631 4028 illud
648 3966 807 4042 habeatur,
826 3984 904 4047 quae
924 3969 1091 4032 baberetur

348 4062 419 4140 ipsis
440 4059 663 4139 praesentibus,
689 4060 715 4120 si
741 4059 843 4123 forent
864 4062 1017 4124 exhibitae
1042 4064 1090 4124 vel

347 4161 496 4216 ostensae.

386 4247 497 4310 Datum
526 4245 650 4317 Romae,
679 4245 756 4322 apud
786 4245 816 4307 S.
848 4246 973 4308 llariam
1001 4249 1090 4311 Maio-

346 4353 425 4413 rem,
447 4339 505 4399 sub
517 4337 634 4398 annulo
650 4337 817 4411 Piscatoris,
833 4339 883 4400 die
897 4355 992 4400 xxm.
1009 4349 1092 4404 octo-

346 4431 409 4496 bris
430 4447 596 4506 nncxcvr,
619 4430 814 4508 pontificatus
836 4433 935 4494 nostri
949 4449 1029 4494 anno
1045 4451 1087 4495 vr.

669 4673 763 4738 Xllll.

345 4807 498 4871 moleret
519 4807 555 4870 in
576 4809 808 4870 constitutione
829 4808 1010 4872 innocentii
1032 4807 1085 4872 xl.

386 4903 474 4968 circa
500 4903 721 4982 privilegiati
747 4901 968 4982 indulgentias
997 4902 1089 4966 Ordi-

385 4995 437 5056 nis
454 4994 615 5058 Minorem
632 4995 662 5056 S.
680 4995 846 5057 Franciscf
862 4996 898 5056 dc
916 4992 1089 5058 Observan-

385 5087 435 5150 tid
465 5087 683 5165 comprobandi
715 5088 895 5150 eorumdem
923 5088 991 5150 loce
1017 5088 1088 5151 Viae

387 5181 501 5244 Gracia
522 5197 577 5242 sen
601 5179 744 5244 Calcarii
765 5182 819 5260 (l).

516 5349 767 5419 innocentius
784 5351 844 5418 ΡΡ.
862 5349 921 5417 llll.

483 5472 520 5539 ad
541 5472 670 5540 futuram
698 5473 742 5540 rei
767 5472 946 5540 memoriam.

169 5655 325 5720 ⁶⁰¹¹⁸i¹i⁰¹i⁰
383 5650 452 5726 §b
475 5649 557 5712 nlits
582 5667 598 5711 a
622 5649 718 5712 felicis
748 5648 966 5712 recordationis
995 5647 1086 5710 Inno-

107 5711 327 5824 ffioessffllimii!
343 5743 445 5806 centio
471 5743 548 5823 Papa
570 5743 621 5806 xl.
651 5743 880 5822 praedecessore
911 5747 1028 5816 nostro,
1050 5741 1086 5803 ad

386 5959 416 6016 (l)
431 5961 468 6004 Ex
482 5960 587 6016 Regest.
602 5957 630 6002 in
644 5957 719 6002 nrcb.
735 5959 807 6002 Brer.

1815 577 1870 639 163
1921 575 1974 628 An.
1989 575 2019 630 O.
2041 577 2110 632 tene

1145 729 1249 790 preces
1270 711 1374 774 dilecti
1395 713 1450 774 frlii
1471 713 1623 775 Francisct
1649 713 1720 775 Diaz
1741 729 1757 773 a
1779 710 1810 775 S.
1833 711 1889 773 Bo
1911 725 1950 766 rac
1978 721 2048 768 auara
2077 722 2123 768 nc-

1146 813 1319 868 naventura
1343 815 1415 868 tunc
1437 807 1639 868 commissarii
1661 806 1813 882 generalis
1831 805 1890 870 Cu·
1909 775 2124 878 lis'aevufff'rssssl

1147 899 1210 960 riae
1229 915 1285 976 pro
1306 898 1420 960 familia
1440 899 1667 961 ultramontana
1689 899 1810 962 Ordinis
1831 898 1891 960 fra·
1909 881 2124 982 3ξῇᾙῶξοῖξῇ

1145 999 1233 1054 trum
1254 992 1410 1054 llinorum
1425 991 1456 1054 S.
1474 992 1625 1054 francisci
1640 993 1677 1054 de
1692 991 1891 1055 Obseruantia
1909 987 2125 1098 gitfflienfffflgssg}

1147 1093 1409 1163 nuncupatorum,
1438 1100 1532 1164 super
1563 1086 1798 1146 confirmatione
1819 1101 1891 1164 qua·
1909 1093 1966 1140 ctas.

1146 1177 1287 1240 rumdam
1319 1177 1493 1240 litterarum
1524 1177 1759 1256 apostolicarum
1791 1177 1892 1239 eidem

1145 1269 1250 1333 Ordini
1272 1271 1400 1349 eiusque
1415 1271 1560 1346 ecclesiis,
1577 1269 1890 1345 confraternitatibus,

1146 1364 1303 1438 domibuS,
1337 1363 1427 1439 locis,
1460 1381 1494 1426 ac
1524 1364 1668 1426 omnibus
1700 1369 1730 1426 et
1761 1362 1892 1438 singulis

1145 1457 1310 1535 utriusque
1338 1473 1428 1518 sexus
1457 1457 1594 1535 personis
1623 1456 1815 1518 obedientiae
1835 1471 1891 1517 sen

1145 1550 1305 1612 directioni
1328 1551 1464 1612 ministri
1479 1549 1632 1626 generalis
1646 1548 1769 1612 Ordinis
1784 1548 1890 1609 buius-

1146 1644 1229 1706 modi
1249 1643 1394 1705 subiectis
1414 1644 1493 1706 circa
1521 1643 1767 1721 privilegiorum,
1790 1641 1893 1704 indul·

1146 1737 1322 1812 gentiarum
1350 1745 1381 1798 et
1409 1736 1579 1812 gratiarum
1610 1735 1836 1796 concessionem
1861 1741 1891 1795 et

1145 1830 1455 1891 communicationem
1478 1829 1646 1907 respective
1664 1843 1889 1902 concessarum,

1145 1931 1331 1984 emanarunt
1352 1923 1472 1983 litterae
1493 1923 1526 1982 in
1548 1921 1643 1983 simili
1668 1919 1764 1982 forma
1785 1921 1891 1982 Brevis

1148 2016 1262 2076 tenoris
1283 2015 1336 2094 qui
1358 2017 1509 2094 sequitur,
1533 2013 1691 2075 videlicet:

1321 2163 1527 2226 innocentius
1554 2163 1641 2239 Papo
1664 2164 1717 2226 Xl.

1265 2255 1306 2319 ad
1328 2257 1479 2335 futuroru
1502 2258 1548 2318 rei
1575 2258 1770 2318 memorium.

1186 2391 1253 2466 §l
1278 2391 1398 2470 Exponi
1431 2391 1520 2453 nobis
1548 2407 1649 2468 nuper
1669 2389 1741 2453 fecit
1762 2389 1891 2454 dilectus

1146 2485 1228 2546 tilius
1259 2485 1444 2546 Franciscus'
1465 2485 1573 2545 Diana
1601 2485 1632 2548 S.
1656 2483 1889 2558 bonaventura,

1145 2576 1292 2638 carissimi
1307 2577 1340 2638 in
1353 2577 1474 2640 Christo
1489 2577 1543 2638 filii
1560 2577 1656 2638 nostri
1672 2577 1773 2638 Caroli
1787 2575 1891 2653 Hispa·

1146 2671 1269 2732 niarum
1292 2669 1373 2745 regis
1395 2669 1534 2731 catholici
1549 2670 1745 2731 concionator
1760 2677 1791 2729 et
1806 2669 1892 2730 tbeo·

1146 2763 1245 2840 lngus,
1268 2779 1301 2824 ac
1322 2763 1355 2824 in
1376 2763 1512 2824 Romana
1534 2761 1626 2825 Curii
1647 2777 1702 2839 pro
1721 2761 1890 2823 ultramon-

1147 2857 1217 2918 tana
1237 2855 1362 2930 familia,
1385 2856 1528 2916 ministro
1544 2855 1681 2931 generali
1695 2853 1818 2918 Ordinis
1832 2853 1890 2915 ira·

1147 2957 1232 3011 trum
1252 2949 1408 3010 llinorum
1430 2947 1534 3010 Sancti
1555 2947 1708 3010 francisci
1729 2948 1766 3010 de
1784 2946 1892 3010 Obser-

1146 3043 1186 3104 tia
1207 3049 1459 3120 nuncupatorum
1486 3041 1633 3116 subiecta,
1663 3040 1891 3102 commissarius

1147 3134 1310 3210 generalis,
1333 3135 1413 3211 quod
1435 3133 1608 3212 privilegia,
1625 3133 1751 3210 gratiae,
1767 3149 1891 3194 conces-

1145 3228 1257 3302 siones,
1280 3227 1400 3290 favores
1421 3233 1451 3288 et
1473 3227 1696 3302 indulgentiae,
1719 3225 1813 3288 etiam
1828 3224 1892 3303 ple-

1146 3321 1261 3394 nariae,
1277 3338 1310 3382 ac
1330 3321 1592 3398 poenitentiarum
1614 3319 1828 3392 relaxationes,
1844 3331 1892 3380 ce·

1147 3421 1272 3492 teraque
1293 3413 1411 3476 indulta
1439 3413 1616 3488 Ordinibus,
1644 3411 1891 3488 congregationi-

1937 2407 2036 2466 spectas
2054 2407 2121 2453 facti.

1147 3507 1216 3582 bus,
1238 3506 1551 3580 confraternitatibus,
1573 3505 1725 3579 domibus,
1743 3503 1890 3578 ecclesiis,

1146 3600 1230 3674 locis,
1259 3599 1515 3673 benefactoribus,
1544 3615 1577 3660 ac
1604 3597 1751 3658 omnibus
1776 3603 1808 3657 et
1829 3597 1891 3658 sin-

1147 3693 1227 3770 gulis
1249 3695 1412 3771 utriusque
1427 3708 1518 3752 sexus
1534 3691 1683 3768 personis,
1701 3689 1892 3752 obedientiae

1146 3801 1200 3848 seu
1222 3785 1382 3848 directioni
1411 3785 1555 3862 praedicti
1581 3783 1717 3845 ministri
1739 3781 1892 3860 generalis

1146 3878 1278 3942 fratrum
1300 3879 1456 3942 llinorum
1481 3878 1636 3951 subiectis,
1658 3877 1733 3939 olim
1755 3877 1792 3939 ab
1813 3879 1893 3953 npo-

1146 3971 1250 4035 stolidi
1271 3971 1349 4035 Sede
1370 3987 1509 4034 concessa
1529 3987 1584 4034 seu
1598 3971 1822 4034 communicata
1837 3985 1892 4050 per

1145 4067 1284 4144 plurium
1299 4065 1509 4128 Romanorum
1520 4065 1705 4128 Pontificum
1717 4064 1894 4142 praedeces-

1146 4175 1252 4221 sorum
1274 4166 1450 4221 nostrorum
1468 4157 1715 4231 constitutiones,
1731 4165 1762 4220 et
1777 4157 1891 4235 praeci·

1147 4268 1206 4330 pue
1218 4269 1272 4329 per
1283 4253 1401 4314 litteras
1412 4251 1510 4313 felicis
1521 4250 1891 4312 recordationisfllemen-

1146 4345 1185 4406 tis
1204 4345 1281 4408 Vfll.
1306 4345 1489 4422 incipientes
1504 4343 1601 4406 Ratio
1614 4341 1801 4419 pastoralis,
1817 4349 1889 4417 etc,

1146 4453 1227 4499 anno
1248 4453 1367 4499 nnxcv.
1392 4437 1558 4514 expeditas,
1576 4451 1609 4496 ac
1630 4434 1714 4496 Pauli
1735 4433 1786 4510 V,
1810 4449 1889 4512 quae

1145 4531 1300 4608 incipiunt
1314 4530 1462 4594 iniuncti
1477 4526 1579 4600 nobis,
1593 4535 1665 4602 etc,
1682 4542 1762 4588 anno
1776 4543 1888 4590 nncrx.

1144 4638 1317 4698 concessas,
1347 4630 1378 4685 et
1405 4622 1521 4684 Urbani
1553 4620 1644 4694 vill,
1677 4619 1890 4682 Romanorum

1145 4715 1330 4779 Pontificum
1351 4716 1620 4794 praedecessorum
1638 4713 1751 4792 pariter
1771 4719 1891 4774 nostro·

1145 4826 1228 4884 rum,
1245 4809 1428 4888 incipientes
1443 4809 1481 4870 fn
1495 4807 1730 4885 plenitudinem
1744 4815 1817 4881 etc,
1831 4815 1890 4869 ter·

1145 4903 1188 4964 tio
1209 4903 1277 4964 idus
1298 4902 1371 4964 maii
1392 4917 1533 4964 nocxxv.
1554 4901 1647 4976 datas,
1663 4903 1844 4963 confirmata
1859 4907 1891 4962 et

1142 4995 1200 5057 sub
1210 4995 1363 5072 aliquibus
1376 4993 1653 5056 modificationibus
1666 4995 1810 5056 innovata
1822 4992 1888 5055 fue-

1143 5097 1229 5151 runt.
1252 5087 1341 5150 Unde
1362 5086 1513 5166 praefatae
1533 5087 1697 5165 utriusque
1715 5103 1806 5150 sexus
1821 5102 1889 5165 per-

1143 5197 1238 5243 sonae
1257 5181 1449 5244 obedientiae
1463 5196 1518 5243 seu
1533 5179 1692 5244 devotioni
1706 5180 1779 5242 dicti
1794 5181 1886 5242 mini·

1142 5275 1198 5336 stri
1221 5272 1373 5351 generalis
1399 5274 1564 5350 subiectae,
1588 5273 1699 5352 quibus
1720 5279 1890 5335 memorata

1143 5366 1381 5430 communicatio
1408 5367 1656 5445 privilegiorum,
1679 5365 1888 5443 indulgentia·

1142 5476 1214 5522 rum
1235 5467 1266 5521 et
1287 5461 1533 5536 concessionum,
1556 5467 1619 5521 tam
1640 5459 1724 5521 inter
1743 5475 1776 5520 se
1794 5467 1888 5536 qnam

1143 5567 1214 5616 cum
1242 5553 1308 5616 aliis
1333 5553 1514 5629 Ordinibus,
1544 5551 1835 5629 congregationibus
1856 5558 1888 5612 et

1142 5647 1347 5722 societatibus,
1369 5647 1463 5709 etiam
1483 5647 1563 5721 lesu,
1579 5661 1613 5707 ac
1629 5641 1887 5708 confraternitati-

1143 5739 1199 5801 bus
1221 5755 1360 5802 concessa
1381 5739 1453 5815 fuit,
1474 5739 1560 5802 iuxta
1582 5737 1731 5802 clausulas
1753 5745 1784 5800 et
1802 5753 1889 5817 prae-
