4878 6982
319 533 373 594 An.
388 539 418 596 O.
440 542 509 594 1700
565 537 622 606 194

537 683 623 745 mine
650 681 707 743 sibi
737 697 831 761 super
860 683 918 744 hoc
946 679 1108 743 humiliter
1136 677 1285 758 porrectis

536 778 715 852 inclinatus,
738 777 928 838 erectionem
950 781 981 836 et
1002 775 1217 838 fundationem
1234 773 1285 834 ho·

536 871 651 948 spitalis
682 887 716 932 ac
745 877 856 931 statuta
889 875 920 930 et
947 869 1157 931 ordinationes
1178 867 1284 928 huius-

537 961 620 1022 modi
641 961 832 1038 approbavit,
855 959 977 1038 illisque
1002 967 1167 1037 perpetuae
1189 957 1284 1018 firmi-

538 1053 607 1114 tatis
628 1053 723 1115 robur
743 1053 863 1126 adiecit,
886 1060 917 1114 et
937 1053 1020 1126 aliis,
1037 1057 1129 1129 prout
1147 1050 1284 1112 recolen-

1064 557 1128 606 lUR.
1153 559 1244 604 PONT.
1268 555 1308 604 hu
1330 557 1358 602 P.
1383 553 1412 604 F·
1437 560 1519 606 PARS
1542 557 1562 604 f.

1341 675 1504 755 plerosque
1525 679 1662 756 ipsorum
1690 677 1887 757 hospitalium
1908 676 2089 752 confratres,

1341 771 1458 834 emissis
1480 771 1551 834 licet
1572 772 1609 834 de
1631 787 1719 836 more
1743 772 1888 834 castitatis
1910 779 1941 834 et
1962 788 2092 850 pauper·

1343 866 1410 926 tatis
1432 866 1522 940 votis,
1544 865 1576 927 in
1598 874 1738 943 suscepto
1755 874 1858 928 tamen
1873 881 1928 945 per
1944 882 1995 928 eos
2011 866 2092 928 vitae

1341 958 1711 1036 hospitaliciaeinstituto,
1721 975 1759 1022 ex
1770 975 1806 1020 eo
1816 960 1998 1037 praesertim
2010 959 2090 1037 quod

1341 1051 1397 1129 ipsi
1420 1058 1586 1129 perpetuae
1611 1052 1824 1129 hospitalitatis
1847 1061 1876 1114 et
1898 1051 2092 1114 obedientiae

2124 541 2177 594 An.
2191 544 2224 594 G.
2250 539 2325 590 1700
2423 585 2424 588 ,

536 1147 591 1207 dae
606 1147 773 1208 memoriae
789 1146 867 1209 Sixti
882 1145 1027 1224 PapaeV.
1040 1145 1185 1206 similiter
1199 1159 1284 1221 prae·
1341 1145 1420 1206 votis
1442 1145 1473 1206 in
1496 1144 1599 1223 aliquo
1632 1145 1768 1206 obstricti
1801 1160 1865 1206 non
1898 1145 2011 1220 essent,
2035 1146 2092 1206 mi-

536 1240 703 1302 decessoris
734 1242 831 1302 nostri
861 1239 982 1314 litteris,
1014 1255 1084 1300 cum
1112 1238 1283 1316 praedictus
1340 1237 1425 1298 nime
1449 1254 1666 1316 perseverare;
1690 1239 1772 1301 idem
1800 1239 1946 1302 Clemens
1967 1242 2092 1318 praede·

535 1332 703 1408 Gregorius
726 1334 949 1411 praedecessor,
972 1339 1138 1410 antequam
1153 1331 1219 1392 eius
1235 1330 1283 1391 tit·
1340 1347 1452 1404 cessor,
1468 1333 1503 1392 ad
1518 1332 1774 1409 supplicationem
1790 1334 1973 1396 eorumdem
1988 1333 2092 1395 fratris

537 1433 618 1488 terae
638 1441 732 1504 super
747 1426 919 1504 praemissis
934 1425 1176 1496 conficerentur,
1193 1423 1285 1485 rebus
1341 1425 1464 1485 maioris
1486 1431 1516 1486 et
1538 1425 1742 1501 confratrum,
1771 1427 1851 1504 quod
1873 1425 1911 1487 de
1936 1433 2039 1488 cetero
2062 1435 2092 1488 et

535 1519 681 1580 humanis
702 1519 810 1582 fuisset
831 1525 1004 1597 exemptus,
1024 1517 1081 1579 sub
1102 1516 1230 1596 plumbo
1251 1517 1283 1577 in
1340 1515 1372 1577 in
1394 1525 1584 1594 perpetuum
1613 1534 1721 1581 omnes
1742 1527 1774 1580 et
1793 1517 1909 1595 singuli
1937 1519 2091 1580 dictorum

535 1611 634 1674 forma
654 1613 699 1692 (l)
721 1612 855 1676 Rufioni
878 1612 1028 1690 conpescit
1048 1610 1179 1689 desuper
1194 1625 1284 1686 expe·
1339 1611 1541 1688 hospitalium
1571 1611 1752 1686 confratres,
1789 1619 1862 1674 tunc
1884 1620 1914 1674 et
1937 1629 1992 1690 pro
2014 1620 2093 1674 tem·

535 1705 617 1780 ditis,
641 1706 767 1768 uberius
788 1705 976 1768 continetur.
994 1703 1193 1766 Postmodum
1209 1717 1283 1762 vero
1340 1719 1413 1780 pore
1433 1705 1613 1780 existentes,
1637 1706 1698 1767 duo
1720 1711 1853 1780 tantum,
1876 1705 2021 1768 videlicet
2038 1707 2092 1767 ho-

534 1797 794 1874 piaememoriae
823 1797 966 1859 Clemens
996 1794 1050 1856 ΡΡ.
1075 1793 1166 1869 vlit,
1190 1794 1283 1854 etiarn
1339 1795 1510 1873 spitalitatis
1533 1805 1563 1858 et
1585 1798 1778 1860 obedientiae
1796 1807 1866 1861 vota
1882 1799 2027 1862 emittere
2041 1803 2091 1862 de-

535 1892 748 1968 praedecessor
776 1899 898 1964 noster,
931 1888 991 1950 fide
1018 1887 1186 1964 dignorum
1207 1886 1283 1947 rela-
1340 1888 1461 1963 berent,
1485 1890 1632 1968 per-alias
1652 1907 1721 1952 suas
1743 1891 1873 1966 litteras,
1894 1908 1976 1954 anno
1992 1893 2093 1954 lucar-

535 1983 619 2045 tione
640 1993 773 2060 accepto,
796 1982 945 2061 hospitale
966 1982 1168 2060 praedictum,
1189 1979 1284 2042 bene·
1340 1981 1474 2043 nationis
1501 1981 1672 2044 dominicae
1699 2000 1824 2059 unctu,
1847 1984 1988 2047 kalendis
2010 1993 2091 2046 octo-

534 2075 656 2138 dicente
687 2077 836 2150 Domino,
873 2077 947 2138 adeo
979 2074 1152 2135 excrevisse
1184 2081 1218 2133 ut
1250 2074 1282 2134 in
1340 2074 1414 2148 bris,
1427 2075 1624 2152 pontificatus
1638 2077 1686 2139 sui
1702 2093 1783 2140 anno
1797 2078 1950 2152 xnr.,sub
1964 2078 2091 2156 plumbo

534 2170 762 2247 praedictarum
783 2169 942 2230 indiarum
961 2166 1203 2230 occidentalium
1217 2181 1284 2242 par·
1338 2166 1507 2244 expeditas,
1530 2169 1649 2244 statuit,
1672 2169 1792 2248 aliaque
1812 2170 1870 2232 sub
1891 2171 1983 2232 certis
2000 2172 2091 2234 modo

535 2261 616 2323 tibus
646 2260 702 2322 alia
735 2260 894 2337 hospitalia
922 2267 953 2320 et
979 2257 1091 2320 similia
1124 2264 1224 2318 erecta
1253 2262 1283 2316 et
1340 2266 1370 2320 et
1391 2259 1489 2321 forma
1520 2261 1679 2338 disposuit,
1713 2263 1869 2325 ordinarit
1890 2271 1922 2325 et
1950 2263 2090 2338 indulsit,

533 2355 660 2416 fundata
691 2354 878 2427 extitissent,
901 2368 956 2430 per
987 2353 1133 2428 quasdam
1158 2367 1227 2412 suas
1250 2351 1282 2410 in
1339 2359 1431 2429 prout
1454 2353 1486 2414 in
1509 2353 1554 2414 his
1577 2355 1799 2430 posterioribus
1819 2356 1878 2418 sub
1898 2355 2037 2434 plumbo,
2061 2367 2092 2421 et

533 2449 627 2510 simili
649 2446 746 2508 forma
768 2447 874 2509 Brevis
896 2445 946 2508 die
968 2463 1001 2506 rr.
1026 2444 1131 2523 aprilis
1146 2459 1279 2506 unxcvr.
1339 2445 1500 2522 praedictis
1522 2447 1555 2508 in
1570 2445 1668 2508 formai
1684 2449 1791 2509 Brevis
1807 2449 1902 2526 ipsius
1919 2448 2091 2512 Clementis

534 2549 689 2604 emanatas
721 2541 838 2604 litteras
860 2540 943 2601 inter
963 2539 1020 2602 alia
1042 2537 1196 2600 ordinavit
1227 2551 1282 2598 seu
1339 2538 1578 2614 praedecessoris
1597 2540 1707 2602 litteris
1723 2543 1816 2604 eliam
1832 2542 1957 2603 uberius
1973 2559 2091 2622 respec-

532 2635 693 2709 concessit,
716 2634 797 2712 quod
820 2633 923 2695 omnia
940 2640 971 2694 et
985 2633 1109 2708 singula
1123 2631 1282 2710 hospitalia

534 2727 722 2800 huiusmodi,
746 2732 809 2787 tam
831 2734 931 2787 erecta
953 2740 1047 2804 quam
1069 2724 1101 2786 in
1124 2732 1282 2803 posterum

533 2822 691 2897 erigenda,
710 2835 884 2898 eorumque
905 2818 1074 2880 confratres
1088 2825 1120 2879 at
1134 2835 1190 2896 pro
1206 2825 1284 2878 tem-

532 2929 606 2992 pore
627 2913 794 2976 existentes
821 2913 852 2974 in
875 2909 991 2973 eisdem
1017 2911 1110 2975 lndiis
1138 2911 1283 2975 Occiden-

475 3035 478 3038 ·
533 3005 655 3080 talibus,
679 3005 823 3068 omnibns
845 3013 876 3068 et
895 3005 1028 3082 siugulis
1050 3005 1168 3082 gratiis,
1187 3003 1282 3082 privi-

533 3098 633 3174 legiis,
656 3099 888 3176 praerogativis,
912 3098 1118 3172 facultatibus,
1141 3095 1280 3171 indultis,

533 3191 747 3266 indulgentiis,
772 3199 833 3253 tarn
854 3190 1068 3269 spiritualibus
1089 3207 1182 3269 quam
1205 3197 1282 3251 tem·

532 3284 700 3361 porafibus,
724 3292 754 3346 et
776 3283 941 3358 favoribus,
958 3301 974 3344 a
990 3283 1099 3346 similis
1113 3283 1282 3344 memoriae

533 3375 586 3437 Pio
598 3375 648 3451 v,
665 3393 698 3438 ac
713 3377 876 3454 praedictis
888 3376 1037 3454 Gregorio
1052 3383 1083 3440 et
1095 3377 1181 3440 Sixto
1197 3391 1281 3454 prae-

532 3469 751 3544 decessoribus,
773 3487 897 3533 necnon
918 3487 934 3530 a
956 3470 1116 3548 quibusvis
1138 3469 1203 3531 aliis
1224 3469 1282 3532 llo-

532 3563 633 3624 manis
654 3563 867 3638 Pontificibus,
889 3564 985 3626 etiam
1001 3563 1282 3642 praedecessoribus

532 3657 658 3732 nostris,
682 3656 883 3734 hospitalibus
905 3656 1027 3718 loannis
1049 3657 1102 3718 Dei
1124 3657 1174 3738 (eo
1189 3657 1282 3720 nimi-

532 3765 606 3812 rum
627 3749 659 3810 iu
683 3749 867 3813 Sanctorum
889 3765 1059 3813 numerum
1079 3750 1220 3812 nondum
1236 3765 1281 3812 re·

532 3841 606 3917 lato,
629 3857 686 3904 nec
707 3841 821 3905 Ordine
851 3843 985 3906 fratrum
1010 3843 1150 3905 eiusdem
1176 3841 1280 3904 Sancti

533 3936 653 3997 loannis
675 3936 729 3997 Dei
757 3937 856 3998 adhuc
877 3937 1036 4014 instituto)
1065 3943 1140 3998 tunc
1161 3951 1282 3998 nuncu·

532 4029 610 4106 patis
631 4043 804 4105 regnorum
819 4029 1035 4107 Hispaniarum
1050 4028 1281 4107 quomodolibet

532 4122 694 4198 concessis,
726 4123 785 4198 uti,
817 4121 879 4184 frui
907 4131 938 4182 et
967 4122 1101 4198 gaudere
1132 4121 1229 4183 libere
1251 4129 1280 4182 et

531 4213 615 4276 licite
647 4221 771 4294 possent
792 4222 823 4276 et
849 4214 991 4276 valerent
1022 4215 1056 4276 in
1084 4215 1229 4276 omnibus
1250 4223 1280 4276 et

531 4322 586 4386 per
607 4307 722 4382 omnia,
749 4307 879 4386 perinde
899 4323 932 4368 ac
952 4308 979 4368 si
1001 4307 1071 4386 ipsis
1093 4306 1279 4369 nominatim

532 4405 562 4460 et
583 4415 681 4477 aeque
700 4399 909 4478 principaliter
923 4415 1064 4464 concessa
1079 4399 1220 4462 fuissent.
1237 4401 1281 4461 hc

531 4491 642 4555 deinde
673 4493 730 4572 ipsi
762 4493 918 4557 Clementi
950 4493 1191 4573 praedecessori,
1226 4509 1279 4572 pro

531 4594 617 4664 parte
644 4593 718 4648 tunc
745 4587 948 4648 existentium
978 4585 1146 4664 superioris
1176 4585 1279 4649 fratris

531 4679 655 4754 maioris
676 4680 849 4757 nuncupati
870 4679 943 4742 dinti
975 4681 1132 4758 hospitalis
1154 4679 1184 4742 S.
1209 4680 1280 4758 Hip·

530 4772 628 4850 polyti
649 4779 681 4834 et
702 4771 894 4834 confratrum
926 4779 989 4834 tam
1009 4773 1149 4836 eiusdem
1175 4773 1279 4837 Sancti

530 4863 687 4944 hippolyti
718 4880 810 4944 quam
842 4865 975 4927 aliorum
1005 4881 1059 4928 sex
1080 4867 1279 4944 hospitalium

529 4957 566 5020 ab
585 4973 623 5019 eo
644 4959 899 5036 dependentium,
925 4959 1074 5037 exposito,
1097 4960 1178 5037 quod
1201 4959 1278 5022 dicta

528 5051 691 5130 hospitalia
711 5051 770 5112 sub
790 5052 1017 5130 praedictorum
1039 5059 1227 5114 statutorum
1248 5061 1279 5114 et

529 5143 763 5206 ordinationum
783 5144 997 5206 observatione
1021 5145 1119 5222 spatio
1140 5144 1277 5222 plurium

528 5253 683 5298 annorum
699 5253 844 5316 prospere
860 5243 891 5298 et
909 5237 1040 5300 feliciter
1053 5237 1277 5314 administrata,

528 5345 562 5390 ac
583 5336 646 5391 tam
662 5331 873 5409 spiritualibus
888 5347 981 5409 quam
997 5331 1215 5410 temporalibus
1231 5332 1277 5392 in-

529 5423 696 5486 crementis
716 5432 815 5500 aucta,
838 5431 869 5486 et
889 5426 922 5486 in
945 5441 1040 5488 uuam
1056 5425 1276 5502 congregatio-

528 5531 602 5578 nem
624 5517 654 5580 S.
679 5516 837 5596 llippolyti
851 5525 1062 5597 nuncupatam
1076 5516 1196 5580 redacta
1211 5517 1276 5579 lue·

528 5619 616 5686 rant;
638 5609 691 5672 sed
711 5627 852 5674 successu
877 5613 1025 5690 temporis
1046 5611 1203 5674 familiaris
1224 5627 1277 5674 ex·

528 5704 679 5781 perientia
714 5720 849 5784 ususque
884 5705 1081 5785 quotidianus
1112 5705 1273 5780 docuerat,

569 5913 599 5976 (1)
614 5913 713 5962 Forsan
727 5915 800 5962 deest
814 5919 1009 5973 incipientibus.

1339 2629 1404 2692 tive
1424 2633 1614 2694 continetur.

1379 2725 1447 2799 52.
1472 2724 1703 2802 Cumtautem,
1735 2727 1815 2790 sicut
1848 2728 1976 2792 dilectus
2008 2731 2091 2792 filius
2150 2739 2243 2786 sacam
2262 2741 2335 2786 oon-

2129 2795 2227 2850 regatio
2242 2795 2272 2838 in
2292 2804 2336 2838 re-

1340 2816 1467 2878 loannes
1496 2817 1533 2878 de
1563 2819 1693 2882 Gabrera
1723 2830 1904 2898 procurator
1936 2823 2090 2898 generalis
2110 2803 2335 2902 ffi310„,„,„,g„

1338 2908 1508 2985 praedictae
1530 2910 1789 2988 Congregationis
1811 2913 1841 2976 S.
1863 2914 2018 2993 hippolyti
2035 2931 2091 2977 no·
2110 2905 2158 2946 rur.

1338 2999 1383 3060 bis
1405 3016 1505 3078 nuper
1527 3004 1640 3081 exponi
1663 3004 1744 3079 fecit,
1768 3005 1935 3068 confratres
1957 3009 2090 3086 hospita-

1338 3089 1417 3152 lium
1439 3101 1470 3156 et
1493 3096 1749 3172 congregationis
1770 3097 1958 3174 huiusmodi,
1975 3115 2089 3178 exque

1338 3182 1436 3246 dictus
1459 3187 1602 3250 Clemens
1624 3190 1837 3268 praedecessor
1852 3205 1904 3252 eos
1919 3199 2088 3253 memorata

1337 3273 1399 3339 duo
1431 3287 1554 3343 tuntum
1588 3282 1802 3360 hospitalitatis
1834 3291 1864 3346 et
1896 3285 2088 3348 obedientiae

1338 3380 1407 3435 vota
1429 3374 1575 3436 emittere
1601 3375 1727 3451 debere,
1757 3377 1836 3458 siout
1865 3378 2087 3456 praemittitur,

1337 3465 1457 3542 statuit,
1480 3465 1536 3528 alia
1558 3465 1619 3529 duo
1637 3469 1791 3546 praedicta
1806 3470 1953 3554 castitatis
1967 3478 2000 3532 et
2015 3487 2089 3549 pau-

1337 3559 1466 3637 pertatis
1496 3567 1568 3621 vota
1599 3561 1744 3624 emittere
1776 3563 1959 3638 omiserint,
1991 3580 2087 3644 seque

1337 3652 1492 3714 dictorum
1524 3654 1684 3716 dumtaxat
1716 3655 1932 3735 hospitalitatis
1963 3665 1995 3718 et
2016 3657 2088 3719 obe-

1337 3744 1473 3807 dientiae
1504 3753 1651 3808 votorum
1682 3749 1801 3810 ratione
1823 3749 1859 3811 ad
1888 3763 2088 3828 perseveran-

1337 3838 1412 3900 dum
1427 3837 1460 3901 in
1475 3839 1675 3917 hospitalibus
1690 3848 1722 3902 et
1737 3841 1987 3918 congregatione
2001 3858 2087 3919 prae·

1336 3932 1425 3994 dictis
1446 3933 1577 3995 minime
1593 3933 1694 3996 teneri
1710 3933 1907 4012 existiment,
1925 3935 1998 3999 inde
2012 3951 2088 3998 vero

1337 4026 1419 4087 varia
1440 4025 1692 4090 inconvenientia
1719 4027 1879 4090 dimanare
1900 4027 2087 4106 dignoscun-

1338 4127 1404 4196 tur3
1428 4125 1596 4198 praeterea,
1613 4119 1684 4198 quia
1707 4119 1791 4182 iuxta
1810 4122 1993 4200 posteriores
2007 4122 2087 4184 eius-

1336 4211 1408 4273 dem
1426 4212 1595 4275 (llemeutis
1615 4213 1854 4290 praedecessoris
1869 4214 1985 4276 litteras
2002 4231 2086 4294 prae

1336 4305 1428 4368 dictas
1449 4304 1486 4366 ad
1507 4305 1693 4368 electionem
1714 4305 1816 4369 fratris
1843 4308 1965 4369 maioris
1988 4309 2086 4372 dictae

1337 4399 1593 4475 Congregationis
1614 4398 1830 4462 celebrandam
1852 4401 1965 4478 viginti
1979 4417 2019 4464 ex
2032 4418 2087 4464 an-

1337 4489 1520 4568 tiquioribus
1542 4491 1681 4554 eiusdem
1698 4492 1953 4570 Congregationis
1967 4493 2087 4556 confra-

1336 4582 1445 4658 tribus,
1468 4584 1657 4646 consideratd
1679 4593 1710 4646 et
1740 4587 1917 4664 computata
1948 4587 2085 4666 ipsorum

1335 4677 1518 4755 antiquitate
1539 4693 1555 4737 a
1578 4685 1718 4758 tempore
1744 4678 1929 4742 emissorum
1957 4695 2013 4758 per
2034 4695 2085 4742 eos

1334 4769 1489 4834 dictorum
1511 4771 1644 4832 duorum
1663 4779 1809 4834 votorum
1824 4771 2039 4852 hospitalitatis
2053 4781 2085 4835 et

1335 4863 1538 4938 obedieutiae,
1561 4865 1723 4926 convocari
1744 4865 1869 4940 debent,
1885 4873 1916 4928 et
1937 4881 2084 4928 nonnun-

1334 4971 1425 5034 quam
1448 4957 1531 5018 inter
1551 4955 1631 5035 ipsos
1652 4958 1842 5037 antiquiores
1857 4959 1899 5020 sic
1914 4975 2084 5022 convocan-

1334 5048 1387 5110 dos
1414 5049 1509 5126 aliqui
1540 5049 1678 5112 modicae
1708 5050 1838 5128 peritiae
1869 5049 2082 5130 reperiuntur,

1334 5143 1407 5204 hinc
1433 5142 1556 5204 eveniat
1577 5149 1612 5204 ut
1632 5142 1741 5222 aliquis
1773 5142 1876 5205 minus
1909 5144 2026 5222 peritus
2047 5145 2082 5206 ad

1334 5235 1470 5298 officium
1491 5235 1594 5298 fratris
1617 5236 1740 5298 maioris
1755 5235 1931 5300 huiusmodi
1945 5237 2085 5316 aliquan·

1333 5327 1371 5390 do
1392 5328 1540 5405 eligatur:
1565 5345 1598 5392 ao
1625 5329 1753 5408 proinde
1779 5331 1845 5408 ipse
1865 5332 1992 5393 loannes
2013 5345 2083 5408 pro·

1333 5430 1456 5486 curator
1477 5422 1629 5500 generalis
1658 5424 1770 5486 dictam
1797 5423 2082 5500 congregationem

1333 5515 1365 5578 in
1387 5515 1555 5595 perfectam
1576 5523 1608 5578 et
1629 5515 1791 5579 formalem
1818 5517 2005 5594 religionem
2024 5516 2082 5578 sub

1333 5610 1439 5688 reguli
1462 5611 1566 5674 Sancti
1587 5609 1765 5688 Augustini,
1782 5611 1860 5673 itaut
1875 5611 1958 5674 illius
1973 5610 2082 5672 fratres

1332 5704 1535 5780 obedientiae,
1564 5703 1709 5767 castitatis
1730 5711 1760 5766 et
1787 5705 1988 5784 paupertatis,
2011 5719 2082 5766 uec·
