<?xml version="1.0" encoding="UTF-8"?>
<!DOCTYPE html PUBLIC "-//W3C//DTD XHTML 1.0 Transitional//EN"
    "http://www.w3.org/TR/xhtml1/DTD/xhtml1-transitional.dtd">
<html xmlns="http://www.w3.org/1999/xhtml" xml:lang="en" lang="en">
 <head>
  <title>
</title>
<meta http-equiv="Content-Type" content="text/html;charset=utf-8" />
  <meta name='ocr-system' content='tesseract 3.04.00' />
  <meta name='ocr-capabilities' content='ocr_page ocr_carea ocr_par ocr_line ocrx_word'/>
</head>
<body>
  <div class='ocr_page' id='page_1' title='image "./iurispontificii04martgoog_0072.png"; bbox 0 0 4866 6980; ppageno 0'>
   <div class='ocr_carea' id='block_1_1' title="bbox 324 547 605 620">
    <p class='ocr_par' dir='ltr' id='par_1_1' title="bbox 324 547 605 620">
     <span class='ocr_line' id='line_1_1' title="bbox 324 547 605 620; baseline 0 -18"><span class='ocrx_word' id='word_1_1' title='bbox 324 547 514 602; x_wconf 78' lang='lat' dir='ltr'>An.c.1oss</span> <span class='ocrx_word' id='word_1_2' title='bbox 566 557 605 620; x_wconf 89' lang='lat'>70</span> 
     </span>
    </p>
   </div>
   <div class='ocr_carea' id='block_1_2' title="bbox 321 4592 534 4691">
    <p class='ocr_par' dir='ltr' id='par_1_2' title="bbox 321 4592 534 4691">
     <span class='ocr_line' id='line_1_2' title="bbox 339 4592 533 4647; baseline 0.005 -11"><span class='ocrx_word' id='word_1_3' title='bbox 339 4592 533 4647; x_wconf 74' lang='lat' dir='ltr'>praerogativae</span> 
     </span>
     <span class='ocr_line' id='line_1_3' title="bbox 321 4644 534 4691; baseline 0 -1"><span class='ocrx_word' id='word_1_4' title='bbox 321 4644 450 4691; x_wconf 86' lang='lat' dir='ltr'>alterius</span> <span class='ocrx_word' id='word_1_5' title='bbox 474 4645 534 4690; x_wconf 93' lang='lat' dir='ltr'>uui-</span> 
     </span>
    </p>
   </div>
   <div class='ocr_carea' id='block_1_3' title="bbox 319 4698 1298 4798">
    <p class='ocr_par' dir='ltr' id='par_1_3' title="bbox 319 4698 1298 4798">
     <span class='ocr_line' id='line_1_4' title="bbox 319 4698 1298 4798; baseline 0.004 -44"><span class='ocrx_word' id='word_1_6' title='bbox 319 4698 532 4798; x_wconf 53' lang='lat' dir='ltr'>pgfflitffidpedi</span> <span class='ocrx_word' id='word_1_7' title='bbox 551 4698 769 4774; x_wconf 85' lang='lat' dir='ltr'>subiungebat,</span> <span class='ocrx_word' id='word_1_8' title='bbox 792 4715 858 4774; x_wconf 90' lang='lat' dir='ltr'>uos,</span> <span class='ocrx_word' id='word_1_9' title='bbox 880 4716 936 4777; x_wconf 92' lang='lat' dir='ltr'>per</span> <span class='ocrx_word' id='word_1_10' title='bbox 956 4699 1103 4778; x_wconf 88' lang='lat' dir='ltr'>quasdam</span> <span class='ocrx_word' id='word_1_11' title='bbox 1125 4706 1245 4760; x_wconf 90' lang='lat' dir='ltr'>nostras</span> <span class='ocrx_word' id='word_1_12' title='bbox 1266 4698 1298 4758; x_wconf 95' lang='lat' dir='ltr'>in</span> 
     </span>
    </p>
   </div>
   <div class='ocr_carea' id='block_1_4' title="bbox 537 697 1299 4682">
    <p class='ocr_par' dir='ltr' id='par_1_4' title="bbox 537 697 1299 4588">
     <span class='ocr_line' id='line_1_5' title="bbox 543 697 1291 775; baseline 0.001 -19"><span class='ocrx_word' id='word_1_13' title='bbox 543 709 704 758; x_wconf 88' lang='lat' dir='ltr'>sacrorum</span> <span class='ocrx_word' id='word_1_14' title='bbox 730 711 885 760; x_wconf 87' lang='lat' dir='ltr'>canonum</span> <span class='ocrx_word' id='word_1_15' title='bbox 906 704 937 759; x_wconf 87' lang='lat' dir='ltr'>et</span> <span class='ocrx_word' id='word_1_16' title='bbox 958 697 1080 774; x_wconf 90' lang='lat' dir='ltr'>legum,</span> <span class='ocrx_word' id='word_1_17' title='bbox 1102 697 1214 775; x_wconf 89' lang='lat' dir='ltr'>quibus</span> <span class='ocrx_word' id='word_1_18' title='bbox 1235 712 1291 775; x_wconf 91' lang='lat' dir='ltr'>pro</span> 
     </span>
     <span class='ocr_line' id='line_1_6' title="bbox 546 787 1291 868; baseline 0.003 -20"><span class='ocrx_word' id='word_1_19' title='bbox 546 787 690 852; x_wconf 90' lang='lat' dir='ltr'>instituto</span> <span class='ocrx_word' id='word_1_20' title='bbox 723 798 769 852; x_wconf 88' lang='lat' dir='ltr'>est</span> <span class='ocrx_word' id='word_1_21' title='bbox 798 791 886 868; x_wconf 90' lang='lat' dir='ltr'>sequi</span> <span class='ocrx_word' id='word_1_22' title='bbox 919 798 950 852; x_wconf 92' lang='lat' dir='ltr'>et</span> <span class='ocrx_word' id='word_1_23' title='bbox 979 790 1090 853; x_wconf 81' lang='lat' dir='ltr'>docere</span> <span class='ocrx_word' id='word_1_24' title='bbox 1121 789 1291 853; x_wconf 88' lang='lat' dir='ltr'>doctrinam</span> 
     </span>
     <span class='ocr_line' id='line_1_7' title="bbox 546 881 1291 962; baseline 0 -18"><span class='ocrx_word' id='word_1_25' title='bbox 546 881 578 944; x_wconf 90' lang='lat' dir='ltr'>S.</span> <span class='ocrx_word' id='word_1_26' title='bbox 603 882 750 957; x_wconf 80' lang='lat' dir='ltr'>Thomas,</span> <span class='ocrx_word' id='word_1_27' title='bbox 772 891 865 962; x_wconf 92' lang='lat' dir='ltr'>prout</span> <span class='ocrx_word' id='word_1_28' title='bbox 893 883 1008 948; x_wconf 80' lang='lat' dir='ltr'>ibidem</span> <span class='ocrx_word' id='word_1_29' title='bbox 1030 885 1065 946; x_wconf 90' lang='lat' dir='ltr'>lit</span> <span class='ocrx_word' id='word_1_30' title='bbox 1085 900 1158 948; x_wconf 89' lang='lat' dir='ltr'>curu</span> <span class='ocrx_word' id='word_1_31' title='bbox 1180 882 1291 960; x_wconf 75' lang='lat' dir='ltr'>magna</span> 
     </span>
     <span class='ocr_line' id='line_1_8' title="bbox 546 975 1290 1057; baseline -0.001 -19"><span class='ocrx_word' id='word_1_32' title='bbox 546 975 681 1038; x_wconf 88' lang='lat' dir='ltr'>utilitate</span> <span class='ocrx_word' id='word_1_33' title='bbox 701 975 906 1053; x_wconf 78' lang='lat' dir='ltr'>studentium,</span> <span class='ocrx_word' id='word_1_34' title='bbox 923 978 988 1056; x_wconf 93' lang='lat' dir='ltr'>qui,</span> <span class='ocrx_word' id='word_1_35' title='bbox 1005 987 1072 1057; x_wconf 91' lang='lat' dir='ltr'>post</span> <span class='ocrx_word' id='word_1_36' title='bbox 1092 984 1212 1057; x_wconf 91' lang='lat' dir='ltr'>peracta</span> <span class='ocrx_word' id='word_1_37' title='bbox 1227 984 1290 1038; x_wconf 93' lang='lat' dir='ltr'>stu·</span> 
     </span>
     <span class='ocr_line' id='line_1_9' title="bbox 546 1066 1292 1146; baseline 0.003 -18"><span class='ocrx_word' id='word_1_38' title='bbox 546 1066 605 1141; x_wconf 94' lang='lat' dir='ltr'>dia,</span> <span class='ocrx_word' id='word_1_39' title='bbox 621 1074 839 1146; x_wconf 86' lang='lat' dir='ltr'>susceptasque</span> <span class='ocrx_word' id='word_1_40' title='bbox 854 1069 885 1131; x_wconf 92' lang='lat' dir='ltr'>in</span> <span class='ocrx_word' id='word_1_41' title='bbox 904 1069 982 1132; x_wconf 86' lang='lat' dir='ltr'>dictd</span> <span class='ocrx_word' id='word_1_42' title='bbox 1004 1070 1207 1132; x_wconf 82' lang='lat' dir='ltr'>universitate</span> <span class='ocrx_word' id='word_1_43' title='bbox 1229 1069 1292 1131; x_wconf 89' lang='lat' dir='ltr'>lau-</span> 
     </span>
     <span class='ocr_line' id='line_1_10' title="bbox 546 1160 1291 1234; baseline 0.003 -14"><span class='ocrx_word' id='word_1_44' title='bbox 546 1176 623 1234; x_wconf 91' lang='lat' dir='ltr'>reas,</span> <span class='ocrx_word' id='word_1_45' title='bbox 645 1160 680 1222; x_wconf 89' lang='lat' dir='ltr'>ad</span> <span class='ocrx_word' id='word_1_46' title='bbox 707 1161 871 1224; x_wconf 91' lang='lat' dir='ltr'>servitium</span> <span class='ocrx_word' id='word_1_47' title='bbox 898 1161 1094 1226; x_wconf 91' lang='lat' dir='ltr'>ecclesiarum</span> <span class='ocrx_word' id='word_1_48' title='bbox 1123 1163 1212 1226; x_wconf 91' lang='lat' dir='ltr'>acad</span> <span class='ocrx_word' id='word_1_49' title='bbox 1234 1162 1291 1224; x_wconf 91' lang='lat' dir='ltr'>mi-</span> 
     </span>
     <span class='ocr_line' id='line_1_11' title="bbox 546 1253 1293 1333; baseline 0.003 -19"><span class='ocrx_word' id='word_1_50' title='bbox 546 1253 675 1314; x_wconf 87' lang='lat' dir='ltr'>nisteria</span> <span class='ocrx_word' id='word_1_51' title='bbox 710 1255 915 1332; x_wconf 80' lang='lat' dir='ltr'>parochorum</span> <span class='ocrx_word' id='word_1_52' title='bbox 949 1263 980 1317; x_wconf 92' lang='lat' dir='ltr'>et</span> <span class='ocrx_word' id='word_1_53' title='bbox 1014 1255 1293 1333; x_wconf 84' lang='lat' dir='ltr'>praebendularum</span> 
     </span>
     <span class='ocr_line' id='line_1_12' title="bbox 546 1346 1293 1428; baseline 0.005 -23"><span class='ocrx_word' id='word_1_54' title='bbox 546 1346 771 1428; x_wconf 90' lang='lat' dir='ltr'>admittuntur)</span> <span class='ocrx_word' id='word_1_55' title='bbox 797 1349 1015 1423; x_wconf 91' lang='lat' dir='ltr'>nibilominus,</span> <span class='ocrx_word' id='word_1_56' title='bbox 1044 1347 1221 1411; x_wconf 87' lang='lat' dir='ltr'>huiusmodi</span> <span class='ocrx_word' id='word_1_57' title='bbox 1244 1365 1293 1426; x_wconf 92' lang='lat' dir='ltr'>pa·</span> 
     </span>
     <span class='ocr_line' id='line_1_13' title="bbox 545 1439 1293 1518; baseline 0.003 -18"><span class='ocrx_word' id='word_1_58' title='bbox 545 1439 629 1501; x_wconf 81' lang='lat' dir='ltr'>cisrcb</span> <span class='ocrx_word' id='word_1_59' title='bbox 644 1442 834 1518; x_wconf 70' lang='lat' dir='ltr'>possessione</span> <span class='ocrx_word' id='word_1_60' title='bbox 855 1443 967 1518; x_wconf 86' lang='lat' dir='ltr'>gradus</span> <span class='ocrx_word' id='word_1_61' title='bbox 992 1443 1144 1504; x_wconf 74' lang='lat' dir='ltr'>incidam</span> <span class='ocrx_word' id='word_1_62' title='bbox 1168 1441 1293 1503; x_wconf 91' lang='lat' dir='ltr'>univer-</span> 
     </span>
     <span class='ocr_line' id='line_1_14' title="bbox 546 1532 1293 1612; baseline 0.001 -20"><span class='ocrx_word' id='word_1_63' title='bbox 546 1532 635 1594; x_wconf 90' lang='lat' dir='ltr'>sitate</span> <span class='ocrx_word' id='word_1_64' title='bbox 648 1534 834 1612; x_wconf 90' lang='lat' dir='ltr'>suscipiendi</span> <span class='ocrx_word' id='word_1_65' title='bbox 857 1551 920 1596; x_wconf 90' lang='lat' dir='ltr'>non</span> <span class='ocrx_word' id='word_1_66' title='bbox 944 1536 1097 1608; x_wconf 91' lang='lat' dir='ltr'>obstante,</span> <span class='ocrx_word' id='word_1_67' title='bbox 1123 1534 1293 1597; x_wconf 84' lang='lat' dir='ltr'>nonnullae</span> 
     </span>
     <span class='ocr_line' id='line_1_15' title="bbox 546 1628 1294 1707; baseline 0.005 -22"><span class='ocrx_word' id='word_1_68' title='bbox 546 1641 696 1703; x_wconf 90' lang='lat' dir='ltr'>personae</span> <span class='ocrx_word' id='word_1_69' title='bbox 710 1645 725 1688; x_wconf 94' lang='lat' dir='ltr'>a</span> <span class='ocrx_word' id='word_1_70' title='bbox 740 1628 860 1690; x_wconf 89' lang='lat' dir='ltr'>modico</span> <span class='ocrx_word' id='word_1_71' title='bbox 883 1635 1023 1707; x_wconf 90' lang='lat' dir='ltr'>tempore</span> <span class='ocrx_word' id='word_1_72' title='bbox 1037 1643 1198 1692; x_wconf 91' lang='lat' dir='ltr'>rumorem</span> <span class='ocrx_word' id='word_1_73' title='bbox 1212 1643 1294 1705; x_wconf 90' lang='lat' dir='ltr'>spar-</span> 
     </span>
     <span class='ocr_line' id='line_1_16' title="bbox 546 1719 1293 1800; baseline 0.007 -22"><span class='ocrx_word' id='word_1_74' title='bbox 546 1727 667 1794; x_wconf 93' lang='lat' dir='ltr'>serunt,</span> <span class='ocrx_word' id='word_1_75' title='bbox 680 1726 711 1780; x_wconf 90' lang='lat' dir='ltr'>et</span> <span class='ocrx_word' id='word_1_76' title='bbox 726 1719 793 1782; x_wconf 92' lang='lat' dir='ltr'>aliis</span> <span class='ocrx_word' id='word_1_77' title='bbox 808 1723 991 1800; x_wconf 90' lang='lat' dir='ltr'>persuadere</span> <span class='ocrx_word' id='word_1_78' title='bbox 1002 1722 1103 1783; x_wconf 91' lang='lat' dir='ltr'>conati</span> <span class='ocrx_word' id='word_1_79' title='bbox 1115 1729 1199 1795; x_wconf 93' lang='lat' dir='ltr'>suut,</span> <span class='ocrx_word' id='word_1_80' title='bbox 1212 1721 1293 1799; x_wconf 91' lang='lat' dir='ltr'>quod</span> 
     </span>
     <span class='ocr_line' id='line_1_17' title="bbox 547 1811 1292 1892; baseline 0.007 -23"><span class='ocrx_word' id='word_1_81' title='bbox 547 1811 680 1887; x_wconf 87' lang='lat' dir='ltr'>gradus,</span> <span class='ocrx_word' id='word_1_82' title='bbox 714 1811 745 1873; x_wconf 94' lang='lat' dir='ltr'>iu</span> <span class='ocrx_word' id='word_1_83' title='bbox 770 1813 901 1891; x_wconf 80' lang='lat' dir='ltr'>praelata</span> <span class='ocrx_word' id='word_1_84' title='bbox 935 1814 1137 1876; x_wconf 88' lang='lat' dir='ltr'>universitate</span> <span class='ocrx_word' id='word_1_85' title='bbox 1165 1813 1292 1892; x_wconf 86' lang='lat' dir='ltr'>recepti,</span> 
     </span>
     <span class='ocr_line' id='line_1_18' title="bbox 547 1904 1295 1970; baseline 0.004 -6"><span class='ocrx_word' id='word_1_86' title='bbox 547 1919 611 1964; x_wconf 90' lang='lat' dir='ltr'>non</span> <span class='ocrx_word' id='word_1_87' title='bbox 632 1904 695 1967; x_wconf 91' lang='lat' dir='ltr'>siut</span> <span class='ocrx_word' id='word_1_88' title='bbox 724 1905 914 1968; x_wconf 84' lang='lat' dir='ltr'>sufficientes</span> <span class='ocrx_word' id='word_1_89' title='bbox 934 1915 966 1968; x_wconf 87' lang='lat' dir='ltr'>et</span> <span class='ocrx_word' id='word_1_90' title='bbox 997 1907 1090 1970; x_wconf 91' lang='lat' dir='ltr'>validi</span> <span class='ocrx_word' id='word_1_91' title='bbox 1118 1908 1155 1968; x_wconf 96' lang='lat' dir='ltr'>ad</span> <span class='ocrx_word' id='word_1_92' title='bbox 1182 1911 1239 1968; x_wconf 88' lang='lat' dir='ltr'>boc</span> <span class='ocrx_word' id='word_1_93' title='bbox 1260 1912 1295 1968; x_wconf 94' lang='lat' dir='ltr'>ut</span> 
     </span>
     <span class='ocr_line' id='line_1_19' title="bbox 547 1993 1296 2078; baseline 0.007 -24"><span class='ocrx_word' id='word_1_94' title='bbox 547 1993 687 2070; x_wconf 88' lang='lat' dir='ltr'>graduali</span> <span class='ocrx_word' id='word_1_95' title='bbox 707 1998 825 2075; x_wconf 87' lang='lat' dir='ltr'>possint</span> <span class='ocrx_word' id='word_1_96' title='bbox 842 1999 961 2062; x_wconf 81' lang='lat' dir='ltr'>admitti</span> <span class='ocrx_word' id='word_1_97' title='bbox 984 1999 1020 2060; x_wconf 92' lang='lat' dir='ltr'>ad</span> <span class='ocrx_word' id='word_1_98' title='bbox 1041 2000 1250 2078; x_wconf 87' lang='lat' dir='ltr'>oppositiones</span> <span class='ocrx_word' id='word_1_99' title='bbox 1265 2005 1296 2060; x_wconf 90' lang='lat' dir='ltr'>et</span> 
     </span>
     <span class='ocr_line' id='line_1_20' title="bbox 546 2091 1295 2170; baseline 0.007 -22"><span class='ocrx_word' id='word_1_100' title='bbox 546 2103 713 2150; x_wconf 84' lang='lat' dir='ltr'>concursus</span> <span class='ocrx_word' id='word_1_101' title='bbox 725 2091 970 2170; x_wconf 91' lang='lat' dir='ltr'>praebendarum</span> <span class='ocrx_word' id='word_1_102' title='bbox 983 2093 1217 2170; x_wconf 83' lang='lat' dir='ltr'>magistralium,</span> <span class='ocrx_word' id='word_1_103' title='bbox 1227 2095 1295 2154; x_wconf 90' lang='lat' dir='ltr'>doc·</span> 
     </span>
     <span class='ocr_line' id='line_1_21' title="bbox 548 2181 1297 2262; baseline 0.008 -22"><span class='ocrx_word' id='word_1_104' title='bbox 548 2181 711 2257; x_wconf 88' lang='lat' dir='ltr'>toralium,</span> <span class='ocrx_word' id='word_1_105' title='bbox 744 2185 1052 2262; x_wconf 78' lang='lat' dir='ltr'>poenitentiariorum</span> <span class='ocrx_word' id='word_1_106' title='bbox 1080 2195 1111 2249; x_wconf 90' lang='lat' dir='ltr'>et</span> <span class='ocrx_word' id='word_1_107' title='bbox 1141 2185 1297 2262; x_wconf 87' lang='lat' dir='ltr'>theologa-</span> 
     </span>
     <span class='ocr_line' id='line_1_22' title="bbox 537 2273 1296 2360; baseline 0.007 -27"><span class='ocrx_word' id='word_1_108' title='bbox 537 2273 636 2360; x_wconf 80' lang='lat' dir='ltr'>¹lium,</span> <span class='ocrx_word' id='word_1_109' title='bbox 659 2291 692 2338; x_wconf 88' lang='lat' dir='ltr'>ac</span> <span class='ocrx_word' id='word_1_110' title='bbox 709 2276 873 2352; x_wconf 89' lang='lat' dir='ltr'>dignitates</span> <span class='ocrx_word' id='word_1_111' title='bbox 894 2287 925 2340; x_wconf 87' lang='lat' dir='ltr'>et</span> <span class='ocrx_word' id='word_1_112' title='bbox 947 2281 1055 2354; x_wconf 88' lang='lat' dir='ltr'>ollicia,</span> <span class='ocrx_word' id='word_1_113' title='bbox 1069 2297 1147 2358; x_wconf 89' lang='lat' dir='ltr'>quae</span> <span class='ocrx_word' id='word_1_114' title='bbox 1168 2283 1206 2342; x_wconf 90' lang='lat' dir='ltr'>de</span> <span class='ocrx_word' id='word_1_115' title='bbox 1226 2280 1296 2340; x_wconf 89' lang='lat' dir='ltr'>iure</span> 
     </span>
     <span class='ocr_line' id='line_1_23' title="bbox 548 2368 1295 2443; baseline 0.007 -16"><span class='ocrx_word' id='word_1_116' title='bbox 548 2368 714 2443; x_wconf 90' lang='lat' dir='ltr'>requirunt</span> <span class='ocrx_word' id='word_1_117' title='bbox 730 2381 764 2432; x_wconf 96' lang='lat' dir='ltr'>ut</span> <span class='ocrx_word' id='word_1_118' title='bbox 779 2369 845 2432; x_wconf 90' lang='lat' dir='ltr'>ilias</span> <span class='ocrx_word' id='word_1_119' title='bbox 866 2379 898 2432; x_wconf 87' lang='lat' dir='ltr'>et</span> <span class='ocrx_word' id='word_1_120' title='bbox 919 2372 969 2434; x_wconf 92' lang='lat' dir='ltr'>illa</span> <span class='ocrx_word' id='word_1_121' title='bbox 991 2373 1168 2436; x_wconf 81' lang='lat' dir='ltr'>obtinentes</span> <span class='ocrx_word' id='word_1_122' title='bbox 1190 2373 1295 2435; x_wconf 90' lang='lat' dir='ltr'>buius·</span> 
     </span>
     <span class='ocr_line' id='line_1_24' title="bbox 548 2457 1296 2541; baseline 0.008 -24"><span class='ocrx_word' id='word_1_123' title='bbox 548 2457 631 2517; x_wconf 90' lang='lat' dir='ltr'>modi</span> <span class='ocrx_word' id='word_1_124' title='bbox 643 2459 787 2534; x_wconf 89' lang='lat' dir='ltr'>gradibus</span> <span class='ocrx_word' id='word_1_125' title='bbox 803 2461 943 2538; x_wconf 81' lang='lat' dir='ltr'>insigniti</span> <span class='ocrx_word' id='word_1_126' title='bbox 957 2464 1031 2538; x_wconf 78' lang='lat' dir='ltr'>sint3</span> <span class='ocrx_word' id='word_1_127' title='bbox 1045 2464 1127 2526; x_wconf 93' lang='lat' dir='ltr'>unde</span> <span class='ocrx_word' id='word_1_128' title='bbox 1138 2465 1195 2526; x_wconf 90' lang='lat' dir='ltr'>boc</span> <span class='ocrx_word' id='word_1_129' title='bbox 1211 2479 1296 2541; x_wconf 92' lang='lat' dir='ltr'>prae·</span> 
     </span>
     <span class='ocr_line' id='line_1_25' title="bbox 548 2551 1297 2633; baseline 0.009 -23"><span class='ocrx_word' id='word_1_130' title='bbox 548 2557 636 2612; x_wconf 88' lang='lat' dir='ltr'>textu</span> <span class='ocrx_word' id='word_1_131' title='bbox 659 2551 817 2614; x_wconf 89' lang='lat' dir='ltr'>tbomistas</span> <span class='ocrx_word' id='word_1_132' title='bbox 832 2571 847 2614; x_wconf 94' lang='lat' dir='ltr'>a</span> <span class='ocrx_word' id='word_1_133' title='bbox 862 2556 1004 2632; x_wconf 87' lang='lat' dir='ltr'>praelatis</span> <span class='ocrx_word' id='word_1_134' title='bbox 1026 2557 1132 2619; x_wconf 83' lang='lat' dir='ltr'>ciliciis</span> <span class='ocrx_word' id='word_1_135' title='bbox 1150 2566 1180 2619; x_wconf 92' lang='lat' dir='ltr'>et</span> <span class='ocrx_word' id='word_1_136' title='bbox 1195 2557 1297 2633; x_wconf 81' lang='lat' dir='ltr'>digni-</span> 
     </span>
     <span class='ocr_line' id='line_1_26' title="bbox 548 2644 1296 2728; baseline 0.011 -26"><span class='ocrx_word' id='word_1_137' title='bbox 548 2644 661 2705; x_wconf 81' lang='lat' dir='ltr'>tatibus</span> <span class='ocrx_word' id='word_1_138' title='bbox 676 2645 804 2708; x_wconf 91' lang='lat' dir='ltr'>omnino</span> <span class='ocrx_word' id='word_1_139' title='bbox 820 2647 1004 2725; x_wconf 90' lang='lat' dir='ltr'>excludunt,</span> <span class='ocrx_word' id='word_1_140' title='bbox 1019 2657 1062 2724; x_wconf 87' lang='lat' dir='ltr'>et,</span> <span class='ocrx_word' id='word_1_141' title='bbox 1078 2657 1231 2728; x_wconf 92' lang='lat' dir='ltr'>quatenus</span> <span class='ocrx_word' id='word_1_142' title='bbox 1244 2666 1296 2710; x_wconf 93' lang='lat' dir='ltr'>eos</span> 
     </span>
     <span class='ocr_line' id='line_1_27' title="bbox 548 2739 1297 2822; baseline 0.007 -23"><span class='ocrx_word' id='word_1_143' title='bbox 548 2739 728 2815; x_wconf 89' lang='lat' dir='ltr'>admittant,</span> <span class='ocrx_word' id='word_1_144' title='bbox 762 2741 870 2804; x_wconf 90' lang='lat' dir='ltr'>dicunt</span> <span class='ocrx_word' id='word_1_145' title='bbox 891 2742 1090 2820; x_wconf 78' lang='lat' dir='ltr'>capitulares,</span> <span class='ocrx_word' id='word_1_146' title='bbox 1112 2761 1144 2806; x_wconf 89' lang='lat' dir='ltr'>se</span> <span class='ocrx_word' id='word_1_147' title='bbox 1170 2752 1297 2822; x_wconf 92' lang='lat' dir='ltr'>propter</span> 
     </span>
     <span class='ocr_line' id='line_1_28' title="bbox 549 2832 1295 2914; baseline 0.011 -22"><span class='ocrx_word' id='word_1_148' title='bbox 549 2833 660 2908; x_wconf 90' lang='lat' dir='ltr'>gradus</span> <span class='ocrx_word' id='word_1_149' title='bbox 691 2832 847 2896; x_wconf 89' lang='lat' dir='ltr'>delectum</span> <span class='ocrx_word' id='word_1_150' title='bbox 870 2852 932 2898; x_wconf 90' lang='lat' dir='ltr'>non</span> <span class='ocrx_word' id='word_1_151' title='bbox 961 2853 1048 2914; x_wconf 90' lang='lat' dir='ltr'>posse</span> <span class='ocrx_word' id='word_1_152' title='bbox 1069 2837 1113 2898; x_wconf 90' lang='lat' dir='ltr'>eis</span> <span class='ocrx_word' id='word_1_153' title='bbox 1136 2839 1239 2900; x_wconf 90' lang='lat' dir='ltr'>locum</span> <span class='ocrx_word' id='word_1_154' title='bbox 1263 2838 1295 2900; x_wconf 91' lang='lat' dir='ltr'>in</span> 
     </span>
     <span class='ocr_line' id='line_1_29' title="bbox 549 2925 1298 3009; baseline 0.007 -23"><span class='ocrx_word' id='word_1_155' title='bbox 549 2925 816 2990; x_wconf 88' lang='lat' dir='ltr'>nominationibus</span> <span class='ocrx_word' id='word_1_156' title='bbox 831 2930 917 2992; x_wconf 89' lang='lat' dir='ltr'>dare:</span> <span class='ocrx_word' id='word_1_157' title='bbox 941 2931 1021 3009; x_wconf 92' lang='lat' dir='ltr'>quod</span> <span class='ocrx_word' id='word_1_158' title='bbox 1038 2930 1164 3009; x_wconf 88' lang='lat' dir='ltr'>quidem</span> <span class='ocrx_word' id='word_1_159' title='bbox 1180 2933 1212 2992; x_wconf 91' lang='lat' dir='ltr'>in</span> <span class='ocrx_word' id='word_1_160' title='bbox 1230 2947 1298 3008; x_wconf 88' lang='lat' dir='ltr'>gra-</span> 
     </span>
     <span class='ocr_line' id='line_1_30' title="bbox 549 3017 1298 3100; baseline 0.011 -24"><span class='ocrx_word' id='word_1_161' title='bbox 549 3017 711 3079; x_wconf 91' lang='lat' dir='ltr'>vissimum</span> <span class='ocrx_word' id='word_1_162' title='bbox 734 3021 887 3083; x_wconf 87' lang='lat' dir='ltr'>redundat</span> <span class='ocrx_word' id='word_1_163' title='bbox 909 3024 1132 3100; x_wconf 92' lang='lat' dir='ltr'>praeiudicium</span> <span class='ocrx_word' id='word_1_164' title='bbox 1155 3021 1298 3100; x_wconf 85' lang='lat' dir='ltr'>collegia-</span> 
     </span>
     <span class='ocr_line' id='line_1_31' title="bbox 549 3109 1295 3189; baseline 0.008 -19"><span class='ocrx_word' id='word_1_165' title='bbox 549 3109 627 3171; x_wconf 89' lang='lat' dir='ltr'>liuru</span> <span class='ocrx_word' id='word_1_166' title='bbox 657 3112 905 3189; x_wconf 89' lang='lat' dir='ltr'>supradictorum</span> <span class='ocrx_word' id='word_1_167' title='bbox 932 3117 1023 3177; x_wconf 90' lang='lat' dir='ltr'>acin</span> <span class='ocrx_word' id='word_1_168' title='bbox 1053 3117 1295 3178; x_wconf 88' lang='lat' dir='ltr'>diminutionem</span> 
     </span>
     <span class='ocr_line' id='line_1_32' title="bbox 549 3202 1297 3272; baseline 0.009 -10"><span class='ocrx_word' id='word_1_169' title='bbox 549 3202 783 3266; x_wconf 80' lang='lat' dir='ltr'>existimationis</span> <span class='ocrx_word' id='word_1_170' title='bbox 797 3207 954 3270; x_wconf 91' lang='lat' dir='ltr'>doctrinae</span> <span class='ocrx_word' id='word_1_171' title='bbox 970 3209 1046 3271; x_wconf 91' lang='lat' dir='ltr'>tanti</span> <span class='ocrx_word' id='word_1_172' title='bbox 1061 3209 1203 3272; x_wconf 88' lang='lat' dir='ltr'>doctoris.</span> <span class='ocrx_word' id='word_1_173' title='bbox 1217 3209 1297 3270; x_wconf 84' lang='lat' dir='ltr'>Cum</span> 
     </span>
     <span class='ocr_line' id='line_1_33' title="bbox 549 3297 1296 3379; baseline 0.011 -23"><span class='ocrx_word' id='word_1_174' title='bbox 549 3297 634 3358; x_wconf 92' lang='lat' dir='ltr'>cuim</span> <span class='ocrx_word' id='word_1_175' title='bbox 657 3313 720 3359; x_wconf 86' lang='lat' dir='ltr'>nnn</span> <span class='ocrx_word' id='word_1_176' title='bbox 735 3315 774 3360; x_wconf 92' lang='lat' dir='ltr'>ex</span> <span class='ocrx_word' id='word_1_177' title='bbox 788 3299 846 3360; x_wconf 85' lang='lat' dir='ltr'>alta</span> <span class='ocrx_word' id='word_1_178' title='bbox 861 3301 949 3364; x_wconf 76' lang='lat' dir='ltr'>causi</span> <span class='ocrx_word' id='word_1_179' title='bbox 970 3302 1187 3376; x_wconf 87' lang='lat' dir='ltr'>excludantur,</span> <span class='ocrx_word' id='word_1_180' title='bbox 1203 3317 1296 3379; x_wconf 92' lang='lat' dir='ltr'>quam</span> 
     </span>
     <span class='ocr_line' id='line_1_34' title="bbox 548 3391 1298 3468; baseline 0.005 -16"><span class='ocrx_word' id='word_1_181' title='bbox 548 3405 588 3452; x_wconf 89' lang='lat' dir='ltr'>ex</span> <span class='ocrx_word' id='word_1_182' title='bbox 609 3406 645 3452; x_wconf 89' lang='lat' dir='ltr'>ee</span> <span class='ocrx_word' id='word_1_183' title='bbox 666 3391 746 3468; x_wconf 89' lang='lat' dir='ltr'>quod</span> <span class='ocrx_word' id='word_1_184' title='bbox 769 3393 926 3456; x_wconf 91' lang='lat' dir='ltr'>doctrinae</span> <span class='ocrx_word' id='word_1_185' title='bbox 946 3394 1085 3456; x_wconf 88' lang='lat' dir='ltr'>eiusdem</span> <span class='ocrx_word' id='word_1_186' title='bbox 1107 3395 1138 3460; x_wconf 89' lang='lat' dir='ltr'>S.</span> <span class='ocrx_word' id='word_1_187' title='bbox 1161 3396 1298 3457; x_wconf 86' lang='lat' dir='ltr'>Tltomae</span> 
     </span>
     <span class='ocr_line' id='line_1_35' title="bbox 548 3487 1297 3566; baseline -0.003 -16"><span class='ocrx_word' id='word_1_188' title='bbox 548 3505 692 3566; x_wconf 81' lang='lat' dir='ltr'>sequaces</span> <span class='ocrx_word' id='word_1_189' title='bbox 713 3495 744 3550; x_wconf 92' lang='lat' dir='ltr'>et</span> <span class='ocrx_word' id='word_1_190' title='bbox 759 3488 792 3550; x_wconf 92' lang='grc' dir='ltr'>ιιι</span> <span class='ocrx_word' id='word_1_191' title='bbox 808 3488 934 3566; x_wconf 90' lang='lat' dir='ltr'>praelati</span> <span class='ocrx_word' id='word_1_192' title='bbox 949 3487 1072 3551; x_wconf 82' lang='lat' dir='ltr'>Ordinis</span> <span class='ocrx_word' id='word_1_193' title='bbox 1092 3489 1297 3550; x_wconf 86' lang='lat' dir='ltr'>universitate</span> 
     </span>
     <span class='ocr_line' id='line_1_36' title="bbox 550 3581 1297 3660; baseline 0.001 -18"><span class='ocrx_word' id='word_1_194' title='bbox 550 3583 687 3658; x_wconf 85' lang='lat' dir='ltr'>graduati</span> <span class='ocrx_word' id='word_1_195' title='bbox 710 3581 784 3656; x_wconf 91' lang='lat' dir='ltr'>siut,</span> <span class='ocrx_word' id='word_1_196' title='bbox 808 3597 902 3644; x_wconf 89' lang='lat' dir='ltr'>nemo</span> <span class='ocrx_word' id='word_1_197' title='bbox 916 3581 1049 3660; x_wconf 91' lang='lat' dir='ltr'>amplius</span> <span class='ocrx_word' id='word_1_198' title='bbox 1070 3581 1141 3656; x_wconf 81' lang='lat' dir='ltr'>erit,</span> <span class='ocrx_word' id='word_1_199' title='bbox 1159 3582 1213 3660; x_wconf 92' lang='lat' dir='ltr'>qui</span> <span class='ocrx_word' id='word_1_200' title='bbox 1228 3582 1297 3643; x_wconf 88' lang='lat' dir='ltr'>doc-</span> 
     </span>
     <span class='ocr_line' id='line_1_37' title="bbox 551 3673 1296 3751; baseline -0.001 -16"><span class='ocrx_word' id='word_1_201' title='bbox 551 3674 649 3736; x_wconf 87' lang='lat' dir='ltr'>trinae</span> <span class='ocrx_word' id='word_1_202' title='bbox 671 3673 701 3736; x_wconf 89' lang='lat' dir='ltr'>S.</span> <span class='ocrx_word' id='word_1_203' title='bbox 726 3675 861 3735; x_wconf 83' lang='lat' dir='ltr'>Tlromae</span> <span class='ocrx_word' id='word_1_204' title='bbox 881 3674 991 3736; x_wconf 92' lang='lat' dir='ltr'>studiis</span> <span class='ocrx_word' id='word_1_205' title='bbox 1012 3690 1137 3751; x_wconf 89' lang='lat' dir='ltr'>operam</span> <span class='ocrx_word' id='word_1_206' title='bbox 1159 3675 1230 3735; x_wconf 92' lang='lat' dir='ltr'>dare</span> <span class='ocrx_word' id='word_1_207' title='bbox 1246 3690 1296 3735; x_wconf 88' lang='lat' dir='ltr'>vc-</span> 
     </span>
     <span class='ocr_line' id='line_1_38' title="bbox 550 3767 1296 3845; baseline 0 -16"><span class='ocrx_word' id='word_1_208' title='bbox 550 3769 597 3842; x_wconf 90' lang='lat' dir='ltr'>lit,</span> <span class='ocrx_word' id='word_1_209' title='bbox 619 3777 651 3829; x_wconf 91' lang='lat' dir='ltr'>ot</span> <span class='ocrx_word' id='word_1_210' title='bbox 678 3768 757 3829; x_wconf 91' lang='lat' dir='ltr'>intra</span> <span class='ocrx_word' id='word_1_211' title='bbox 790 3768 946 3830; x_wconf 90' lang='lat' dir='ltr'>modicum</span> <span class='ocrx_word' id='word_1_212' title='bbox 976 3775 1097 3845; x_wconf 91' lang='lat' dir='ltr'>tempus</span> <span class='ocrx_word' id='word_1_213' title='bbox 1128 3767 1296 3843; x_wconf 81' lang='lat' dir='ltr'>collegium</span> 
     </span>
     <span class='ocr_line' id='line_1_39' title="bbox 549 3859 1297 3938; baseline -0.003 -16"><span class='ocrx_word' id='word_1_214' title='bbox 549 3861 772 3938; x_wconf 90' lang='lat' dir='ltr'>supradictum,</span> <span class='ocrx_word' id='word_1_215' title='bbox 794 3861 875 3938; x_wconf 77' lang='lat' dir='ltr'>qum</span> <span class='ocrx_word' id='word_1_216' title='bbox 897 3859 989 3921; x_wconf 91' lang='lat' dir='ltr'>bodie</span> <span class='ocrx_word' id='word_1_217' title='bbox 1010 3860 1185 3922; x_wconf 88' lang='lat' dir='ltr'>litterarum</span> <span class='ocrx_word' id='word_1_218' title='bbox 1206 3860 1297 3920; x_wconf 88' lang='lat' dir='ltr'>semi·</span> 
     </span>
     <span class='ocr_line' id='line_1_40' title="bbox 550 3953 1298 4031; baseline 0 -16"><span class='ocrx_word' id='word_1_219' title='bbox 550 3953 675 4016; x_wconf 77' lang='lat' dir='ltr'>natium</span> <span class='ocrx_word' id='word_1_220' title='bbox 689 3961 747 4026; x_wconf 91' lang='lat' dir='ltr'>est,</span> <span class='ocrx_word' id='word_1_221' title='bbox 763 3954 958 4016; x_wconf 88' lang='lat' dir='ltr'>destructum</span> <span class='ocrx_word' id='word_1_222' title='bbox 980 3953 1163 4028; x_wconf 88' lang='lat' dir='ltr'>remanebit,</span> <span class='ocrx_word' id='word_1_223' title='bbox 1186 3953 1298 4031; x_wconf 92' lang='lat' dir='ltr'>peribit</span> 
     </span>
     <span class='ocr_line' id='line_1_41' title="bbox 551 4045 1297 4122; baseline -0.007 -12"><span class='ocrx_word' id='word_1_224' title='bbox 551 4047 748 4122; x_wconf 89' lang='lat' dir='ltr'>universitas,</span> <span class='ocrx_word' id='word_1_225' title='bbox 771 4055 801 4108; x_wconf 89' lang='lat' dir='ltr'>et</span> <span class='ocrx_word' id='word_1_226' title='bbox 821 4046 961 4108; x_wconf 89' lang='lat' dir='ltr'>doctrina</span> <span class='ocrx_word' id='word_1_227' title='bbox 983 4046 1013 4110; x_wconf 91' lang='lat' dir='ltr'>S.</span> <span class='ocrx_word' id='word_1_228' title='bbox 1038 4047 1174 4108; x_wconf 82' lang='lat' dir='ltr'>&#39;litomae</span> <span class='ocrx_word' id='word_1_229' title='bbox 1188 4045 1221 4108; x_wconf 94' lang='lat' dir='ltr'>in</span> <span class='ocrx_word' id='word_1_230' title='bbox 1238 4045 1297 4106; x_wconf 92' lang='lat' dir='ltr'>illis</span> 
     </span>
     <span class='ocr_line' id='line_1_42' title="bbox 550 4139 1296 4219; baseline -0.003 -19"><span class='ocrx_word' id='word_1_231' title='bbox 550 4141 689 4219; x_wconf 91' lang='lat' dir='ltr'>partibus</span> <span class='ocrx_word' id='word_1_232' title='bbox 710 4139 932 4216; x_wconf 79' lang='lat' dir='ltr'>extinguetur,</span> <span class='ocrx_word' id='word_1_233' title='bbox 958 4155 1037 4218; x_wconf 90' lang='lat' dir='ltr'>quae</span> <span class='ocrx_word' id='word_1_234' title='bbox 1059 4147 1162 4200; x_wconf 86' lang='lat' dir='ltr'>tamen</span> <span class='ocrx_word' id='word_1_235' title='bbox 1184 4139 1259 4200; x_wconf 90' lang='lat' dir='ltr'>olim</span> <span class='ocrx_word' id='word_1_236' title='bbox 1281 4155 1296 4198; x_wconf 91' lang='lat' dir='ltr'>a</span> 
     </span>
     <span class='ocr_line' id='line_1_43' title="bbox 551 4231 1297 4310; baseline -0.004 -15"><span class='ocrx_word' id='word_1_237' title='bbox 551 4233 656 4295; x_wconf 91' lang='lat' dir='ltr'>multis</span> <span class='ocrx_word' id='word_1_238' title='bbox 678 4232 823 4295; x_wconf 84' lang='lat' dir='ltr'>Romanis</span> <span class='ocrx_word' id='word_1_239' title='bbox 839 4233 1037 4294; x_wconf 86' lang='lat' dir='ltr'>Pontificibus</span> <span class='ocrx_word' id='word_1_240' title='bbox 1059 4231 1297 4310; x_wconf 88' lang='lat' dir='ltr'>praedecessori·</span> 
     </span>
     <span class='ocr_line' id='line_1_44' title="bbox 550 4325 1297 4400; baseline -0.004 -12"><span class='ocrx_word' id='word_1_241' title='bbox 550 4327 606 4388; x_wconf 90' lang='lat' dir='ltr'>bus</span> <span class='ocrx_word' id='word_1_242' title='bbox 619 4326 732 4387; x_wconf 87' lang='lat' dir='ltr'>nostris</span> <span class='ocrx_word' id='word_1_243' title='bbox 746 4327 959 4387; x_wconf 88' lang='lat' dir='ltr'>commendata</span> <span class='ocrx_word' id='word_1_244' title='bbox 975 4325 1117 4400; x_wconf 90' lang='lat' dir='ltr'>luit,uon</span> <span class='ocrx_word' id='word_1_245' title='bbox 1133 4325 1201 4386; x_wconf 90' lang='lat' dir='ltr'>siue</span> <span class='ocrx_word' id='word_1_246' title='bbox 1212 4341 1297 4385; x_wconf 90' lang='lat' dir='ltr'>mau-</span> 
     </span>
     <span class='ocr_line' id='line_1_45' title="bbox 550 4417 1299 4497; baseline -0.004 -17"><span class='ocrx_word' id='word_1_247' title='bbox 550 4420 620 4480; x_wconf 90' lang='lat' dir='ltr'>dato</span> <span class='ocrx_word' id='word_1_248' title='bbox 641 4425 676 4480; x_wconf 94' lang='grc' dir='ltr'>ιιι</span> <span class='ocrx_word' id='word_1_249' title='bbox 691 4419 774 4480; x_wconf 92' lang='lat' dir='ltr'>illius</span> <span class='ocrx_word' id='word_1_250' title='bbox 788 4419 979 4497; x_wconf 89' lang='lat' dir='ltr'>ampliationi</span> <span class='ocrx_word' id='word_1_251' title='bbox 995 4419 1027 4479; x_wconf 93' lang='lat' dir='ltr'>in</span> <span class='ocrx_word' id='word_1_252' title='bbox 1044 4417 1299 4480; x_wconf 88' lang='lat' dir='ltr'>universitatibus</span> 
     </span>
     <span class='ocr_line' id='line_1_46' title="bbox 551 4513 801 4588; baseline 0 -18"><span class='ocrx_word' id='word_1_253' title='bbox 551 4527 642 4588; x_wconf 90' lang='lat' dir='ltr'>opera</span> <span class='ocrx_word' id='word_1_254' title='bbox 664 4513 801 4575; x_wconf 90' lang='lat' dir='ltr'>daretur.</span> 
     </span>
    </p>

    <p class='ocr_par' dir='ltr' id='par_1_5' title="bbox 592 4591 1298 4682">
     <span class='ocr_line' id='line_1_47' title="bbox 592 4591 1298 4682; baseline -0.003 -16"><span class='ocrx_word' id='word_1_255' title='bbox 592 4605 659 4679; x_wconf 65' lang='grc' dir='ltr'>ἐι.</span> <span class='ocrx_word' id='word_1_256' title='bbox 684 4606 764 4669; x_wconf 89' lang='lat' dir='ltr'>Cum</span> <span class='ocrx_word' id='word_1_257' title='bbox 785 4591 901 4680; x_wconf 76' lang='lat' dir='ltr'>aut&#39;em,</span> <span class='ocrx_word' id='word_1_258' title='bbox 919 4607 999 4668; x_wconf 90' lang='lat' dir='ltr'>sicut</span> <span class='ocrx_word' id='word_1_259' title='bbox 1020 4607 1127 4667; x_wconf 91' lang='lat' dir='ltr'>eadem</span> <span class='ocrx_word' id='word_1_260' title='bbox 1149 4604 1298 4682; x_wconf 83' lang='lat' dir='ltr'>expositio</span> 
     </span>
    </p>
   </div>
   <div class='ocr_carea' id='block_1_5' title="bbox 551 4797 1302 5996">
    <p class='ocr_par' dir='ltr' id='par_1_6' title="bbox 551 4797 1302 5996">
     <span class='ocr_line' id='line_1_48' title="bbox 551 4797 1298 4870; baseline -0.009 -12"><span class='ocrx_word' id='word_1_261' title='bbox 551 4799 647 4860; x_wconf 93' lang='lat' dir='ltr'>simili</span> <span class='ocrx_word' id='word_1_262' title='bbox 668 4799 766 4860; x_wconf 87' lang='lat' dir='ltr'>iorurd</span> <span class='ocrx_word' id='word_1_263' title='bbox 789 4797 895 4859; x_wconf 89' lang='lat' dir='ltr'>Brevis</span> <span class='ocrx_word' id='word_1_264' title='bbox 909 4811 992 4857; x_wconf 92' lang='lat' dir='ltr'>auno</span> <span class='ocrx_word' id='word_1_265' title='bbox 1013 4809 1189 4856; x_wconf 81' lang='lat' dir='ltr'>uuctxxxr.</span> <span class='ocrx_word' id='word_1_266' title='bbox 1208 4807 1298 4870; x_wconf 90' lang='lat' dir='ltr'>expe-</span> 
     </span>
     <span class='ocr_line' id='line_1_49' title="bbox 552 4887 1299 4968; baseline -0.016 -10"><span class='ocrx_word' id='word_1_267' title='bbox 552 4897 630 4958; x_wconf 90' lang='lat' dir='ltr'>ditas</span> <span class='ocrx_word' id='word_1_268' title='bbox 651 4895 778 4968; x_wconf 85' lang='lat' dir='ltr'>litteras,</span> <span class='ocrx_word' id='word_1_269' title='bbox 795 4890 833 4953; x_wconf 93' lang='lat' dir='ltr'>de</span> <span class='ocrx_word' id='word_1_270' title='bbox 848 4889 1074 4954; x_wconf 88' lang='lat' dir='ltr'>venerabilium</span> <span class='ocrx_word' id='word_1_271' title='bbox 1096 4887 1227 4948; x_wconf 84' lang='lat' dir='ltr'>fratrum</span> <span class='ocrx_word' id='word_1_272' title='bbox 1244 4901 1299 4947; x_wconf 79' lang='lat' dir='ltr'>no·</span> 
     </span>
     <span class='ocr_line' id='line_1_50' title="bbox 551 4981 1298 5058; baseline -0.019 -4"><span class='ocrx_word' id='word_1_273' title='bbox 551 5001 690 5054; x_wconf 90' lang='lat' dir='ltr'>strorum</span> <span class='ocrx_word' id='word_1_274' title='bbox 705 4991 736 5052; x_wconf 89' lang='lat' dir='ltr'>S.</span> <span class='ocrx_word' id='word_1_275' title='bbox 750 4990 785 5052; x_wconf 90' lang='lat' dir='ltr'>tt.</span> <span class='ocrx_word' id='word_1_276' title='bbox 799 4987 832 5048; x_wconf 87' lang='grc' dir='ltr'>Ε.</span> <span class='ocrx_word' id='word_1_277' title='bbox 848 4985 1057 5050; x_wconf 81' lang='lat' dir='ltr'>cardinalium</span> <span class='ocrx_word' id='word_1_278' title='bbox 1079 4981 1215 5058; x_wconf 80' lang='lat' dir='ltr'>negociis</span> <span class='ocrx_word' id='word_1_279' title='bbox 1230 4996 1298 5058; x_wconf 89' lang='lat' dir='ltr'>pro-</span> 
     </span>
     <span class='ocr_line' id='line_1_51' title="bbox 553 5075 1299 5165; baseline -0.013 -19"><span class='ocrx_word' id='word_1_280' title='bbox 553 5085 708 5165; x_wconf 86' lang='lat' dir='ltr'>pagandae</span> <span class='ocrx_word' id='word_1_281' title='bbox 729 5083 813 5146; x_wconf 82' lang='lat' dir='ltr'>Fidei</span> <span class='ocrx_word' id='word_1_282' title='bbox 834 5079 1081 5159; x_wconf 88' lang='lat' dir='ltr'>praepositorum</span> <span class='ocrx_word' id='word_1_283' title='bbox 1102 5075 1241 5150; x_wconf 88' lang='lat' dir='ltr'>consilio,</span> <span class='ocrx_word' id='word_1_284' title='bbox 1258 5076 1299 5136; x_wconf 91' lang='lat' dir='ltr'>la-</span> 
     </span>
     <span class='ocr_line' id='line_1_52' title="bbox 552 5169 1299 5249; baseline -0.015 -8"><span class='ocrx_word' id='word_1_285' title='bbox 552 5180 700 5241; x_wconf 88' lang='lat' dir='ltr'>cultatem</span> <span class='ocrx_word' id='word_1_286' title='bbox 721 5174 900 5238; x_wconf 83' lang='lat' dir='ltr'>conterendi</span> <span class='ocrx_word' id='word_1_287' title='bbox 922 5174 1034 5249; x_wconf 88' lang='lat' dir='ltr'>gradus</span> <span class='ocrx_word' id='word_1_288' title='bbox 1053 5169 1248 5234; x_wconf 89' lang='lat' dir='ltr'>soltolasticos</span> <span class='ocrx_word' id='word_1_289' title='bbox 1267 5169 1299 5230; x_wconf 94' lang='lat' dir='ltr'>in</span> 
     </span>
     <span class='ocr_line' id='line_1_53' title="bbox 552 5263 1300 5344; baseline -0.015 -10"><span class='ocrx_word' id='word_1_290' title='bbox 552 5272 699 5334; x_wconf 85' lang='lat' dir='ltr'>omnibus</span> <span class='ocrx_word' id='word_1_291' title='bbox 719 5269 868 5342; x_wconf 90' lang='lat' dir='ltr'>scientiis,</span> <span class='ocrx_word' id='word_1_292' title='bbox 891 5282 969 5344; x_wconf 89' lang='lat' dir='ltr'>quae</span> <span class='ocrx_word' id='word_1_293' title='bbox 992 5265 1024 5325; x_wconf 95' lang='lat' dir='ltr'>in</span> <span class='ocrx_word' id='word_1_294' title='bbox 1038 5263 1168 5339; x_wconf 88' lang='lat' dir='ltr'>collegio</span> <span class='ocrx_word' id='word_1_295' title='bbox 1184 5263 1217 5324; x_wconf 92' lang='lat' dir='ltr'>B.</span> <span class='ocrx_word' id='word_1_296' title='bbox 1228 5263 1300 5324; x_wconf 83' lang='lat' dir='ltr'>Fer-</span> 
     </span>
     <span class='ocr_line' id='line_1_54' title="bbox 552 5355 1300 5438; baseline -0.015 -12"><span class='ocrx_word' id='word_1_297' title='bbox 552 5364 679 5427; x_wconf 89' lang='lat' dir='ltr'>diuaudi</span> <span class='ocrx_word' id='word_1_298' title='bbox 711 5363 792 5438; x_wconf 90' lang='lat' dir='ltr'>regis</span> <span class='ocrx_word' id='word_1_299' title='bbox 823 5359 964 5422; x_wconf 89' lang='lat' dir='ltr'>catboliri</span> <span class='ocrx_word' id='word_1_300' title='bbox 993 5357 1096 5421; x_wconf 81' lang='lat' dir='ltr'>Sancti</span> <span class='ocrx_word' id='word_1_301' title='bbox 1129 5355 1300 5434; x_wconf 90' lang='lat' dir='ltr'>nuncupati</span> 
     </span>
     <span class='ocr_line' id='line_1_55' title="bbox 553 5449 1300 5526; baseline -0.013 -6"><span class='ocrx_word' id='word_1_302' title='bbox 553 5459 625 5520; x_wconf 91' lang='lat' dir='ltr'>dicti</span> <span class='ocrx_word' id='word_1_303' title='bbox 647 5455 769 5519; x_wconf 88' lang='lat' dir='ltr'>Ordinis</span> <span class='ocrx_word' id='word_1_304' title='bbox 794 5452 926 5516; x_wconf 89' lang='lat' dir='ltr'>civitatis</span> <span class='ocrx_word' id='word_1_305' title='bbox 945 5449 1102 5526; x_wconf 84' lang='lat' dir='ltr'>Quitensis</span> <span class='ocrx_word' id='word_1_306' title='bbox 1123 5450 1155 5510; x_wconf 94' lang='lat' dir='ltr'>in</span> <span class='ocrx_word' id='word_1_307' title='bbox 1184 5450 1300 5510; x_wconf 90' lang='lat' dir='ltr'>eisdem</span> 
     </span>
     <span class='ocr_line' id='line_1_56' title="bbox 555 5541 1301 5622; baseline -0.013 -10"><span class='ocrx_word' id='word_1_308' title='bbox 555 5551 648 5612; x_wconf 90' lang='lat' dir='ltr'>indiis</span> <span class='ocrx_word' id='word_1_309' title='bbox 669 5547 912 5622; x_wconf 84' lang='lat' dir='ltr'>Occidentalibus</span> <span class='ocrx_word' id='word_1_310' title='bbox 937 5547 1135 5618; x_wconf 84' lang='lat' dir='ltr'>docerentur,</span> <span class='ocrx_word' id='word_1_311' title='bbox 1157 5541 1216 5604; x_wconf 90' lang='lat' dir='ltr'>sub</span> <span class='ocrx_word' id='word_1_312' title='bbox 1236 5558 1301 5603; x_wconf 91' lang='lat' dir='ltr'>cer·</span> 
     </span>
     <span class='ocr_line' id='line_1_57' title="bbox 554 5636 1302 5715; baseline -0.009 -12"><span class='ocrx_word' id='word_1_313' title='bbox 554 5644 593 5704; x_wconf 91' lang='lat' dir='ltr'>tis</span> <span class='ocrx_word' id='word_1_314' title='bbox 614 5641 704 5703; x_wconf 90' lang='lat' dir='ltr'>modo</span> <span class='ocrx_word' id='word_1_315' title='bbox 725 5650 757 5702; x_wconf 92' lang='lat' dir='ltr'>et</span> <span class='ocrx_word' id='word_1_316' title='bbox 771 5640 868 5701; x_wconf 81' lang='lat' dir='ltr'>lormai</span> <span class='ocrx_word' id='word_1_317' title='bbox 885 5645 959 5699; x_wconf 92' lang='lat' dir='ltr'>tuuc</span> <span class='ocrx_word' id='word_1_318' title='bbox 972 5636 1126 5715; x_wconf 92' lang='lat' dir='ltr'>expressis</span> <span class='ocrx_word' id='word_1_319' title='bbox 1145 5650 1302 5697; x_wconf 87' lang='lat' dir='ltr'>concesse-</span> 
     </span>
     <span class='ocr_line' id='line_1_58' title="bbox 554 5727 1300 5810; baseline -0.009 -14"><span class='ocrx_word' id='word_1_320' title='bbox 554 5735 675 5810; x_wconf 78' lang='lat' dir='ltr'>riutus3</span> <span class='ocrx_word' id='word_1_321' title='bbox 707 5733 880 5795; x_wconf 91' lang='lat' dir='ltr'>carissimus</span> <span class='ocrx_word' id='word_1_322' title='bbox 911 5746 985 5792; x_wconf 91' lang='lat' dir='ltr'>vero</span> <span class='ocrx_word' id='word_1_323' title='bbox 1013 5730 1046 5790; x_wconf 94' lang='lat' dir='ltr'>in</span> <span class='ocrx_word' id='word_1_324' title='bbox 1069 5729 1190 5792; x_wconf 82' lang='lat' dir='ltr'>Christo</span> <span class='ocrx_word' id='word_1_325' title='bbox 1219 5727 1300 5790; x_wconf 84' lang='lat' dir='ltr'>silius</span> 
     </span>
     <span class='ocr_line' id='line_1_59' title="bbox 555 5819 1301 5903; baseline -0.008 -15"><span class='ocrx_word' id='word_1_326' title='bbox 555 5833 660 5888; x_wconf 88' lang='lat' dir='ltr'>noster</span> <span class='ocrx_word' id='word_1_327' title='bbox 675 5825 801 5887; x_wconf 83' lang='lat' dir='ltr'>Carolus</span> <span class='ocrx_word' id='word_1_328' title='bbox 816 5821 1033 5903; x_wconf 90' lang='lat' dir='ltr'>Hispaniarum</span> <span class='ocrx_word' id='word_1_329' title='bbox 1048 5822 1112 5883; x_wconf 84' lang='lat' dir='ltr'>Rex</span> <span class='ocrx_word' id='word_1_330' title='bbox 1134 5819 1301 5882; x_wconf 83' lang='lat' dir='ltr'>catholicus</span> 
     </span>
     <span class='ocr_line' id='line_1_60' title="bbox 556 5913 1302 5996; baseline -0.007 -15"><span class='ocrx_word' id='word_1_331' title='bbox 556 5935 620 5982; x_wconf 93' lang='lat' dir='ltr'>nou</span> <span class='ocrx_word' id='word_1_332' title='bbox 640 5918 742 5980; x_wconf 90' lang='lat' dir='ltr'>solum</span> <span class='ocrx_word' id='word_1_333' title='bbox 764 5918 887 5996; x_wconf 88' lang='lat' dir='ltr'>regium</span> <span class='ocrx_word' id='word_1_334' title='bbox 901 5933 994 5979; x_wconf 92' lang='lat' dir='ltr'>suum</span> <span class='ocrx_word' id='word_1_335' title='bbox 1009 5913 1235 5994; x_wconf 86' lang='lat' dir='ltr'>beneplacitum</span> <span class='ocrx_word' id='word_1_336' title='bbox 1250 5930 1302 5976; x_wconf 90' lang='lat' dir='ltr'>su-</span> 
     </span>
    </p>
   </div>
   <div class='ocr_carea' id='block_1_6' title="bbox 1063 576 1562 622">
    <p class='ocr_par' dir='ltr' id='par_1_7' title="bbox 1063 576 1562 622">
     <span class='ocr_line' id='line_1_61' title="bbox 1063 576 1562 622; baseline -0.004 -1"><span class='ocrx_word' id='word_1_337' title='bbox 1063 576 1128 622; x_wconf 88' lang='lat' dir='ltr'>tun.</span> <span class='ocrx_word' id='word_1_338' title='bbox 1153 577 1243 622; x_wconf 74' lang='lat' dir='ltr'>PONT·</span> <span class='ocrx_word' id='word_1_339' title='bbox 1268 577 1308 622; x_wconf 76' lang='lat' dir='ltr'>DE</span> <span class='ocrx_word' id='word_1_340' title='bbox 1329 577 1358 622; x_wconf 79' lang='lat' dir='ltr'>P·</span> <span class='ocrx_word' id='word_1_341' title='bbox 1382 577 1411 622; x_wconf 74' lang='lat' dir='ltr'>tt.</span> <span class='ocrx_word' id='word_1_342' title='bbox 1436 577 1518 622; x_wconf 78' lang='lat' dir='ltr'>thts</span> <span class='ocrx_word' id='word_1_343' title='bbox 1541 578 1562 622; x_wconf 89' lang='lat' dir='ltr'>l.</span> 
     </span>
    </p>
   </div>
   <div class='ocr_carea' id='block_1_7' title="bbox 1347 694 2102 4496">
    <p class='ocr_par' dir='ltr' id='par_1_8' title="bbox 1347 694 2102 4390">
     <span class='ocr_line' id='line_1_62' title="bbox 1347 694 2099 774; baseline 0.003 -18"><span class='ocrx_word' id='word_1_344' title='bbox 1347 711 1401 774; x_wconf 88' lang='lat' dir='ltr'>per</span> <span class='ocrx_word' id='word_1_345' title='bbox 1422 695 1621 758; x_wconf 89' lang='lat' dir='ltr'>institutione</span> <span class='ocrx_word' id='word_1_346' title='bbox 1640 695 1763 772; x_wconf 90' lang='lat' dir='ltr'>collegii</span> <span class='ocrx_word' id='word_1_347' title='bbox 1784 694 1962 758; x_wconf 87' lang='lat' dir='ltr'>huiusmodi</span> <span class='ocrx_word' id='word_1_348' title='bbox 1982 695 2099 773; x_wconf 86' lang='lat' dir='ltr'>imper-</span> 
     </span>
     <span class='ocr_line' id='line_1_63' title="bbox 1348 788 2097 866; baseline -0.001 -16"><span class='ocrx_word' id='word_1_349' title='bbox 1348 789 1422 850; x_wconf 90' lang='lat' dir='ltr'>titus</span> <span class='ocrx_word' id='word_1_350' title='bbox 1443 788 1548 864; x_wconf 90' lang='lat' dir='ltr'>luerit,</span> <span class='ocrx_word' id='word_1_351' title='bbox 1571 790 1624 851; x_wconf 88' lang='lat' dir='ltr'>sed</span> <span class='ocrx_word' id='word_1_352' title='bbox 1645 789 1750 864; x_wconf 90' lang='lat' dir='ltr'>etiam,</span> <span class='ocrx_word' id='word_1_353' title='bbox 1772 803 1826 866; x_wconf 88' lang='lat' dir='ltr'>per</span> <span class='ocrx_word' id='word_1_354' title='bbox 1846 788 2006 853; x_wconf 90' lang='lat' dir='ltr'>scbedulas</span> <span class='ocrx_word' id='word_1_355' title='bbox 2026 805 2097 850; x_wconf 91' lang='lat' dir='ltr'>suas</span> 
     </span>
     <span class='ocr_line' id='line_1_64' title="bbox 1347 881 2095 957; baseline 0 -14"><span class='ocrx_word' id='word_1_356' title='bbox 1347 881 1447 957; x_wconf 88' lang='lat' dir='ltr'>regias</span> <span class='ocrx_word' id='word_1_357' title='bbox 1467 897 1550 944; x_wconf 92' lang='lat' dir='ltr'>anuo</span> <span class='ocrx_word' id='word_1_358' title='bbox 1579 897 1787 946; x_wconf 85' lang='lat' dir='ltr'>unctxxxrrr.</span> <span class='ocrx_word' id='word_1_359' title='bbox 1815 888 1982 957; x_wconf 83' lang='lat' dir='ltr'>emanatas,</span> <span class='ocrx_word' id='word_1_360' title='bbox 2004 881 2095 944; x_wconf 89' lang='lat' dir='ltr'>colle-</span> 
     </span>
     <span class='ocr_line' id='line_1_65' title="bbox 1348 975 2098 1053; baseline 0.003 -17"><span class='ocrx_word' id='word_1_361' title='bbox 1348 975 1436 1052; x_wconf 89' lang='lat' dir='ltr'>gium</span> <span class='ocrx_word' id='word_1_362' title='bbox 1452 975 1553 1053; x_wconf 92' lang='lat' dir='ltr'>ipsum</span> <span class='ocrx_word' id='word_1_363' title='bbox 1567 975 1634 1038; x_wconf 91' lang='lat' dir='ltr'>sive</span> <span class='ocrx_word' id='word_1_364' title='bbox 1648 975 1733 1038; x_wconf 92' lang='lat' dir='ltr'>illius</span> <span class='ocrx_word' id='word_1_365' title='bbox 1747 976 1984 1038; x_wconf 87' lang='lat' dir='ltr'>universitatem</span> <span class='ocrx_word' id='word_1_366' title='bbox 1998 976 2098 1041; x_wconf 92' lang='lat' dir='ltr'>omni-</span> 
     </span>
     <span class='ocr_line' id='line_1_66' title="bbox 1348 1067 2097 1148; baseline 0.001 -18"><span class='ocrx_word' id='word_1_367' title='bbox 1348 1067 1404 1130; x_wconf 92' lang='lat' dir='ltr'>bus</span> <span class='ocrx_word' id='word_1_368' title='bbox 1425 1068 1597 1146; x_wconf 88' lang='lat' dir='ltr'>privilegiis</span> <span class='ocrx_word' id='word_1_369' title='bbox 1611 1075 1642 1131; x_wconf 92' lang='lat' dir='ltr'>et</span> <span class='ocrx_word' id='word_1_370' title='bbox 1659 1069 1881 1148; x_wconf 89' lang='lat' dir='ltr'>praerogativis</span> <span class='ocrx_word' id='word_1_371' title='bbox 1902 1069 2015 1146; x_wconf 88' lang='lat' dir='ltr'>regalis</span> <span class='ocrx_word' id='word_1_372' title='bbox 2034 1070 2097 1133; x_wconf 88' lang='lat' dir='ltr'>col-</span> 
     </span>
     <span class='ocr_line' id='line_1_67' title="bbox 1348 1159 2097 1239; baseline 0.001 -18"><span class='ocrx_word' id='word_1_373' title='bbox 1348 1159 1420 1236; x_wconf 88' lang='lat' dir='ltr'>legii</span> <span class='ocrx_word' id='word_1_374' title='bbox 1452 1161 1661 1236; x_wconf 88' lang='lat' dir='ltr'>decoraverit,</span> <span class='ocrx_word' id='word_1_375' title='bbox 1694 1161 1787 1239; x_wconf 85' lang='lat' dir='ltr'>idque</span> <span class='ocrx_word' id='word_1_376' title='bbox 1817 1162 1936 1224; x_wconf 89' lang='lat' dir='ltr'>intuitu</span> <span class='ocrx_word' id='word_1_377' title='bbox 1967 1177 2097 1238; x_wconf 89' lang='lat' dir='ltr'>magnae</span> 
     </span>
     <span class='ocr_line' id='line_1_68' title="bbox 1349 1253 2096 1332; baseline 0.003 -18"><span class='ocrx_word' id='word_1_378' title='bbox 1349 1253 1503 1328; x_wconf 89' lang='lat' dir='ltr'>utilitatis,</span> <span class='ocrx_word' id='word_1_379' title='bbox 1519 1270 1598 1332; x_wconf 88' lang='lat' dir='ltr'>quae</span> <span class='ocrx_word' id='word_1_380' title='bbox 1618 1255 1728 1316; x_wconf 88' lang='lat' dir='ltr'>inillis</span> <span class='ocrx_word' id='word_1_381' title='bbox 1749 1255 1886 1332; x_wconf 90' lang='lat' dir='ltr'>partibus</span> <span class='ocrx_word' id='word_1_382' title='bbox 1900 1253 1975 1316; x_wconf 90' lang='lat' dir='ltr'>adeo</span> <span class='ocrx_word' id='word_1_383' title='bbox 1997 1269 2096 1316; x_wconf 88' lang='lat' dir='ltr'>remo-</span> 
     </span>
     <span class='ocr_line' id='line_1_69' title="bbox 1350 1345 2098 1411; baseline 0.007 -6"><span class='ocrx_word' id='word_1_384' title='bbox 1350 1345 1387 1406; x_wconf 89' lang='lat' dir='ltr'>tis</span> <span class='ocrx_word' id='word_1_385' title='bbox 1417 1361 1456 1406; x_wconf 89' lang='lat' dir='ltr'>ex</span> <span class='ocrx_word' id='word_1_386' title='bbox 1487 1347 1626 1408; x_wconf 81' lang='lat' dir='ltr'>doctrina</span> <span class='ocrx_word' id='word_1_387' title='bbox 1657 1349 1819 1410; x_wconf 88' lang='lat' dir='ltr'>memorati</span> <span class='ocrx_word' id='word_1_388' title='bbox 1848 1347 1878 1410; x_wconf 87' lang='lat' dir='ltr'>S.</span> <span class='ocrx_word' id='word_1_389' title='bbox 1909 1347 2048 1410; x_wconf 87' lang='lat' dir='ltr'>&#39;lbomae</span> <span class='ocrx_word' id='word_1_390' title='bbox 2066 1357 2098 1411; x_wconf 89' lang='lat' dir='ltr'>ot</span> 
     </span>
     <span class='ocr_line' id='line_1_70' title="bbox 1349 1439 2097 1519; baseline 0.005 -21"><span class='ocrx_word' id='word_1_391' title='bbox 1349 1439 1433 1515; x_wconf 75' lang='lat' dir='ltr'>capii</span> <span class='ocrx_word' id='word_1_392' title='bbox 1455 1440 1668 1516; x_wconf 90' lang='lat' dir='ltr'>operariorum</span> <span class='ocrx_word' id='word_1_393' title='bbox 1689 1440 1954 1516; x_wconf 88' lang='lat' dir='ltr'>evangelicorum,</span> <span class='ocrx_word' id='word_1_394' title='bbox 1979 1440 2034 1519; x_wconf 92' lang='lat' dir='ltr'>qui</span> <span class='ocrx_word' id='word_1_395' title='bbox 2055 1440 2097 1502; x_wconf 86' lang='lat' dir='ltr'>le·</span> 
     </span>
     <span class='ocr_line' id='line_1_71' title="bbox 1350 1533 2096 1613; baseline 0.008 -23"><span class='ocrx_word' id='word_1_396' title='bbox 1350 1545 1421 1606; x_wconf 92' lang='lat' dir='ltr'>gem</span> <span class='ocrx_word' id='word_1_397' title='bbox 1455 1533 1667 1608; x_wconf 85' lang='lat' dir='ltr'>evangelicam</span> <span class='ocrx_word' id='word_1_398' title='bbox 1699 1541 1762 1596; x_wconf 93' lang='lat' dir='ltr'>tam</span> <span class='ocrx_word' id='word_1_399' title='bbox 1796 1533 1972 1596; x_wconf 82' lang='lat' dir='ltr'>christianis</span> <span class='ocrx_word' id='word_1_400' title='bbox 2003 1550 2096 1613; x_wconf 89' lang='lat' dir='ltr'>quam</span> 
     </span>
     <span class='ocr_line' id='line_1_72' title="bbox 1350 1622 2094 1704; baseline 0.008 -22"><span class='ocrx_word' id='word_1_401' title='bbox 1350 1622 1528 1686; x_wconf 85' lang='lat' dir='ltr'>infidelibus</span> <span class='ocrx_word' id='word_1_402' title='bbox 1559 1625 1751 1704; x_wconf 88' lang='lat' dir='ltr'>praedicent,</span> <span class='ocrx_word' id='word_1_403' title='bbox 1784 1625 1916 1703; x_wconf 90' lang='lat' dir='ltr'>illosque</span> <span class='ocrx_word' id='word_1_404' title='bbox 1949 1625 2094 1702; x_wconf 89' lang='lat' dir='ltr'>doceant,</span> 
     </span>
     <span class='ocr_line' id='line_1_73' title="bbox 1349 1717 2097 1798; baseline 0.004 -21"><span class='ocrx_word' id='word_1_405' title='bbox 1349 1724 1538 1795; x_wconf 91' lang='lat' dir='ltr'>proventura</span> <span class='ocrx_word' id='word_1_406' title='bbox 1559 1725 1712 1796; x_wconf 78' lang='lat' dir='ltr'>speratur,</span> <span class='ocrx_word' id='word_1_407' title='bbox 1734 1733 1767 1780; x_wconf 87' lang='lat' dir='ltr'>ac</span> <span class='ocrx_word' id='word_1_408' title='bbox 1790 1719 1917 1798; x_wconf 88' lang='lat' dir='ltr'>prolude</span> <span class='ocrx_word' id='word_1_409' title='bbox 1938 1717 2039 1782; x_wconf 87' lang='lat' dir='ltr'>dictus</span> <span class='ocrx_word' id='word_1_410' title='bbox 2054 1719 2097 1780; x_wconf 90' lang='lat' dir='ltr'>la-</span> 
     </span>
     <span class='ocr_line' id='line_1_74' title="bbox 1351 1809 2097 1891; baseline 0.005 -21"><span class='ocrx_word' id='word_1_411' title='bbox 1351 1809 1444 1872; x_wconf 92' lang='lat' dir='ltr'>cobus</span> <span class='ocrx_word' id='word_1_412' title='bbox 1464 1809 1645 1888; x_wconf 88' lang='lat' dir='ltr'>procurator</span> <span class='ocrx_word' id='word_1_413' title='bbox 1666 1811 1817 1886; x_wconf 87' lang='lat' dir='ltr'>generalis</span> <span class='ocrx_word' id='word_1_414' title='bbox 1845 1812 2018 1891; x_wconf 91' lang='lat' dir='ltr'>plurimum</span> <span class='ocrx_word' id='word_1_415' title='bbox 2046 1829 2097 1874; x_wconf 93' lang='lat' dir='ltr'>cu-</span> 
     </span>
     <span class='ocr_line' id='line_1_75' title="bbox 1351 1903 2097 1984; baseline 0.007 -22"><span class='ocrx_word' id='word_1_416' title='bbox 1351 1903 1413 1980; x_wconf 89' lang='lat' dir='ltr'>piat</span> <span class='ocrx_word' id='word_1_417' title='bbox 1427 1921 1443 1964; x_wconf 93' lang='lat' dir='ltr'>a</span> <span class='ocrx_word' id='word_1_418' title='bbox 1459 1905 1547 1966; x_wconf 91' lang='lat' dir='ltr'>nobis</span> <span class='ocrx_word' id='word_1_419' title='bbox 1562 1905 1707 1968; x_wconf 88' lang='lat' dir='ltr'>declarari</span> <span class='ocrx_word' id='word_1_420' title='bbox 1723 1904 1806 1982; x_wconf 89' lang='lat' dir='ltr'>quod</span> <span class='ocrx_word' id='word_1_421' title='bbox 1820 1905 2014 1984; x_wconf 88' lang='lat' dir='ltr'>supradictae</span> <span class='ocrx_word' id='word_1_422' title='bbox 2028 1905 2097 1968; x_wconf 92' lang='lat' dir='ltr'>uni-</span> 
     </span>
     <span class='ocr_line' id='line_1_76' title="bbox 1352 1997 2097 2074; baseline 0.005 -18"><span class='ocrx_word' id='word_1_423' title='bbox 1352 1997 1512 2058; x_wconf 89' lang='lat' dir='ltr'>versitates</span> <span class='ocrx_word' id='word_1_424' title='bbox 1543 2004 1715 2058; x_wconf 89' lang='lat' dir='ltr'>conventus</span> <span class='ocrx_word' id='word_1_425' title='bbox 1746 1997 1777 2060; x_wconf 90' lang='lat' dir='ltr'>S.</span> <span class='ocrx_word' id='word_1_426' title='bbox 1808 1997 1893 2059; x_wconf 82' lang='lat' dir='ltr'>ridet</span> <span class='ocrx_word' id='word_1_427' title='bbox 1918 2006 1950 2060; x_wconf 88' lang='lat' dir='ltr'>et</span> <span class='ocrx_word' id='word_1_428' title='bbox 1975 1998 2097 2074; x_wconf 89' lang='lat' dir='ltr'>collegii</span> 
     </span>
     <span class='ocr_line' id='line_1_77' title="bbox 1352 2089 2096 2170; baseline 0.008 -22"><span class='ocrx_word' id='word_1_429' title='bbox 1352 2089 1385 2148; x_wconf 87' lang='lat' dir='ltr'>B.</span> <span class='ocrx_word' id='word_1_430' title='bbox 1396 2089 1582 2152; x_wconf 77' lang='lat' dir='ltr'>lerdinandi</span> <span class='ocrx_word' id='word_1_431' title='bbox 1596 2091 1727 2152; x_wconf 87' lang='lat' dir='ltr'>civitatis</span> <span class='ocrx_word' id='word_1_432' title='bbox 1741 2091 1896 2166; x_wconf 83' lang='lat' dir='ltr'>Ouitensis</span> <span class='ocrx_word' id='word_1_433' title='bbox 1906 2091 1970 2154; x_wconf 92' lang='lat' dir='ltr'>siut</span> <span class='ocrx_word' id='word_1_434' title='bbox 1984 2099 2096 2170; x_wconf 86' lang='lat' dir='ltr'>certae,</span> 
     </span>
     <span class='ocr_line' id='line_1_78' title="bbox 1352 2182 2098 2262; baseline 0.005 -20"><span class='ocrx_word' id='word_1_435' title='bbox 1352 2197 1444 2244; x_wconf 89' lang='lat' dir='ltr'>verae</span> <span class='ocrx_word' id='word_1_436' title='bbox 1465 2190 1496 2244; x_wconf 89' lang='lat' dir='ltr'>et</span> <span class='ocrx_word' id='word_1_437' title='bbox 1521 2182 1618 2243; x_wconf 86' lang='lat' dir='ltr'>reales</span> <span class='ocrx_word' id='word_1_438' title='bbox 1650 2183 1886 2258; x_wconf 91' lang='lat' dir='ltr'>universitates,</span> <span class='ocrx_word' id='word_1_439' title='bbox 1913 2192 2004 2262; x_wconf 88' lang='lat' dir='ltr'>prout</span> <span class='ocrx_word' id='word_1_440' title='bbox 2023 2193 2098 2248; x_wconf 91' lang='lat' dir='ltr'>sunt</span> 
     </span>
     <span class='ocr_line' id='line_1_79' title="bbox 1352 2275 2097 2356; baseline 0.007 -21"><span class='ocrx_word' id='word_1_441' title='bbox 1352 2275 1478 2336; x_wconf 87' lang='lat' dir='ltr'>Limana</span> <span class='ocrx_word' id='word_1_442' title='bbox 1501 2283 1531 2336; x_wconf 92' lang='lat' dir='ltr'>et</span> <span class='ocrx_word' id='word_1_443' title='bbox 1553 2275 1719 2351; x_wconf 86' lang='lat' dir='ltr'>Mexioana,</span> <span class='ocrx_word' id='word_1_444' title='bbox 1735 2277 1848 2356; x_wconf 89' lang='lat' dir='ltr'>absque</span> <span class='ocrx_word' id='word_1_445' title='bbox 1871 2277 1933 2339; x_wconf 85' lang='lat' dir='ltr'>ullai</span> <span class='ocrx_word' id='word_1_446' title='bbox 1955 2277 2097 2342; x_wconf 87' lang='lat' dir='ltr'>dilleren·</span> 
     </span>
     <span class='ocr_line' id='line_1_80' title="bbox 1354 2368 2097 2449; baseline 0.007 -21"><span class='ocrx_word' id='word_1_447' title='bbox 1354 2368 1404 2442; x_wconf 83' lang='lat' dir='ltr'>tia,</span> <span class='ocrx_word' id='word_1_448' title='bbox 1426 2385 1460 2430; x_wconf 94' lang='lat' dir='ltr'>ac</span> <span class='ocrx_word' id='word_1_449' title='bbox 1487 2385 1559 2430; x_wconf 91' lang='lat' dir='ltr'>cum</span> <span class='ocrx_word' id='word_1_450' title='bbox 1591 2370 1735 2431; x_wconf 90' lang='lat' dir='ltr'>omnibus</span> <span class='ocrx_word' id='word_1_451' title='bbox 1763 2370 1881 2446; x_wconf 88' lang='lat' dir='ltr'>gratiis,</span> <span class='ocrx_word' id='word_1_452' title='bbox 1913 2371 2097 2449; x_wconf 90' lang='lat' dir='ltr'>privilegiis,</span> 
     </span>
     <span class='ocr_line' id='line_1_81' title="bbox 1352 2463 2098 2539; baseline 0.004 -16"><span class='ocrx_word' id='word_1_453' title='bbox 1352 2463 1584 2539; x_wconf 90' lang='lat' dir='ltr'>praerogativis,</span> <span class='ocrx_word' id='word_1_454' title='bbox 1602 2464 1880 2528; x_wconf 90' lang='lat' dir='ltr'>consuetudinibus</span> <span class='ocrx_word' id='word_1_455' title='bbox 1900 2474 1932 2528; x_wconf 93' lang='lat' dir='ltr'>et</span> <span class='ocrx_word' id='word_1_456' title='bbox 1951 2465 2098 2528; x_wconf 88' lang='lat' dir='ltr'>solemni-</span> 
     </span>
     <span class='ocr_line' id='line_1_82' title="bbox 1354 2557 2099 2634; baseline 0.007 -18"><span class='ocrx_word' id='word_1_457' title='bbox 1354 2557 1476 2630; x_wconf 90' lang='lat' dir='ltr'>tatibus,</span> <span class='ocrx_word' id='word_1_458' title='bbox 1501 2565 1592 2634; x_wconf 90' lang='lat' dir='ltr'>prout</span> <span class='ocrx_word' id='word_1_459' title='bbox 1613 2557 1743 2634; x_wconf 89' lang='lat' dir='ltr'>collegio</span> <span class='ocrx_word' id='word_1_460' title='bbox 1759 2558 1790 2620; x_wconf 90' lang='lat' dir='ltr'>S.</span> <span class='ocrx_word' id='word_1_461' title='bbox 1808 2559 1945 2620; x_wconf 83' lang='lat' dir='ltr'>Tbomae</span> <span class='ocrx_word' id='word_1_462' title='bbox 1966 2559 2099 2621; x_wconf 85' lang='lat' dir='ltr'>civitatis</span> 
     </span>
     <span class='ocr_line' id='line_1_83' title="bbox 1353 2649 2098 2730; baseline 0.005 -20"><span class='ocrx_word' id='word_1_463' title='bbox 1353 2649 1574 2712; x_wconf 88' lang='lat' dir='ltr'>blonilaneusis</span> <span class='ocrx_word' id='word_1_464' title='bbox 1606 2651 1638 2712; x_wconf 92' lang='lat' dir='ltr'>in</span> <span class='ocrx_word' id='word_1_465' title='bbox 1670 2651 1764 2713; x_wconf 91' lang='lat' dir='ltr'>indiis</span> <span class='ocrx_word' id='word_1_466' title='bbox 1798 2651 1981 2730; x_wconf 88' lang='lat' dir='ltr'>Pbilippinis</span> <span class='ocrx_word' id='word_1_467' title='bbox 2017 2668 2098 2714; x_wconf 91' lang='lat' dir='ltr'>anno</span> 
     </span>
     <span class='ocr_line' id='line_1_84' title="bbox 1354 2744 2099 2823; baseline 0 -17"><span class='ocrx_word' id='word_1_468' title='bbox 1354 2759 1526 2806; x_wconf 89' lang='lat' dir='ltr'>uuctxxxr.</span> <span class='ocrx_word' id='word_1_469' title='bbox 1551 2744 1769 2819; x_wconf 70' lang='lat' dir='ltr'>concessimus</span> <span class='ocrx_word' id='word_1_470' title='bbox 1781 2751 1824 2818; x_wconf 91' lang='lat' dir='ltr'>et,</span> <span class='ocrx_word' id='word_1_471' title='bbox 1848 2751 2002 2823; x_wconf 91' lang='lat' dir='ltr'>quatenus</span> <span class='ocrx_word' id='word_1_472' title='bbox 2022 2761 2099 2822; x_wconf 92' lang='lat' dir='ltr'>opus</span> 
     </span>
     <span class='ocr_line' id='line_1_85' title="bbox 1352 2835 2098 2914; baseline 0.003 -16"><span class='ocrx_word' id='word_1_473' title='bbox 1352 2837 1402 2912; x_wconf 92' lang='lat' dir='ltr'>sit,</span> <span class='ocrx_word' id='word_1_474' title='bbox 1425 2837 1519 2899; x_wconf 92' lang='lat' dir='ltr'>dictas</span> <span class='ocrx_word' id='word_1_475' title='bbox 1551 2835 1770 2898; x_wconf 86' lang='lat' dir='ltr'>universitates</span> <span class='ocrx_word' id='word_1_476' title='bbox 1796 2839 1835 2899; x_wconf 92' lang='lat' dir='ltr'>de</span> <span class='ocrx_word' id='word_1_477' title='bbox 1860 2851 1941 2898; x_wconf 91' lang='lat' dir='ltr'>novo</span> <span class='ocrx_word' id='word_1_478' title='bbox 1965 2837 2043 2914; x_wconf 91' lang='lat' dir='ltr'>erigi</span> <span class='ocrx_word' id='word_1_479' title='bbox 2066 2837 2098 2900; x_wconf 93' lang='lat' dir='ltr'>in</span> 
     </span>
     <span class='ocr_line' id='line_1_86' title="bbox 1353 2927 2100 3007; baseline -0.003 -15"><span class='ocrx_word' id='word_1_480' title='bbox 1353 2930 1572 2992; x_wconf 88' lang='lat' dir='ltr'>universitates</span> <span class='ocrx_word' id='word_1_481' title='bbox 1604 2927 1738 3007; x_wconf 91' lang='lat' dir='ltr'>publicas</span> <span class='ocrx_word' id='word_1_482' title='bbox 1765 2930 1801 2992; x_wconf 92' lang='lat' dir='ltr'>ad</span> <span class='ocrx_word' id='word_1_483' title='bbox 1827 2929 1926 2992; x_wconf 91' lang='lat' dir='ltr'>instar</span> <span class='ocrx_word' id='word_1_484' title='bbox 1951 2929 2100 2992; x_wconf 91' lang='lat' dir='ltr'>Limanae</span> 
     </span>
     <span class='ocr_line' id='line_1_87' title="bbox 1353 3022 2100 3101; baseline 0 -17"><span class='ocrx_word' id='word_1_485' title='bbox 1353 3030 1384 3084; x_wconf 90' lang='lat' dir='ltr'>et</span> <span class='ocrx_word' id='word_1_486' title='bbox 1405 3023 1579 3086; x_wconf 88' lang='lat' dir='ltr'>blexicanae</span> <span class='ocrx_word' id='word_1_487' title='bbox 1601 3039 1673 3084; x_wconf 91' lang='lat' dir='ltr'>cum</span> <span class='ocrx_word' id='word_1_488' title='bbox 1694 3022 1839 3084; x_wconf 91' lang='lat' dir='ltr'>omnibus</span> <span class='ocrx_word' id='word_1_489' title='bbox 1860 3023 1967 3098; x_wconf 88' lang='lat' dir='ltr'>gratiis</span> <span class='ocrx_word' id='word_1_490' title='bbox 1986 3030 2019 3085; x_wconf 90' lang='lat' dir='ltr'>et</span> <span class='ocrx_word' id='word_1_491' title='bbox 2040 3022 2100 3101; x_wconf 92' lang='lat' dir='ltr'>pri·</span> 
     </span>
     <span class='ocr_line' id='line_1_88' title="bbox 1353 3113 2100 3212; baseline -0.003 -34"><span class='ocrx_word' id='word_1_492' title='bbox 1353 3117 1489 3194; x_wconf 86' lang='lat' dir='ltr'>vilegiis,</span> <span class='ocrx_word' id='word_1_493' title='bbox 1513 3117 1554 3178; x_wconf 90' lang='lat' dir='ltr'>ita</span> <span class='ocrx_word' id='word_1_494' title='bbox 1576 3123 1611 3178; x_wconf 94' lang='lat' dir='ltr'>ut</span> <span class='ocrx_word' id='word_1_495' title='bbox 1632 3113 1770 3192; x_wconf 88' lang='lat' dir='ltr'>graduati</span> <span class='ocrx_word' id='word_1_496' title='bbox 1793 3115 1826 3176; x_wconf 94' lang='lat' dir='ltr'>iu</span> <span class='ocrx_word' id='word_1_497' title='bbox 1847 3115 2009 3194; x_wconf 89' lang='lat' dir='ltr'>praedictis</span> <span class='ocrx_word' id='word_1_498' title='bbox 2031 3115 2100 3212; x_wconf 46' lang='lat' dir='ltr'>uni&lt;-</span> 
     </span>
     <span class='ocr_line' id='line_1_89' title="bbox 1354 3207 2098 3287; baseline -0.004 -15"><span class='ocrx_word' id='word_1_499' title='bbox 1354 3210 1550 3272; x_wconf 90' lang='lat' dir='ltr'>versitatibus</span> <span class='ocrx_word' id='word_1_500' title='bbox 1580 3217 1768 3287; x_wconf 88' lang='lat' dir='ltr'>reputentur</span> <span class='ocrx_word' id='word_1_501' title='bbox 1793 3207 1910 3270; x_wconf 85' lang='lat' dir='ltr'>habiles</span> <span class='ocrx_word' id='word_1_502' title='bbox 1931 3215 1962 3270; x_wconf 92' lang='lat' dir='ltr'>et</span> <span class='ocrx_word' id='word_1_503' title='bbox 1983 3209 2098 3283; x_wconf 89' lang='lat' dir='ltr'>idonei,</span> 
     </span>
     <span class='ocr_line' id='line_1_90' title="bbox 1354 3300 2101 3381; baseline -0.005 -15"><span class='ocrx_word' id='word_1_504' title='bbox 1354 3311 1511 3381; x_wconf 89' lang='lat' dir='ltr'>tamquam</span> <span class='ocrx_word' id='word_1_505' title='bbox 1538 3302 1677 3378; x_wconf 86' lang='lat' dir='ltr'>graduali</span> <span class='ocrx_word' id='word_1_506' title='bbox 1699 3301 1731 3362; x_wconf 92' lang='lat' dir='ltr'>in</span> <span class='ocrx_word' id='word_1_507' title='bbox 1754 3300 1886 3380; x_wconf 89' lang='lat' dir='ltr'>publicis</span> <span class='ocrx_word' id='word_1_508' title='bbox 1914 3301 2101 3362; x_wconf 87' lang='lat' dir='ltr'>universita-</span> 
     </span>
     <span class='ocr_line' id='line_1_91' title="bbox 1355 3393 2100 3472; baseline -0.004 -13"><span class='ocrx_word' id='word_1_509' title='bbox 1355 3397 1450 3472; x_wconf 91' lang='lat' dir='ltr'>tibus,</span> <span class='ocrx_word' id='word_1_510' title='bbox 1472 3397 1509 3458; x_wconf 95' lang='lat' dir='ltr'>ad</span> <span class='ocrx_word' id='word_1_511' title='bbox 1530 3396 1599 3468; x_wconf 90' lang='lat' dir='ltr'>boc,</span> <span class='ocrx_word' id='word_1_512' title='bbox 1622 3403 1670 3469; x_wconf 93' lang='lat' dir='ltr'>ut,</span> <span class='ocrx_word' id='word_1_513' title='bbox 1692 3409 1763 3457; x_wconf 93' lang='lat' dir='ltr'>cum</span> <span class='ocrx_word' id='word_1_514' title='bbox 1778 3393 1833 3456; x_wconf 89' lang='lat' dir='ltr'>Dei</span> <span class='ocrx_word' id='word_1_515' title='bbox 1853 3395 1973 3456; x_wconf 89' lang='lat' dir='ltr'>bonore</span> <span class='ocrx_word' id='word_1_516' title='bbox 1992 3401 2025 3455; x_wconf 91' lang='lat' dir='ltr'>et</span> <span class='ocrx_word' id='word_1_517' title='bbox 2045 3409 2100 3470; x_wconf 92' lang='lat' dir='ltr'>pu·</span> 
     </span>
     <span class='ocr_line' id='line_1_92' title="bbox 1354 3487 2100 3566; baseline -0.007 -13"><span class='ocrx_word' id='word_1_518' title='bbox 1354 3490 1432 3553; x_wconf 92' lang='lat' dir='ltr'>blico</span> <span class='ocrx_word' id='word_1_519' title='bbox 1455 3489 1603 3553; x_wconf 84' lang='lat' dir='ltr'>beneficio</span> <span class='ocrx_word' id='word_1_520' title='bbox 1624 3503 1658 3550; x_wconf 89' lang='lat' dir='ltr'>ac</span> <span class='ocrx_word' id='word_1_521' title='bbox 1679 3487 1843 3549; x_wconf 89' lang='lat' dir='ltr'>catboboae</span> <span class='ocrx_word' id='word_1_522' title='bbox 1861 3487 1932 3550; x_wconf 83' lang='lat' dir='ltr'>fidei</span> <span class='ocrx_word' id='word_1_523' title='bbox 1953 3503 2100 3566; x_wconf 88' lang='lat' dir='ltr'>propaga-</span> 
     </span>
     <span class='ocr_line' id='line_1_93' title="bbox 1354 3578 2099 3659; baseline -0.005 -15"><span class='ocrx_word' id='word_1_524' title='bbox 1354 3583 1452 3657; x_wconf 89' lang='lat' dir='ltr'>tione,</span> <span class='ocrx_word' id='word_1_525' title='bbox 1475 3581 1642 3659; x_wconf 92' lang='lat' dir='ltr'>amplietur</span> <span class='ocrx_word' id='word_1_526' title='bbox 1662 3595 1787 3657; x_wconf 89' lang='lat' dir='ltr'>quoque</span> <span class='ocrx_word' id='word_1_527' title='bbox 1808 3578 1933 3657; x_wconf 89' lang='lat' dir='ltr'>praelati</span> <span class='ocrx_word' id='word_1_528' title='bbox 1962 3579 1993 3642; x_wconf 90' lang='lat' dir='ltr'>S.</span> <span class='ocrx_word' id='word_1_529' title='bbox 2019 3580 2099 3641; x_wconf 85' lang='lat' dir='ltr'>Tho-</span> 
     </span>
     <span class='ocr_line' id='line_1_94' title="bbox 1354 3673 2099 3752; baseline -0.005 -14"><span class='ocrx_word' id='word_1_530' title='bbox 1354 3693 1421 3738; x_wconf 92' lang='lat' dir='ltr'>mae</span> <span class='ocrx_word' id='word_1_531' title='bbox 1442 3674 1605 3752; x_wconf 78' lang='lat' dir='ltr'>Aquinatis</span> <span class='ocrx_word' id='word_1_532' title='bbox 1625 3673 1781 3748; x_wconf 91' lang='lat' dir='ltr'>doctrina,</span> <span class='ocrx_word' id='word_1_533' title='bbox 1804 3673 1951 3750; x_wconf 88' lang='lat' dir='ltr'>illiusque</span> <span class='ocrx_word' id='word_1_534' title='bbox 1971 3673 2099 3736; x_wconf 89' lang='lat' dir='ltr'>studiosi</span> 
     </span>
     <span class='ocr_line' id='line_1_95' title="bbox 1353 3765 2101 3846; baseline -0.001 -17"><span class='ocrx_word' id='word_1_535' title='bbox 1353 3777 1384 3831; x_wconf 86' lang='lat' dir='ltr'>et</span> <span class='ocrx_word' id='word_1_536' title='bbox 1393 3784 1537 3846; x_wconf 86' lang='lat' dir='ltr'>sequaces</span> <span class='ocrx_word' id='word_1_537' title='bbox 1549 3765 1660 3828; x_wconf 88' lang='lat' dir='ltr'>damna</span> <span class='ocrx_word' id='word_1_538' title='bbox 1675 3773 1706 3828; x_wconf 90' lang='lat' dir='ltr'>et</span> <span class='ocrx_word' id='word_1_539' title='bbox 1717 3765 1912 3844; x_wconf 89' lang='lat' dir='ltr'>praeiudicia,</span> <span class='ocrx_word' id='word_1_540' title='bbox 1924 3781 2004 3842; x_wconf 91' lang='lat' dir='ltr'>quae</span> <span class='ocrx_word' id='word_1_541' title='bbox 2016 3782 2101 3828; x_wconf 91' lang='lat' dir='ltr'>nunc</span> 
     </span>
     <span class='ocr_line' id='line_1_96' title="bbox 1352 3858 2100 3938; baseline -0.005 -16"><span class='ocrx_word' id='word_1_542' title='bbox 1352 3861 1527 3935; x_wconf 89' lang='lat' dir='ltr'>sustinent,</span> <span class='ocrx_word' id='word_1_543' title='bbox 1559 3859 1693 3938; x_wconf 89' lang='lat' dir='ltr'>amplius</span> <span class='ocrx_word' id='word_1_544' title='bbox 1720 3873 1783 3919; x_wconf 91' lang='lat' dir='ltr'>non</span> <span class='ocrx_word' id='word_1_545' title='bbox 1810 3858 1981 3935; x_wconf 87' lang='lat' dir='ltr'>patiantur:</span> <span class='ocrx_word' id='word_1_546' title='bbox 2012 3858 2100 3920; x_wconf 90' lang='lat' dir='ltr'>nobis</span> 
     </span>
     <span class='ocr_line' id='line_1_97' title="bbox 1354 3951 2101 4034; baseline -0.007 -19"><span class='ocrx_word' id='word_1_547' title='bbox 1354 3962 1514 4034; x_wconf 89' lang='lat' dir='ltr'>propterea</span> <span class='ocrx_word' id='word_1_548' title='bbox 1542 3952 1624 4014; x_wconf 90' lang='lat' dir='ltr'>idem</span> <span class='ocrx_word' id='word_1_549' title='bbox 1646 3951 1769 4012; x_wconf 89' lang='lat' dir='ltr'>lacobus</span> <span class='ocrx_word' id='word_1_550' title='bbox 1800 3959 1981 4028; x_wconf 89' lang='lat' dir='ltr'>procurator</span> <span class='ocrx_word' id='word_1_551' title='bbox 2008 3965 2101 4026; x_wconf 90' lang='lat' dir='ltr'>geue·</span> 
     </span>
     <span class='ocr_line' id='line_1_98' title="bbox 1353 4042 2099 4124; baseline -0.007 -16"><span class='ocrx_word' id='word_1_552' title='bbox 1353 4047 1424 4108; x_wconf 89' lang='lat' dir='ltr'>ralis</span> <span class='ocrx_word' id='word_1_553' title='bbox 1439 4046 1566 4124; x_wconf 88' lang='lat' dir='ltr'>praelati</span> <span class='ocrx_word' id='word_1_554' title='bbox 1580 4044 1700 4108; x_wconf 87' lang='lat' dir='ltr'>Ordinis</span> <span class='ocrx_word' id='word_1_555' title='bbox 1716 4043 1843 4105; x_wconf 88' lang='lat' dir='ltr'>nomino</span> <span class='ocrx_word' id='word_1_556' title='bbox 1853 4042 2016 4104; x_wconf 92' lang='lat' dir='ltr'>humiliter</span> <span class='ocrx_word' id='word_1_557' title='bbox 2029 4059 2099 4121; x_wconf 90' lang='lat' dir='ltr'>sup-</span> 
     </span>
     <span class='ocr_line' id='line_1_99' title="bbox 1354 4135 2102 4220; baseline -0.005 -18"><span class='ocrx_word' id='word_1_558' title='bbox 1354 4140 1459 4220; x_wconf 91' lang='lat' dir='ltr'>plicari</span> <span class='ocrx_word' id='word_1_559' title='bbox 1485 4140 1569 4213; x_wconf 88' lang='lat' dir='ltr'>lecit,</span> <span class='ocrx_word' id='word_1_560' title='bbox 1597 4145 1632 4200; x_wconf 96' lang='lat' dir='ltr'>ut</span> <span class='ocrx_word' id='word_1_561' title='bbox 1660 4137 1692 4198; x_wconf 92' lang='lat' dir='ltr'>in</span> <span class='ocrx_word' id='word_1_562' title='bbox 1721 4135 1895 4214; x_wconf 86' lang='lat' dir='ltr'>praemissis</span> <span class='ocrx_word' id='word_1_563' title='bbox 1926 4141 2102 4214; x_wconf 90' lang='lat' dir='ltr'>opportune</span> 
     </span>
     <span class='ocr_line' id='line_1_100' title="bbox 1354 4227 2100 4314; baseline -0.007 -19"><span class='ocrx_word' id='word_1_564' title='bbox 1354 4234 1516 4314; x_wconf 90' lang='lat' dir='ltr'>providere</span> <span class='ocrx_word' id='word_1_565' title='bbox 1537 4232 1574 4294; x_wconf 89' lang='lat' dir='ltr'>de</span> <span class='ocrx_word' id='word_1_566' title='bbox 1596 4230 1787 4306; x_wconf 87' lang='lat' dir='ltr'>benignitate</span> <span class='ocrx_word' id='word_1_567' title='bbox 1811 4227 1972 4307; x_wconf 78' lang='lat' dir='ltr'>apostolici</span> <span class='ocrx_word' id='word_1_568' title='bbox 1994 4229 2100 4306; x_wconf 90' lang='lat' dir='ltr'>digna·</span> 
     </span>
     <span class='ocr_line' id='line_1_101' title="bbox 1354 4343 1471 4390; baseline -0.026 -1"><span class='ocrx_word' id='word_1_569' title='bbox 1354 4343 1471 4390; x_wconf 92' lang='lat' dir='ltr'>remur.</span> 
     </span>
    </p>

    <p class='ocr_par' dir='ltr' id='par_1_9' title="bbox 1393 4416 2102 4496">
     <span class='ocr_line' id='line_1_102' title="bbox 1393 4416 2102 4496; baseline 0 -16"><span class='ocrx_word' id='word_1_570' title='bbox 1393 4419 1462 4493; x_wconf 68' lang='lat'>§3-</span> <span class='ocrx_word' id='word_1_571' title='bbox 1488 4417 1548 4479; x_wconf 89' lang='lat' dir='ltr'>Nos</span> <span class='ocrx_word' id='word_1_572' title='bbox 1570 4416 1676 4493; x_wconf 91' lang='lat' dir='ltr'>igitur,</span> <span class='ocrx_word' id='word_1_573' title='bbox 1700 4417 1802 4494; x_wconf 88' lang='lat' dir='ltr'>ipsum</span> <span class='ocrx_word' id='word_1_574' title='bbox 1831 4418 1972 4480; x_wconf 89' lang='lat' dir='ltr'>iacobum</span> <span class='ocrx_word' id='word_1_575' title='bbox 1994 4435 2102 4496; x_wconf 90' lang='lat' dir='ltr'>procu-</span> 
     </span>
    </p>
   </div>
   <div class='ocr_carea' id='block_1_8' title="bbox 2127 553 2329 610">
    <p class='ocr_par' dir='ltr' id='par_1_10' title="bbox 2127 426 2427 616">
     <span class='ocr_line' id='line_1_103' title="bbox 2127 553 2329 610; baseline -0.007 -2"><span class='ocrx_word' id='word_1_576' title='bbox 2127 553 2182 608; x_wconf 74' lang='grc' dir='ltr'>Διι.</span> <span class='ocrx_word' id='word_1_577' title='bbox 2197 555 2229 610; x_wconf 82' lang='grc'>0.</span> <span class='ocrx_word' id='word_1_578' title='bbox 2250 553 2329 607; x_wconf 80' lang='lat'><strong>1685</strong></span> 
     </span>
    </p>
   </div>
   <div class='ocr_carea' id='block_1_9' title="bbox 2133 4423 2336 4524">
    <p class='ocr_par' dir='ltr' id='par_1_11' title="bbox 2133 4423 2336 4524">
     <span class='ocr_line' id='line_1_104' title="bbox 2153 4423 2336 4488; baseline 0.027 -22"><span class='ocrx_word' id='word_1_579' title='bbox 2153 4423 2291 4486; x_wconf 72' lang='lat' dir='ltr'>praedictis</span> <span class='ocrx_word' id='word_1_580' title='bbox 2307 4427 2336 4488; x_wconf 82' lang='lat' dir='ltr'>tlt</span> 
     </span>
     <span class='ocr_line' id='line_1_105' title="bbox 2133 4483 2336 4524; baseline 0.02 -4"><span class='ocrx_word' id='word_1_581' title='bbox 2133 4483 2336 4524; x_wconf 82' lang='lat' dir='ltr'>communicatio</span> 
     </span>
    </p>
   </div>
   <div class='ocr_carea' id='block_1_10' title="bbox 1354 4511 2334 4589">
    <p class='ocr_par' dir='ltr' id='par_1_12' title="bbox 1354 4511 2334 4589">
     <span class='ocr_line' id='line_1_106' title="bbox 1354 4511 2334 4589; baseline 0.002 -15"><span class='ocrx_word' id='word_1_582' title='bbox 1354 4521 1489 4574; x_wconf 78' lang='lat' dir='ltr'>rator-em</span> <span class='ocrx_word' id='word_1_583' title='bbox 1524 4512 1703 4587; x_wconf 82' lang='lat' dir='ltr'>generalem</span> <span class='ocrx_word' id='word_1_584' title='bbox 1729 4511 1910 4589; x_wconf 90' lang='lat' dir='ltr'>specialibus</span> <span class='ocrx_word' id='word_1_585' title='bbox 1946 4511 2102 4576; x_wconf 86' lang='lat' dir='ltr'>lareribus</span> <span class='ocrx_word' id='word_1_586' title='bbox 2121 4529 2334 4586; x_wconf 73' lang='lat' dir='ltr'>privilegiorum,</span> 
     </span>
    </p>
   </div>
   <div class='ocr_carea' id='block_1_11' title="bbox 1354 4593 2334 4684">
    <p class='ocr_par' dir='ltr' id='par_1_13' title="bbox 1354 4593 2334 4684">
     <span class='ocr_line' id='line_1_107' title="bbox 1354 4593 2334 4684; baseline 0.004 -17"><span class='ocrx_word' id='word_1_587' title='bbox 1354 4615 1386 4668; x_wconf 91' lang='lat' dir='ltr'>et</span> <span class='ocrx_word' id='word_1_588' title='bbox 1406 4606 1512 4684; x_wconf 83' lang='lat' dir='ltr'>gratiis</span> <span class='ocrx_word' id='word_1_589' title='bbox 1534 4606 1676 4683; x_wconf 77' lang='lat' dir='ltr'>prosequi</span> <span class='ocrx_word' id='word_1_590' title='bbox 1699 4606 1851 4682; x_wconf 89' lang='lat' dir='ltr'>volentes,</span> <span class='ocrx_word' id='word_1_591' title='bbox 1867 4615 1898 4669; x_wconf 89' lang='lat' dir='ltr'>et</span> <span class='ocrx_word' id='word_1_592' title='bbox 1911 4623 1927 4665; x_wconf 89' lang='lat' dir='ltr'>a</span> <span class='ocrx_word' id='word_1_593' title='bbox 1942 4605 2102 4683; x_wconf 91' lang='lat' dir='ltr'>quibusvis</span> <span class='ocrx_word' id='word_1_594' title='bbox 2120 4593 2334 4684; x_wconf 57' lang='lat' dir='ltr'>ssss?,⁰0‡,¹{{ssffi¹¹s¹1</span> 
     </span>
    </p>
   </div>
   <div class='ocr_carea' id='block_1_12' title="bbox 1354 4688 2336 4779">
    <p class='ocr_par' dir='ltr' id='par_1_14' title="bbox 1354 4688 2336 4779">
     <span class='ocr_line' id='line_1_108' title="bbox 1354 4688 2336 4779; baseline -0.012 -15"><span class='ocrx_word' id='word_1_595' title='bbox 1354 4699 1695 4774; x_wconf 89' lang='lat' dir='ltr'>excommunicationis,</span> <span class='ocrx_word' id='word_1_596' title='bbox 1721 4699 1932 4779; x_wconf 89' lang='lat' dir='ltr'>suspensionis</span> <span class='ocrx_word' id='word_1_597' title='bbox 1953 4707 1983 4760; x_wconf 91' lang='lat' dir='ltr'>et</span> <span class='ocrx_word' id='word_1_598' title='bbox 2005 4699 2103 4761; x_wconf 89' lang='lat' dir='ltr'>inter·-</span> <span class='ocrx_word' id='word_1_599' title='bbox 2121 4688 2234 4734; x_wconf 71' lang='lat' dir='ltr'>T¹¹⁰¹⁰²⁰</span> <span class='ocrx_word' id='word_1_600' title='bbox 2269 4701 2336 4738; x_wconf 78' lang='lat'><strong>0⁰¹1·</strong></span> 
     </span>
    </p>
   </div>
   <div class='ocr_carea' id='block_1_13' title="bbox 1354 4793 2106 5984">
    <p class='ocr_par' dir='ltr' id='par_1_15' title="bbox 1354 4793 2106 5984">
     <span class='ocr_line' id='line_1_109' title="bbox 1354 4793 2101 4872; baseline -0.005 -14"><span class='ocrx_word' id='word_1_601' title='bbox 1354 4798 1441 4872; x_wconf 89' lang='lat' dir='ltr'>dicti,</span> <span class='ocrx_word' id='word_1_602' title='bbox 1463 4795 1591 4872; x_wconf 89' lang='lat' dir='ltr'>aliisque</span> <span class='ocrx_word' id='word_1_603' title='bbox 1611 4793 1823 4856; x_wconf 81' lang='lat' dir='ltr'>ecclesiasticis</span> <span class='ocrx_word' id='word_1_604' title='bbox 1843 4794 2018 4868; x_wconf 89' lang='lat' dir='ltr'>sententiis,</span> <span class='ocrx_word' id='word_1_605' title='bbox 2030 4809 2101 4856; x_wconf 91' lang='lat' dir='ltr'>cen-</span> 
     </span>
     <span class='ocr_line' id='line_1_110' title="bbox 1355 4887 2101 4966; baseline -0.007 -14"><span class='ocrx_word' id='word_1_606' title='bbox 1355 4892 1435 4953; x_wconf 90' lang='lat' dir='ltr'>suris</span> <span class='ocrx_word' id='word_1_607' title='bbox 1464 4897 1496 4950; x_wconf 90' lang='lat' dir='ltr'>ct</span> <span class='ocrx_word' id='word_1_608' title='bbox 1523 4887 1646 4966; x_wconf 87' lang='lat' dir='ltr'>poenis,</span> <span class='ocrx_word' id='word_1_609' title='bbox 1675 4903 1690 4946; x_wconf 93' lang='lat' dir='ltr'>a</span> <span class='ocrx_word' id='word_1_610' title='bbox 1713 4888 1781 4948; x_wconf 91' lang='lat' dir='ltr'>iure</span> <span class='ocrx_word' id='word_1_611' title='bbox 1810 4888 1861 4948; x_wconf 93' lang='lat' dir='ltr'>vel</span> <span class='ocrx_word' id='word_1_612' title='bbox 1888 4887 1926 4948; x_wconf 93' lang='lat' dir='ltr'>ab</span> <span class='ocrx_word' id='word_1_613' title='bbox 1957 4888 2101 4962; x_wconf 89' lang='lat' dir='ltr'>bomiue,</span> 
     </span>
     <span class='ocr_line' id='line_1_111' title="bbox 1355 4981 2103 5064; baseline -0.008 -18"><span class='ocrx_word' id='word_1_614' title='bbox 1355 4984 1464 5064; x_wconf 91' lang='lat' dir='ltr'>quavis</span> <span class='ocrx_word' id='word_1_615' title='bbox 1484 4983 1643 5045; x_wconf 90' lang='lat' dir='ltr'>occasione</span> <span class='ocrx_word' id='word_1_616' title='bbox 1664 4981 1714 5042; x_wconf 91' lang='lat' dir='ltr'>vel</span> <span class='ocrx_word' id='word_1_617' title='bbox 1734 4981 1824 5043; x_wconf 79' lang='lat' dir='ltr'>causa</span> <span class='ocrx_word' id='word_1_618' title='bbox 1845 4981 1923 5054; x_wconf 91' lang='lat' dir='ltr'>latis,</span> <span class='ocrx_word' id='word_1_619' title='bbox 1943 4981 1967 5042; x_wconf 91' lang='lat' dir='ltr'>si</span> <span class='ocrx_word' id='word_1_620' title='bbox 1990 4981 2103 5058; x_wconf 93' lang='lat' dir='ltr'>quibus</span> 
     </span>
     <span class='ocr_line' id='line_1_112' title="bbox 1356 5073 2103 5162; baseline -0.008 -22"><span class='ocrx_word' id='word_1_621' title='bbox 1356 5075 1587 5156; x_wconf 87' lang='lat' dir='ltr'>quomodolibet</span> <span class='ocrx_word' id='word_1_622' title='bbox 1599 5073 1764 5136; x_wconf 89' lang='lat' dir='ltr'>innodatus</span> <span class='ocrx_word' id='word_1_623' title='bbox 1775 5073 1891 5162; x_wconf 77' lang='lat' dir='ltr'>existit,</span> <span class='ocrx_word' id='word_1_624' title='bbox 1907 5073 1943 5133; x_wconf 90' lang='lat' dir='ltr'>ad</span> <span class='ocrx_word' id='word_1_625' title='bbox 1957 5073 2103 5135; x_wconf 87' lang='lat' dir='ltr'>ellectum</span> 
     </span>
     <span class='ocr_line' id='line_1_113' title="bbox 1356 5165 2105 5247; baseline -0.007 -17"><span class='ocrx_word' id='word_1_626' title='bbox 1356 5168 1566 5247; x_wconf 84' lang='lat' dir='ltr'>praesentium</span> <span class='ocrx_word' id='word_1_627' title='bbox 1588 5167 1748 5230; x_wconf 89' lang='lat' dir='ltr'>dumtaxat</span> <span class='ocrx_word' id='word_1_628' title='bbox 1768 5165 2034 5244; x_wconf 89' lang='lat' dir='ltr'>consequendum,</span> <span class='ocrx_word' id='word_1_629' title='bbox 2052 5165 2105 5226; x_wconf 89' lang='lat' dir='ltr'>lra-</span> 
     </span>
     <span class='ocr_line' id='line_1_114' title="bbox 1357 5258 2104 5324; baseline -0.005 0"><span class='ocrx_word' id='word_1_630' title='bbox 1357 5279 1428 5324; x_wconf 92' lang='lat' dir='ltr'>rum</span> <span class='ocrx_word' id='word_1_631' title='bbox 1448 5262 1528 5322; x_wconf 89' lang='lat' dir='ltr'>serie</span> <span class='ocrx_word' id='word_1_632' title='bbox 1559 5261 1754 5322; x_wconf 89' lang='lat' dir='ltr'>absolventes</span> <span class='ocrx_word' id='word_1_633' title='bbox 1780 5267 1811 5321; x_wconf 89' lang='lat' dir='ltr'>et</span> <span class='ocrx_word' id='word_1_634' title='bbox 1831 5259 2008 5320; x_wconf 91' lang='lat' dir='ltr'>absolutum</span> <span class='ocrx_word' id='word_1_635' title='bbox 2038 5258 2104 5320; x_wconf 88' lang='lat' dir='ltr'>lore</span> 
     </span>
     <span class='ocr_line' id='line_1_115' title="bbox 1355 5351 2104 5430; baseline -0.007 -14"><span class='ocrx_word' id='word_1_636' title='bbox 1355 5362 1534 5430; x_wconf 87' lang='lat' dir='ltr'>censentes,</span> <span class='ocrx_word' id='word_1_637' title='bbox 1557 5353 1734 5416; x_wconf 90' lang='lat' dir='ltr'>buiusrnodi</span> <span class='ocrx_word' id='word_1_638' title='bbox 1760 5351 2035 5430; x_wconf 85' lang='lat' dir='ltr'>supplicationibus</span> <span class='ocrx_word' id='word_1_639' title='bbox 2056 5351 2104 5412; x_wconf 91' lang='lat' dir='ltr'>in-</span> 
     </span>
     <span class='ocr_line' id='line_1_116' title="bbox 1355 5443 2106 5525; baseline -0.007 -16"><span class='ocrx_word' id='word_1_640' title='bbox 1355 5448 1472 5523; x_wconf 89' lang='lat' dir='ltr'>clinati,</span> <span class='ocrx_word' id='word_1_641' title='bbox 1488 5465 1520 5508; x_wconf 91' lang='lat' dir='ltr'>ac</span> <span class='ocrx_word' id='word_1_642' title='bbox 1543 5455 1720 5509; x_wconf 87' lang='lat' dir='ltr'>nostrarum</span> <span class='ocrx_word' id='word_1_643' title='bbox 1742 5445 1856 5525; x_wconf 90' lang='lat' dir='ltr'>pariter</span> <span class='ocrx_word' id='word_1_644' title='bbox 1870 5446 1904 5506; x_wconf 93' lang='lat' dir='ltr'>in</span> <span class='ocrx_word' id='word_1_645' title='bbox 1920 5443 2018 5505; x_wconf 82' lang='lat' dir='ltr'>lormit</span> <span class='ocrx_word' id='word_1_646' title='bbox 2032 5445 2106 5505; x_wconf 76' lang='lat' dir='ltr'>Bra·</span> 
     </span>
     <span class='ocr_line' id='line_1_117' title="bbox 1356 5537 2104 5616; baseline -0.007 -13"><span class='ocrx_word' id='word_1_647' title='bbox 1356 5543 1403 5603; x_wconf 91' lang='lat' dir='ltr'>vis</span> <span class='ocrx_word' id='word_1_648' title='bbox 1413 5544 1449 5604; x_wconf 95' lang='lat' dir='ltr'>ad</span> <span class='ocrx_word' id='word_1_649' title='bbox 1460 5541 1598 5602; x_wconf 84' lang='lat' dir='ltr'>lavarem</span> <span class='ocrx_word' id='word_1_650' title='bbox 1610 5539 1732 5616; x_wconf 91' lang='lat' dir='ltr'>collegii</span> <span class='ocrx_word' id='word_1_651' title='bbox 1744 5537 2104 5602; x_wconf 88' lang='lat' dir='ltr'>etuniversitatisSanoti</span> 
     </span>
     <span class='ocr_line' id='line_1_118' title="bbox 1357 5631 2101 5696; baseline -0.005 -1"><span class='ocrx_word' id='word_1_652' title='bbox 1357 5635 1492 5696; x_wconf 84' lang='lat' dir='ltr'>Tiromae</span> <span class='ocrx_word' id='word_1_653' title='bbox 1514 5634 1645 5696; x_wconf 88' lang='lat' dir='ltr'>civitatis</span> <span class='ocrx_word' id='word_1_654' title='bbox 1666 5631 1799 5694; x_wconf 86' lang='lat' dir='ltr'>lilonilae</span> <span class='ocrx_word' id='word_1_655' title='bbox 1820 5647 1903 5693; x_wconf 89' lang='lat' dir='ltr'>anne</span> <span class='ocrx_word' id='word_1_656' title='bbox 1924 5647 2101 5693; x_wconf 86' lang='lat' dir='ltr'>nocuxxxr.</span> 
     </span>
     <span class='ocr_line' id='line_1_119' title="bbox 1356 5725 2105 5802; baseline -0.007 -13"><span class='ocrx_word' id='word_1_657' title='bbox 1356 5734 1569 5790; x_wconf 79' lang='lat' dir='ltr'>emanaturum</span> <span class='ocrx_word' id='word_1_658' title='bbox 1602 5725 1776 5788; x_wconf 89' lang='lat' dir='ltr'>litterarum</span> <span class='ocrx_word' id='word_1_659' title='bbox 1799 5729 1941 5784; x_wconf 88' lang='lat' dir='ltr'>tenorem</span> <span class='ocrx_word' id='word_1_660' title='bbox 1962 5739 2105 5802; x_wconf 90' lang='lat' dir='ltr'>praesen·</span> 
     </span>
     <span class='ocr_line' id='line_1_120' title="bbox 1358 5815 2105 5898; baseline -0.005 -17"><span class='ocrx_word' id='word_1_661' title='bbox 1358 5820 1438 5881; x_wconf 92' lang='lat' dir='ltr'>tibus</span> <span class='ocrx_word' id='word_1_662' title='bbox 1461 5835 1515 5898; x_wconf 94' lang='lat' dir='ltr'>pro</span> <span class='ocrx_word' id='word_1_663' title='bbox 1537 5817 1628 5897; x_wconf 92' lang='lat' dir='ltr'>plene</span> <span class='ocrx_word' id='word_1_664' title='bbox 1649 5823 1680 5878; x_wconf 88' lang='lat' dir='ltr'>et</span> <span class='ocrx_word' id='word_1_665' title='bbox 1701 5815 1892 5878; x_wconf 86' lang='lat' dir='ltr'>sufficienter</span> <span class='ocrx_word' id='word_1_666' title='bbox 1913 5831 2057 5894; x_wconf 89' lang='lat' dir='ltr'>expresso</span> <span class='ocrx_word' id='word_1_667' title='bbox 2071 5831 2105 5877; x_wconf 88' lang='lat' dir='ltr'>ac</span> 
     </span>
     <span class='ocr_line' id='line_1_121' title="bbox 1356 5907 2105 5984; baseline -0.004 -9"><span class='ocrx_word' id='word_1_668' title='bbox 1356 5914 1394 5975; x_wconf 87' lang='lat' dir='ltr'>de</span> <span class='ocrx_word' id='word_1_669' title='bbox 1408 5911 1503 5972; x_wconf 90' lang='lat' dir='ltr'>verba</span> <span class='ocrx_word' id='word_1_670' title='bbox 1528 5912 1565 5973; x_wconf 91' lang='lat' dir='ltr'>ad</span> <span class='ocrx_word' id='word_1_671' title='bbox 1586 5909 1719 5972; x_wconf 90' lang='lat' dir='ltr'>verbum</span> <span class='ocrx_word' id='word_1_672' title='bbox 1746 5907 1865 5972; x_wconf 88' lang='lat' dir='ltr'>inserto</span> <span class='ocrx_word' id='word_1_673' title='bbox 1886 5907 2044 5984; x_wconf 86' lang='lat' dir='ltr'>babentes,</span> <span class='ocrx_word' id='word_1_674' title='bbox 2067 5909 2105 5972; x_wconf 87' lang='lat' dir='ltr'>de</span> 
     </span>
    </p>
   </div>
   <div class='ocr_carea' id='block_1_14' title="bbox 2121 4753 2256 4789">
    <p class='ocr_par' dir='ltr' id='par_1_16' title="bbox 2121 4753 2256 4789">
     <span class='ocr_line' id='line_1_122' title="bbox 2121 4753 2256 4789; baseline -0.015 0"><span class='ocrx_word' id='word_1_675' title='bbox 2121 4753 2256 4789; x_wconf 73' lang='lat' dir='ltr'>sessorum.</span> 
     </span>
    </p>
   </div>
   <div class='ocr_carea' id='block_1_15' title="bbox 0 0 2449 6980">
    <p class='ocr_par' dir='ltr' id='par_1_17' title="bbox 0 0 2449 6980">
     <span class='ocr_line' id='line_1_123' title="bbox 0 0 2449 6980; baseline 0 0"><span class='ocrx_word' id='word_1_676' title='bbox 0 0 2449 6980; x_wconf 95' lang='lat' dir='ltr'> </span> 
     </span>
    </p>
   </div>
  </div>
 </body>
</html>
