<?xml version="1.0" encoding="UTF-8"?>
<!DOCTYPE html PUBLIC "-//W3C//DTD XHTML 1.0 Transitional//EN"
    "http://www.w3.org/TR/xhtml1/DTD/xhtml1-transitional.dtd">
<html xmlns="http://www.w3.org/1999/xhtml" xml:lang="en" lang="en">
 <head>
  <title>
</title>
<meta http-equiv="Content-Type" content="text/html;charset=utf-8" />
  <meta name='ocr-system' content='tesseract 3.04.00' />
  <meta name='ocr-capabilities' content='ocr_page ocr_carea ocr_par ocr_line ocrx_word'/>
</head>
<body>
  <div class='ocr_page' id='page_1' title='image "./iurispontificii04martgoog_0107.png"; bbox 0 0 4848 6990; ppageno 0'>
   <div class='ocr_carea' id='block_1_1' title="bbox 96 550 295 616">
    <p class='ocr_par' dir='ltr' id='par_1_1' title="bbox 96 550 295 616">
     <span class='ocr_line' id='line_1_1' title="bbox 96 550 295 616; baseline 0.015 -3"><span class='ocrx_word' id='word_1_1' title='bbox 96 557 151 616; x_wconf 73' lang='lat' dir='ltr'>Aa.</span> <span class='ocrx_word' id='word_1_2' title='bbox 166 561 201 614; x_wconf 80' lang='lat' dir='ltr'>O.</span> <span class='ocrx_word' id='word_1_3' title='bbox 223 550 295 616; x_wconf 61' lang='lat'>1338?</span> 
     </span>
    </p>
   </div>
   <div class='ocr_carea' id='block_1_2' title="bbox 964 577 1238 636">
    <p class='ocr_par' dir='ltr' id='par_1_2' title="bbox 964 577 1238 636">
     <span class='ocr_line' id='line_1_2' title="bbox 964 577 1238 636; baseline 0 -2"><span class='ocrx_word' id='word_1_4' title='bbox 964 577 1172 636; x_wconf 82' lang='lat' dir='ltr'>lusdcmvarus</span> <span class='ocrx_word' id='word_1_5' title='bbox 1193 582 1238 634; x_wconf 84' lang='lat' dir='ltr'>xl.</span> 
     </span>
    </p>
   </div>
   <div class='ocr_carea' id='block_1_3' title="bbox 325 697 1073 1635">
    <p class='ocr_par' dir='ltr' id='par_1_3' title="bbox 325 697 1073 1635">
     <span class='ocr_line' id='line_1_3' title="bbox 325 697 1069 780; baseline 0.012 -21"><span class='ocrx_word' id='word_1_6' title='bbox 325 697 444 760; x_wconf 91' lang='lat' dir='ltr'>deatur.</span> <span class='ocrx_word' id='word_1_7' title='bbox 469 699 507 762; x_wconf 84' lang='lat' dir='ltr'>m</span> <span class='ocrx_word' id='word_1_8' title='bbox 528 698 578 762; x_wconf 91' lang='lat' dir='ltr'>his</span> <span class='ocrx_word' id='word_1_9' title='bbox 607 701 754 780; x_wconf 90' lang='lat' dir='ltr'>peractis,</span> <span class='ocrx_word' id='word_1_10' title='bbox 776 703 936 767; x_wconf 77' lang='lat' dir='ltr'>schedulas</span> <span class='ocrx_word' id='word_1_11' title='bbox 963 705 1069 770; x_wconf 91' lang='lat' dir='ltr'>buius-</span> 
     </span>
     <span class='ocr_line' id='line_1_4' title="bbox 326 793 1070 872; baseline 0.011 -16"><span class='ocrx_word' id='word_1_12' title='bbox 326 793 409 856; x_wconf 85' lang='lat' dir='ltr'>modi</span> <span class='ocrx_word' id='word_1_13' title='bbox 429 794 624 872; x_wconf 90' lang='lat' dir='ltr'>complicatas</span> <span class='ocrx_word' id='word_1_14' title='bbox 638 796 722 858; x_wconf 78' lang='lat' dir='ltr'>iuxta</span> <span class='ocrx_word' id='word_1_15' title='bbox 736 797 878 862; x_wconf 82' lang='lat' dir='ltr'>ordinem</span> <span class='ocrx_word' id='word_1_16' title='bbox 894 815 1003 862; x_wconf 89' lang='lat' dir='ltr'>eorum</span> <span class='ocrx_word' id='word_1_17' title='bbox 1017 817 1070 864; x_wconf 93' lang='lat' dir='ltr'>an·</span> 
     </span>
     <span class='ocr_line' id='line_1_5' title="bbox 325 889 1070 968; baseline 0.013 -18"><span class='ocrx_word' id='word_1_18' title='bbox 325 889 476 967; x_wconf 90' lang='lat' dir='ltr'>tiquitatis</span> <span class='ocrx_word' id='word_1_19' title='bbox 492 889 654 968; x_wconf 91' lang='lat' dir='ltr'>prolicient</span> <span class='ocrx_word' id='word_1_20' title='bbox 668 891 701 952; x_wconf 92' lang='lat' dir='ltr'>in</span> <span class='ocrx_word' id='word_1_21' title='bbox 717 909 829 954; x_wconf 90' lang='lat' dir='ltr'>urnam</span> <span class='ocrx_word' id='word_1_22' title='bbox 843 911 898 958; x_wconf 91' lang='lat' dir='ltr'>seu</span> <span class='ocrx_word' id='word_1_23' title='bbox 909 897 1070 960; x_wconf 80' lang='lat' dir='ltr'><strong>vasculum</strong></span> 
     </span>
     <span class='ocr_line' id='line_1_6' title="bbox 327 981 1072 1065; baseline 0.016 -23"><span class='ocrx_word' id='word_1_24' title='bbox 327 981 362 1042; x_wconf 93' lang='lat' dir='ltr'>ad</span> <span class='ocrx_word' id='word_1_25' title='bbox 384 982 415 1045; x_wconf 88' lang='lat' dir='ltr'>id</span> <span class='ocrx_word' id='word_1_26' title='bbox 435 983 647 1048; x_wconf 91' lang='lat' dir='ltr'>collocandum</span> <span class='ocrx_word' id='word_1_27' title='bbox 675 1003 769 1065; x_wconf 89' lang='lat' dir='ltr'>super</span> <span class='ocrx_word' id='word_1_28' title='bbox 793 989 909 1065; x_wconf 83' lang='lat' dir='ltr'>mensal,</span> <span class='ocrx_word' id='word_1_29' title='bbox 932 999 1005 1054; x_wconf 90' lang='lat' dir='ltr'>ante</span> <span class='ocrx_word' id='word_1_30' title='bbox 1026 993 1072 1054; x_wconf 87' lang='lat' dir='ltr'>vi-</span> 
     </span>
     <span class='ocr_line' id='line_1_7' title="bbox 327 1077 1072 1158; baseline 0.015 -20"><span class='ocrx_word' id='word_1_31' title='bbox 327 1077 443 1138; x_wconf 88' lang='lat' dir='ltr'>carium</span> <span class='ocrx_word' id='word_1_32' title='bbox 464 1081 609 1158; x_wconf 80' lang='lat' dir='ltr'>apposita.</span> <span class='ocrx_word' id='word_1_33' title='bbox 633 1079 784 1144; x_wconf 86' lang='lat' dir='ltr'><strong>Omnibus</strong></span> <span class='ocrx_word' id='word_1_34' title='bbox 798 1090 904 1146; x_wconf 90' lang='lat' dir='ltr'>autem</span> <span class='ocrx_word' id='word_1_35' title='bbox 917 1085 1072 1148; x_wconf 82' lang='lat' dir='ltr'>schedulis</span> 
     </span>
     <span class='ocr_line' id='line_1_8' title="bbox 327 1170 1072 1246; baseline 0.015 -16"><span class='ocrx_word' id='word_1_36' title='bbox 327 1170 439 1246; x_wconf 91' lang='lat' dir='ltr'>allatis,</span> <span class='ocrx_word' id='word_1_37' title='bbox 472 1187 552 1235; x_wconf 90' lang='lat' dir='ltr'>urna</span> <span class='ocrx_word' id='word_1_38' title='bbox 575 1174 749 1238; x_wconf 83' lang='lat' dir='ltr'>huiusmodi</span> <span class='ocrx_word' id='word_1_39' title='bbox 781 1192 884 1238; x_wconf 88' lang='lat' dir='ltr'>coram</span> <span class='ocrx_word' id='word_1_40' title='bbox 905 1177 1019 1240; x_wconf 91' lang='lat' dir='ltr'>vicario</span> <span class='ocrx_word' id='word_1_41' title='bbox 1040 1187 1072 1241; x_wconf 91' lang='lat' dir='ltr'>et</span> 
     </span>
     <span class='ocr_line' id='line_1_9' title="bbox 328 1264 1071 1350; baseline 0.007 -23"><span class='ocrx_word' id='word_1_42' title='bbox 328 1264 446 1327; x_wconf 90' lang='lat' dir='ltr'>duobus</span> <span class='ocrx_word' id='word_1_43' title='bbox 467 1264 612 1330; x_wconf 86' lang='lat' dir='ltr'>fratribus</span> <span class='ocrx_word' id='word_1_44' title='bbox 633 1268 845 1332; x_wconf 73' lang='lat' dir='ltr'>assistentibus</span> <span class='ocrx_word' id='word_1_45' title='bbox 860 1287 899 1332; x_wconf 80' lang='lat' dir='ltr'>er</span> <span class='ocrx_word' id='word_1_46' title='bbox 919 1273 1071 1350; x_wconf 88' lang='lat' dir='ltr'>antiquio-</span> 
     </span>
     <span class='ocr_line' id='line_1_10' title="bbox 327 1358 1072 1438; baseline 0.013 -20"><span class='ocrx_word' id='word_1_47' title='bbox 327 1358 411 1420; x_wconf 83' lang='lat' dir='ltr'>ribus</span> <span class='ocrx_word' id='word_1_48' title='bbox 425 1359 594 1438; x_wconf 90' lang='lat' dir='ltr'>aperietur,</span> <span class='ocrx_word' id='word_1_49' title='bbox 610 1369 641 1422; x_wconf 89' lang='lat' dir='ltr'>et</span> <span class='ocrx_word' id='word_1_50' title='bbox 656 1364 692 1425; x_wconf 91' lang='lat' dir='ltr'>de</span> <span class='ocrx_word' id='word_1_51' title='bbox 707 1364 924 1428; x_wconf 81' lang='lat' dir='ltr'>schedularum</span> <span class='ocrx_word' id='word_1_52' title='bbox 939 1382 1072 1428; x_wconf 92' lang='lat' dir='ltr'>numero</span> 
     </span>
     <span class='ocr_line' id='line_1_11' title="bbox 328 1453 1073 1538; baseline 0.015 -25"><span class='ocrx_word' id='word_1_53' title='bbox 328 1453 502 1514; x_wconf 89' lang='lat' dir='ltr'>numeratio</span> <span class='ocrx_word' id='word_1_54' title='bbox 514 1454 578 1529; x_wconf 85' lang='lat' dir='ltr'>liet,</span> <span class='ocrx_word' id='word_1_55' title='bbox 595 1455 694 1534; x_wconf 88' lang='lat' dir='ltr'>iisque</span> <span class='ocrx_word' id='word_1_56' title='bbox 708 1459 873 1536; x_wconf 80' lang='lat' dir='ltr'>compertis</span> <span class='ocrx_word' id='word_1_57' title='bbox 887 1460 999 1538; x_wconf 90' lang='lat' dir='ltr'>absque</span> <span class='ocrx_word' id='word_1_58' title='bbox 1015 1478 1073 1524; x_wconf 92' lang='lat' dir='ltr'>nu·</span> 
     </span>
     <span class='ocr_line' id='line_1_12' title="bbox 328 1546 1073 1635; baseline 0.013 -27"><span class='ocrx_word' id='word_1_59' title='bbox 328 1547 406 1608; x_wconf 93' lang='lat' dir='ltr'>meri</span> <span class='ocrx_word' id='word_1_60' title='bbox 427 1546 549 1610; x_wconf 89' lang='lat' dir='ltr'>delectu</span> <span class='ocrx_word' id='word_1_61' title='bbox 570 1556 601 1611; x_wconf 90' lang='lat' dir='ltr'>et</span> <span class='ocrx_word' id='word_1_62' title='bbox 622 1549 735 1628; x_wconf 88' lang='lat' dir='ltr'>absque</span> <span class='ocrx_word' id='word_1_63' title='bbox 760 1567 898 1629; x_wconf 83' lang='lat' dir='ltr'>excessu,</span> <span class='ocrx_word' id='word_1_64' title='bbox 922 1554 1073 1635; x_wconf 86' lang='lat' dir='ltr'>incipient</span> 
     </span>
    </p>
   </div>
   <div class='ocr_carea' id='block_1_4' title="bbox 294 1641 1073 1726">
    <p class='ocr_par' dir='ltr' id='par_1_4' title="bbox 294 1641 1073 1726">
     <span class='ocr_line' id='line_1_13' title="bbox 294 1641 1073 1726; baseline 0.013 -24"><span class='ocrx_word' id='word_1_65' title='bbox 294 1717 296 1722; x_wconf 23' lang='grc' dir='ltr'>Ι</span> <span class='ocrx_word' id='word_1_66' title='bbox 328 1641 437 1720; x_wconf 90' lang='lat' dir='ltr'>aperiri</span> <span class='ocrx_word' id='word_1_67' title='bbox 460 1642 492 1702; x_wconf 91' lang='lat' dir='ltr'>ln</span> <span class='ocrx_word' id='word_1_68' title='bbox 513 1643 547 1703; x_wconf 79' lang='lat' dir='ltr'>ea</span> <span class='ocrx_word' id='word_1_69' title='bbox 568 1650 666 1720; x_wconf 91' lang='lat' dir='ltr'>parte,</span> <span class='ocrx_word' id='word_1_70' title='bbox 683 1645 714 1706; x_wconf 91' lang='lat' dir='ltr'>ln</span> <span class='ocrx_word' id='word_1_71' title='bbox 731 1662 789 1724; x_wconf 90' lang='lat' dir='ltr'>qua</span> <span class='ocrx_word' id='word_1_72' title='bbox 810 1646 999 1726; x_wconf 90' lang='lat' dir='ltr'>descriptum</span> <span class='ocrx_word' id='word_1_73' title='bbox 1014 1651 1073 1712; x_wconf 90' lang='lat' dir='ltr'>erit</span> 
     </span>
    </p>
   </div>
   <div class='ocr_carea' id='block_1_5' title="bbox 327 1735 1104 6020">
    <p class='ocr_par' dir='ltr' id='par_1_5' title="bbox 327 1735 1086 4804">
     <span class='ocr_line' id='line_1_14' title="bbox 328 1735 1071 1820; baseline 0.011 -22"><span class='ocrx_word' id='word_1_74' title='bbox 328 1751 443 1798; x_wconf 90' lang='lat' dir='ltr'>nomen</span> <span class='ocrx_word' id='word_1_75' title='bbox 455 1735 603 1814; x_wconf 87' lang='lat' dir='ltr'>eligendi,</span> <span class='ocrx_word' id='word_1_76' title='bbox 616 1738 722 1800; x_wconf 80' lang='lat' dir='ltr'>relicta</span> <span class='ocrx_word' id='word_1_77' title='bbox 734 1740 856 1818; x_wconf 85' lang='lat' dir='ltr'>integra</span> <span class='ocrx_word' id='word_1_78' title='bbox 867 1742 962 1804; x_wconf 79' lang='lat' dir='ltr'>altera</span> <span class='ocrx_word' id='word_1_79' title='bbox 974 1750 1071 1820; x_wconf 90' lang='lat' dir='ltr'>parte,</span> 
     </span>
     <span class='ocr_line' id='line_1_15' title="bbox 327 1829 1071 1912; baseline 0.008 -20"><span class='ocrx_word' id='word_1_80' title='bbox 327 1829 361 1892; x_wconf 90' lang='lat' dir='ltr'>in</span> <span class='ocrx_word' id='word_1_81' title='bbox 382 1847 441 1908; x_wconf 90' lang='lat' dir='ltr'>qua</span> <span class='ocrx_word' id='word_1_82' title='bbox 462 1837 508 1892; x_wconf 87' lang='lat' dir='ltr'>est</span> <span class='ocrx_word' id='word_1_83' title='bbox 530 1846 644 1892; x_wconf 89' lang='lat' dir='ltr'>nomen</span> <span class='ocrx_word' id='word_1_84' title='bbox 660 1831 812 1909; x_wconf 86' lang='lat' dir='ltr'>eligentis.</span> <span class='ocrx_word' id='word_1_85' title='bbox 838 1835 876 1898; x_wconf 88' lang='lat' dir='ltr'>Et</span> <span class='ocrx_word' id='word_1_86' title='bbox 889 1837 1071 1912; x_wconf 84' lang='lat' dir='ltr'>successive,</span> 
     </span>
     <span class='ocr_line' id='line_1_16' title="bbox 328 1923 1073 2002; baseline 0.011 -18"><span class='ocrx_word' id='word_1_87' title='bbox 328 1929 420 2002; x_wconf 88' lang='lat' dir='ltr'>prout</span> <span class='ocrx_word' id='word_1_88' title='bbox 441 1923 630 2001; x_wconf 91' lang='lat' dir='ltr'>aperientur,</span> <span class='ocrx_word' id='word_1_89' title='bbox 652 1925 690 1986; x_wconf 94' lang='lat' dir='ltr'>ab</span> <span class='ocrx_word' id='word_1_90' title='bbox 711 1927 820 1990; x_wconf 89' lang='lat' dir='ltr'>iisdem</span> <span class='ocrx_word' id='word_1_91' title='bbox 841 1929 955 1992; x_wconf 89' lang='lat' dir='ltr'>vicario</span> <span class='ocrx_word' id='word_1_92' title='bbox 977 1937 1009 1992; x_wconf 90' lang='lat' dir='ltr'>et</span> <span class='ocrx_word' id='word_1_93' title='bbox 1030 1947 1073 1992; x_wconf 90' lang='lat' dir='ltr'>as-</span> 
     </span>
     <span class='ocr_line' id='line_1_17' title="bbox 328 2017 1073 2098; baseline 0.008 -20"><span class='ocrx_word' id='word_1_94' title='bbox 328 2017 508 2080; x_wconf 87' lang='lat' dir='ltr'>sistentibus</span> <span class='ocrx_word' id='word_1_95' title='bbox 540 2028 820 2098; x_wconf 79' lang='lat' dir='ltr'>recognoscentur,</span> <span class='ocrx_word' id='word_1_96' title='bbox 850 2031 880 2084; x_wconf 89' lang='lat' dir='ltr'>et</span> <span class='ocrx_word' id='word_1_97' title='bbox 910 2023 969 2084; x_wconf 81' lang='lat' dir='ltr'>alta</span> <span class='ocrx_word' id='word_1_98' title='bbox 999 2041 1073 2086; x_wconf 91' lang='lat' dir='ltr'>voce</span> 
     </span>
     <span class='ocr_line' id='line_1_18' title="bbox 328 2111 1076 2191; baseline 0.012 -20"><span class='ocrx_word' id='word_1_99' title='bbox 328 2127 383 2190; x_wconf 93' lang='lat' dir='ltr'>per</span> <span class='ocrx_word' id='word_1_100' title='bbox 396 2111 598 2174; x_wconf 89' lang='lat' dir='ltr'>secretarium</span> <span class='ocrx_word' id='word_1_101' title='bbox 610 2113 849 2191; x_wconf 85' lang='lat' dir='ltr'>publicabuntur</span> <span class='ocrx_word' id='word_1_102' title='bbox 860 2116 986 2178; x_wconf 91' lang='lat' dir='ltr'>nomina</span> <span class='ocrx_word' id='word_1_103' title='bbox 996 2117 1076 2180; x_wconf 89' lang='lat' dir='ltr'>elec-</span> 
     </span>
     <span class='ocr_line' id='line_1_19' title="bbox 329 2205 1075 2288; baseline 0.005 -22"><span class='ocrx_word' id='word_1_104' title='bbox 329 2210 445 2278; x_wconf 90' lang='lat' dir='ltr'>torum,</span> <span class='ocrx_word' id='word_1_105' title='bbox 468 2211 510 2280; x_wconf 89' lang='lat' dir='ltr'>et,</span> <span class='ocrx_word' id='word_1_106' title='bbox 530 2212 623 2283; x_wconf 90' lang='lat' dir='ltr'>prout</span> <span class='ocrx_word' id='word_1_107' title='bbox 645 2205 677 2268; x_wconf 94' lang='lat' dir='ltr'>in</span> <span class='ocrx_word' id='word_1_108' title='bbox 699 2222 888 2288; x_wconf 89' lang='lat' dir='ltr'>unoquoque</span> <span class='ocrx_word' id='word_1_109' title='bbox 915 2215 986 2270; x_wconf 90' lang='lat' dir='ltr'>vota</span> <span class='ocrx_word' id='word_1_110' title='bbox 1008 2211 1075 2271; x_wconf 92' lang='lat' dir='ltr'>data</span> 
     </span>
     <span class='ocr_line' id='line_1_20' title="bbox 329 2297 1075 2375; baseline 0.011 -17"><span class='ocrx_word' id='word_1_111' title='bbox 329 2297 544 2375; x_wconf 91' lang='lat' dir='ltr'>reperientur;</span> <span class='ocrx_word' id='word_1_112' title='bbox 576 2300 807 2362; x_wconf 90' lang='lat' dir='ltr'>adnotabuntur</span> <span class='ocrx_word' id='word_1_113' title='bbox 829 2301 861 2362; x_wconf 94' lang='lat' dir='ltr'>in</span> <span class='ocrx_word' id='word_1_114' title='bbox 893 2301 967 2364; x_wconf 90' lang='lat' dir='ltr'>folio</span> <span class='ocrx_word' id='word_1_115' title='bbox 988 2304 1023 2365; x_wconf 92' lang='lat' dir='ltr'>ad</span> <span class='ocrx_word' id='word_1_116' title='bbox 1045 2303 1075 2366; x_wconf 89' lang='lat' dir='ltr'>id</span> 
     </span>
     <span class='ocr_line' id='line_1_21' title="bbox 330 2390 1077 2472; baseline 0.008 -20"><span class='ocrx_word' id='word_1_117' title='bbox 330 2390 547 2466; x_wconf 87' lang='lat' dir='ltr'>destinato„et</span> <span class='ocrx_word' id='word_1_118' title='bbox 568 2394 782 2472; x_wconf 89' lang='lat' dir='ltr'>unusquisque</span> <span class='ocrx_word' id='word_1_119' title='bbox 803 2411 842 2456; x_wconf 83' lang='lat' dir='ltr'>ex</span> <span class='ocrx_word' id='word_1_120' title='bbox 862 2395 1077 2458; x_wconf 89' lang='lat' dir='ltr'>intervenien-</span> 
     </span>
     <span class='ocr_line' id='line_1_22' title="bbox 330 2481 1077 2566; baseline 0.008 -24"><span class='ocrx_word' id='word_1_121' title='bbox 330 2481 412 2544; x_wconf 87' lang='lat' dir='ltr'>tibus</span> <span class='ocrx_word' id='word_1_122' title='bbox 433 2483 467 2544; x_wconf 90' lang='lat' dir='ltr'>in</span> <span class='ocrx_word' id='word_1_123' title='bbox 489 2483 641 2546; x_wconf 84' lang='lat' dir='ltr'>electione</span> <span class='ocrx_word' id='word_1_124' title='bbox 663 2487 808 2548; x_wconf 89' lang='lat' dir='ltr'>adnotare</span> <span class='ocrx_word' id='word_1_125' title='bbox 823 2488 946 2566; x_wconf 91' lang='lat' dir='ltr'>poterit.</span> <span class='ocrx_word' id='word_1_126' title='bbox 971 2488 1077 2551; x_wconf 87' lang='lat' dir='ltr'>Omni-</span> 
     </span>
     <span class='ocr_line' id='line_1_23' title="bbox 331 2572 1077 2660; baseline 0.009 -25"><span class='ocrx_word' id='word_1_127' title='bbox 331 2572 387 2636; x_wconf 91' lang='lat' dir='ltr'>bus</span> <span class='ocrx_word' id='word_1_128' title='bbox 409 2583 513 2638; x_wconf 89' lang='lat' dir='ltr'>autem</span> <span class='ocrx_word' id='word_1_129' title='bbox 541 2578 695 2654; x_wconf 72' lang='lat' dir='ltr'>perlectis</span> <span class='ocrx_word' id='word_1_130' title='bbox 717 2579 743 2640; x_wconf 92' lang='lat' dir='ltr'>si</span> <span class='ocrx_word' id='word_1_131' title='bbox 764 2581 940 2660; x_wconf 88' lang='lat' dir='ltr'>reperiatur</span> <span class='ocrx_word' id='word_1_132' title='bbox 967 2580 1077 2660; x_wconf 93' lang='lat' dir='ltr'>aliquis</span> 
     </span>
     <span class='ocr_line' id='line_1_24' title="bbox 331 2668 1076 2754; baseline 0.011 -26"><span class='ocrx_word' id='word_1_133' title='bbox 331 2668 481 2747; x_wconf 89' lang='lat' dir='ltr'>laquem</span> <span class='ocrx_word' id='word_1_134' title='bbox 509 2680 673 2734; x_wconf 88' lang='lat' dir='ltr'>concurrat</span> <span class='ocrx_word' id='word_1_135' title='bbox 694 2673 792 2736; x_wconf 90' lang='lat' dir='ltr'>maior</span> <span class='ocrx_word' id='word_1_136' title='bbox 816 2689 886 2754; x_wconf 89' lang='lat' dir='ltr'>pars</span> <span class='ocrx_word' id='word_1_137' title='bbox 916 2682 1076 2750; x_wconf 90' lang='lat' dir='ltr'>votorum,</span> 
     </span>
     <span class='ocr_line' id='line_1_25' title="bbox 330 2761 1078 2844; baseline 0.011 -22"><span class='ocrx_word' id='word_1_138' title='bbox 330 2761 446 2826; x_wconf 90' lang='lat' dir='ltr'>scilicet</span> <span class='ocrx_word' id='word_1_139' title='bbox 467 2763 548 2826; x_wconf 91' lang='lat' dir='ltr'>ultra</span> <span class='ocrx_word' id='word_1_140' title='bbox 562 2765 759 2830; x_wconf 90' lang='lat' dir='ltr'>medietatem</span> <span class='ocrx_word' id='word_1_141' title='bbox 775 2767 972 2844; x_wconf 81' lang='lat' dir='ltr'>eligentium,</span> <span class='ocrx_word' id='word_1_142' title='bbox 989 2768 1030 2830; x_wconf 92' lang='lat' dir='ltr'>ita</span> <span class='ocrx_word' id='word_1_143' title='bbox 1043 2775 1078 2830; x_wconf 90' lang='lat' dir='ltr'>ut</span> 
     </span>
     <span class='ocr_line' id='line_1_26' title="bbox 331 2859 1079 2937; baseline 0.005 -19"><span class='ocrx_word' id='word_1_144' title='bbox 331 2871 414 2918; x_wconf 90' lang='lat' dir='ltr'>unus</span> <span class='ocrx_word' id='word_1_145' title='bbox 434 2874 527 2936; x_wconf 89' lang='lat' dir='ltr'>supra</span> <span class='ocrx_word' id='word_1_146' title='bbox 549 2859 747 2924; x_wconf 89' lang='lat' dir='ltr'>medietatem</span> <span class='ocrx_word' id='word_1_147' title='bbox 773 2862 916 2937; x_wconf 90' lang='lat' dir='ltr'>sulllciat,</span> <span class='ocrx_word' id='word_1_148' title='bbox 940 2863 965 2924; x_wconf 92' lang='lat' dir='ltr'>is</span> <span class='ocrx_word' id='word_1_149' title='bbox 985 2861 1079 2924; x_wconf 93' lang='lat' dir='ltr'>intel-</span> 
     </span>
     <span class='ocr_line' id='line_1_27' title="bbox 331 2949 1078 3034; baseline 0.008 -24"><span class='ocrx_word' id='word_1_150' title='bbox 331 2949 447 3027; x_wconf 81' lang='lat' dir='ltr'>ligatur</span> <span class='ocrx_word' id='word_1_151' title='bbox 468 2952 595 3028; x_wconf 77' lang='lat' dir='ltr'>electuS,</span> <span class='ocrx_word' id='word_1_152' title='bbox 612 2960 643 3014; x_wconf 91' lang='lat' dir='ltr'>et</span> <span class='ocrx_word' id='word_1_153' title='bbox 659 2954 769 3018; x_wconf 89' lang='lat' dir='ltr'>electio</span> <span class='ocrx_word' id='word_1_154' title='bbox 788 2955 925 3031; x_wconf 86' lang='lat' dir='ltr'>legitima</span> <span class='ocrx_word' id='word_1_155' title='bbox 940 2971 1078 3034; x_wconf 90' lang='lat' dir='ltr'>pronun·</span> 
     </span>
     <span class='ocr_line' id='line_1_28' title="bbox 332 3043 1078 3127; baseline 0.001 -22"><span class='ocrx_word' id='word_1_156' title='bbox 332 3043 474 3106; x_wconf 87' lang='lat' dir='ltr'>clabitur.</span> <span class='ocrx_word' id='word_1_157' title='bbox 507 3045 538 3110; x_wconf 91' lang='lat' dir='ltr'>Si</span> <span class='ocrx_word' id='word_1_158' title='bbox 560 3055 665 3110; x_wconf 89' lang='lat' dir='ltr'>autem</span> <span class='ocrx_word' id='word_1_159' title='bbox 687 3047 719 3109; x_wconf 94' lang='lat' dir='ltr'>in</span> <span class='ocrx_word' id='word_1_160' title='bbox 740 3049 913 3127; x_wconf 88' lang='lat' dir='ltr'>supradicto</span> <span class='ocrx_word' id='word_1_161' title='bbox 928 3047 1078 3110; x_wconf 90' lang='lat' dir='ltr'>scrutinio</span> 
     </span>
     <span class='ocr_line' id='line_1_29' title="bbox 332 3137 1080 3219; baseline 0.005 -21"><span class='ocrx_word' id='word_1_162' title='bbox 332 3137 365 3198; x_wconf 91' lang='lat' dir='ltr'>in</span> <span class='ocrx_word' id='word_1_163' title='bbox 388 3139 477 3201; x_wconf 90' lang='lat' dir='ltr'>nullo</span> <span class='ocrx_word' id='word_1_164' title='bbox 497 3141 678 3218; x_wconf 87' lang='lat' dir='ltr'>respicietur</span> <span class='ocrx_word' id='word_1_165' title='bbox 696 3157 882 3206; x_wconf 87' lang='lat' dir='ltr'>concurrere</span> <span class='ocrx_word' id='word_1_166' title='bbox 897 3143 996 3204; x_wconf 90' lang='lat' dir='ltr'>maior</span> <span class='ocrx_word' id='word_1_167' title='bbox 1009 3157 1080 3219; x_wconf 91' lang='lat' dir='ltr'>pars</span> 
     </span>
     <span class='ocr_line' id='line_1_30' title="bbox 332 3235 1079 3309; baseline 0.005 -17"><span class='ocrx_word' id='word_1_168' title='bbox 332 3238 491 3306; x_wconf 85' lang='lat' dir='ltr'>votorum,</span> <span class='ocrx_word' id='word_1_169' title='bbox 514 3235 565 3296; x_wconf 89' lang='lat' dir='ltr'>tali</span> <span class='ocrx_word' id='word_1_170' title='bbox 587 3251 658 3296; x_wconf 93' lang='lat' dir='ltr'>casu</span> <span class='ocrx_word' id='word_1_171' title='bbox 680 3236 716 3298; x_wconf 93' lang='lat' dir='ltr'>ad</span> <span class='ocrx_word' id='word_1_172' title='bbox 738 3251 856 3298; x_wconf 92' lang='lat' dir='ltr'>novum</span> <span class='ocrx_word' id='word_1_173' title='bbox 877 3235 1079 3309; x_wconf 90' lang='lat' dir='ltr'>scrutinium,</span> 
     </span>
     <span class='ocr_line' id='line_1_31' title="bbox 333 3327 1080 3408; baseline 0.003 -22"><span class='ocrx_word' id='word_1_174' title='bbox 333 3343 388 3390; x_wconf 90' lang='lat' dir='ltr'>scu</span> <span class='ocrx_word' id='word_1_175' title='bbox 409 3329 445 3390; x_wconf 82' lang='lat' dir='ltr'>acl</span> <span class='ocrx_word' id='word_1_176' title='bbox 467 3335 512 3390; x_wconf 90' lang='lat' dir='ltr'>tot</span> <span class='ocrx_word' id='word_1_177' title='bbox 532 3327 680 3392; x_wconf 80' lang='lat' dir='ltr'>scrutinia</span> <span class='ocrx_word' id='word_1_178' title='bbox 702 3331 896 3408; x_wconf 87' lang='lat' dir='ltr'>procedatur,</span> <span class='ocrx_word' id='word_1_179' title='bbox 909 3329 1007 3390; x_wconf 90' lang='lat' dir='ltr'>donec</span> <span class='ocrx_word' id='word_1_180' title='bbox 1027 3328 1080 3388; x_wconf 93' lang='lat' dir='ltr'>ali·</span> 
     </span>
     <span class='ocr_line' id='line_1_32' title="bbox 334 3421 1080 3500; baseline 0 -18"><span class='ocrx_word' id='word_1_181' title='bbox 334 3421 403 3499; x_wconf 90' lang='lat' dir='ltr'>quis</span> <span class='ocrx_word' id='word_1_182' title='bbox 417 3428 576 3484; x_wconf 89' lang='lat' dir='ltr'>remaneat</span> <span class='ocrx_word' id='word_1_183' title='bbox 591 3422 717 3484; x_wconf 91' lang='lat' dir='ltr'>electus.</span> <span class='ocrx_word' id='word_1_184' title='bbox 737 3421 842 3486; x_wconf 89' lang='lat' dir='ltr'>Electo</span> <span class='ocrx_word' id='word_1_185' title='bbox 857 3437 931 3484; x_wconf 91' lang='lat' dir='ltr'>vero</span> <span class='ocrx_word' id='word_1_186' title='bbox 946 3425 979 3484; x_wconf 92' lang='lat' dir='ltr'>in</span> <span class='ocrx_word' id='word_1_187' title='bbox 994 3435 1080 3500; x_wconf 89' lang='lat' dir='ltr'>prae·</span> 
     </span>
     <span class='ocr_line' id='line_1_33' title="bbox 332 3514 1081 3592; baseline -0.005 -13"><span class='ocrx_word' id='word_1_188' title='bbox 332 3517 449 3579; x_wconf 88' lang='lat' dir='ltr'>fectum</span> <span class='ocrx_word' id='word_1_189' title='bbox 470 3518 647 3592; x_wconf 75' lang='lat' dir='ltr'>generalem</span> <span class='ocrx_word' id='word_1_190' title='bbox 668 3516 779 3580; x_wconf 90' lang='lat' dir='ltr'>fratres</span> <span class='ocrx_word' id='word_1_191' title='bbox 800 3531 919 3589; x_wconf 90' lang='lat' dir='ltr'>ornnes,</span> <span class='ocrx_word' id='word_1_192' title='bbox 935 3532 952 3576; x_wconf 92' lang='lat' dir='ltr'>a</span> <span class='ocrx_word' id='word_1_193' title='bbox 966 3514 1081 3577; x_wconf 90' lang='lat' dir='ltr'>vicario</span> 
     </span>
     <span class='ocr_line' id='line_1_34' title="bbox 335 3608 1079 3690; baseline -0.001 -21"><span class='ocrx_word' id='word_1_194' title='bbox 335 3609 399 3688; x_wconf 84' lang='lat' dir='ltr'>ipso</span> <span class='ocrx_word' id='word_1_195' title='bbox 420 3608 611 3686; x_wconf 91' lang='lat' dir='ltr'>incipiendo,</span> <span class='ocrx_word' id='word_1_196' title='bbox 634 3610 843 3672; x_wconf 90' lang='lat' dir='ltr'>obedientiam</span> <span class='ocrx_word' id='word_1_197' title='bbox 868 3609 1079 3690; x_wconf 87' lang='lat' dir='ltr'>praestabunt.</span> 
     </span>
     <span class='ocr_line' id='line_1_35' title="bbox 335 3703 1081 3782; baseline -0.005 -16"><span class='ocrx_word' id='word_1_198' title='bbox 335 3703 369 3766; x_wconf 94' lang='lat' dir='ltr'>ln</span> <span class='ocrx_word' id='word_1_199' title='bbox 390 3720 461 3765; x_wconf 90' lang='lat' dir='ltr'>casu</span> <span class='ocrx_word' id='word_1_200' title='bbox 482 3719 543 3782; x_wconf 91' lang='lat' dir='ltr'>quo</span> <span class='ocrx_word' id='word_1_201' title='bbox 565 3704 605 3765; x_wconf 92' lang='lat' dir='ltr'>ita</span> <span class='ocrx_word' id='word_1_202' title='bbox 627 3705 660 3766; x_wconf 91' lang='lat' dir='ltr'>in</span> <span class='ocrx_word' id='word_1_203' title='bbox 685 3705 875 3782; x_wconf 87' lang='lat' dir='ltr'>praefectum</span> <span class='ocrx_word' id='word_1_204' title='bbox 903 3705 1081 3782; x_wconf 82' lang='lat' dir='ltr'>generalem</span> 
     </span>
     <span class='ocr_line' id='line_1_36' title="bbox 335 3797 1084 3862; baseline 0.003 -4"><span class='ocrx_word' id='word_1_205' title='bbox 335 3797 450 3862; x_wconf 87' lang='lat' dir='ltr'>electus</span> <span class='ocrx_word' id='word_1_206' title='bbox 472 3815 488 3860; x_wconf 94' lang='lat' dir='ltr'>a</span> <span class='ocrx_word' id='word_1_207' title='bbox 510 3799 576 3860; x_wconf 89' lang='lat' dir='ltr'>loco</span> <span class='ocrx_word' id='word_1_208' title='bbox 597 3797 757 3862; x_wconf 90' lang='lat' dir='ltr'>electionis</span> <span class='ocrx_word' id='word_1_209' title='bbox 781 3799 959 3862; x_wconf 89' lang='lat' dir='ltr'>huiusmodi</span> <span class='ocrx_word' id='word_1_210' title='bbox 980 3799 1084 3862; x_wconf 90' lang='lat' dir='ltr'>ablue-</span> 
     </span>
     <span class='ocr_line' id='line_1_37' title="bbox 335 3892 1082 3972; baseline 0 -16"><span class='ocrx_word' id='word_1_211' title='bbox 335 3895 388 3972; x_wconf 92' lang='lat' dir='ltr'>rit,</span> <span class='ocrx_word' id='word_1_212' title='bbox 411 3912 452 3957; x_wconf 91' lang='lat' dir='ltr'>ne</span> <span class='ocrx_word' id='word_1_213' title='bbox 473 3892 601 3957; x_wconf 90' lang='lat' dir='ltr'>interim</span> <span class='ocrx_word' id='word_1_214' title='bbox 622 3894 749 3956; x_wconf 89' lang='lat' dir='ltr'>societas</span> <span class='ocrx_word' id='word_1_215' title='bbox 764 3893 887 3972; x_wconf 87' lang='lat' dir='ltr'>aliquod</span> <span class='ocrx_word' id='word_1_216' title='bbox 909 3913 965 3958; x_wconf 90' lang='lat' dir='ltr'>suo</span> <span class='ocrx_word' id='word_1_217' title='bbox 987 3895 1019 3957; x_wconf 92' lang='lat' dir='ltr'>in</span> <span class='ocrx_word' id='word_1_218' title='bbox 1036 3911 1082 3957; x_wconf 89' lang='lat' dir='ltr'>re·</span> 
     </span>
     <span class='ocr_line' id='line_1_38' title="bbox 337 3989 1082 4070; baseline 0.008 -18"><span class='ocrx_word' id='word_1_219' title='bbox 337 3992 455 4070; x_wconf 88' lang='lat' dir='ltr'>gimine</span> <span class='ocrx_word' id='word_1_220' title='bbox 486 3989 681 4068; x_wconf 88' lang='lat' dir='ltr'>dispendium</span> <span class='ocrx_word' id='word_1_221' title='bbox 702 3993 851 4068; x_wconf 90' lang='lat' dir='ltr'>patiatur,</span> <span class='ocrx_word' id='word_1_222' title='bbox 878 3993 1010 4056; x_wconf 92' lang='lat' dir='ltr'>vicarius</span> <span class='ocrx_word' id='word_1_223' title='bbox 1032 4013 1082 4058; x_wconf 90' lang='lat' dir='ltr'>su·</span> 
     </span>
     <span class='ocr_line' id='line_1_39' title="bbox 337 4085 1084 4163; baseline 0.005 -17"><span class='ocrx_word' id='word_1_224' title='bbox 337 4085 467 4163; x_wconf 88' lang='lat' dir='ltr'>periuris</span> <span class='ocrx_word' id='word_1_225' title='bbox 488 4093 588 4163; x_wconf 90' lang='lat' dir='ltr'>partes</span> <span class='ocrx_word' id='word_1_226' title='bbox 609 4085 644 4146; x_wconf 91' lang='lat' dir='ltr'>ad</span> <span class='ocrx_word' id='word_1_227' title='bbox 666 4087 830 4149; x_wconf 86' lang='lat' dir='ltr'>vicariatus</span> <span class='ocrx_word' id='word_1_228' title='bbox 849 4105 991 4150; x_wconf 91' lang='lat' dir='ltr'>normam</span> <span class='ocrx_word' id='word_1_229' title='bbox 1013 4105 1084 4150; x_wconf 86' lang='lat' dir='ltr'>exe-</span> 
     </span>
     <span class='ocr_line' id='line_1_40' title="bbox 338 4179 1083 4262; baseline 0.007 -22"><span class='ocrx_word' id='word_1_230' title='bbox 338 4181 391 4258; x_wconf 88' lang='lat' dir='ltr'>qui</span> <span class='ocrx_word' id='word_1_231' title='bbox 413 4179 618 4254; x_wconf 86' lang='lat' dir='ltr'>continuabit,</span> <span class='ocrx_word' id='word_1_232' title='bbox 641 4181 738 4243; x_wconf 93' lang='lat' dir='ltr'>donec</span> <span class='ocrx_word' id='word_1_233' title='bbox 753 4181 810 4259; x_wconf 93' lang='lat' dir='ltr'>ipsi</span> <span class='ocrx_word' id='word_1_234' title='bbox 825 4183 863 4244; x_wconf 90' lang='lat' dir='ltr'>de</span> <span class='ocrx_word' id='word_1_235' title='bbox 876 4183 1083 4262; x_wconf 87' lang='lat' dir='ltr'>acceptatione</span> 
     </span>
     <span class='ocr_line' id='line_1_41' title="bbox 338 4272 1084 4352; baseline 0.005 -18"><span class='ocrx_word' id='word_1_236' title='bbox 338 4273 375 4335; x_wconf 93' lang='lat' dir='ltr'>ab</span> <span class='ocrx_word' id='word_1_237' title='bbox 396 4273 495 4336; x_wconf 88' lang='lat' dir='ltr'>electo</span> <span class='ocrx_word' id='word_1_238' title='bbox 516 4272 669 4350; x_wconf 89' lang='lat' dir='ltr'>praelecto</span> <span class='ocrx_word' id='word_1_239' title='bbox 684 4275 823 4352; x_wconf 90' lang='lat' dir='ltr'>generali</span> <span class='ocrx_word' id='word_1_240' title='bbox 844 4275 919 4338; x_wconf 81' lang='lat' dir='ltr'>facta</span> <span class='ocrx_word' id='word_1_241' title='bbox 941 4277 1084 4340; x_wconf 90' lang='lat' dir='ltr'>constite-</span> 
     </span>
     <span class='ocr_line' id='line_1_42' title="bbox 338 4366 1084 4448; baseline 0.004 -19"><span class='ocrx_word' id='word_1_242' title='bbox 338 4368 387 4429; x_wconf 89' lang='lat' dir='ltr'>rit.</span> <span class='ocrx_word' id='word_1_243' title='bbox 411 4367 496 4442; x_wconf 79' lang='lat' dir='ltr'>Quod</span> <span class='ocrx_word' id='word_1_244' title='bbox 511 4366 536 4426; x_wconf 91' lang='lat' dir='ltr'>si</span> <span class='ocrx_word' id='word_1_245' title='bbox 559 4368 681 4428; x_wconf 89' lang='lat' dir='ltr'>noviter</span> <span class='ocrx_word' id='word_1_246' title='bbox 698 4367 832 4430; x_wconf 90' lang='lat' dir='ltr'>electum</span> <span class='ocrx_word' id='word_1_247' title='bbox 848 4369 880 4430; x_wconf 93' lang='lat' dir='ltr'>in</span> <span class='ocrx_word' id='word_1_248' title='bbox 895 4370 1084 4448; x_wconf 88' lang='lat' dir='ltr'>praefectum</span> 
     </span>
     <span class='ocr_line' id='line_1_43' title="bbox 338 4460 1086 4539; baseline 0.004 -18"><span class='ocrx_word' id='word_1_249' title='bbox 338 4460 516 4538; x_wconf 88' lang='lat' dir='ltr'>generalem</span> <span class='ocrx_word' id='word_1_250' title='bbox 537 4469 609 4522; x_wconf 90' lang='lat' dir='ltr'>ante</span> <span class='ocrx_word' id='word_1_251' title='bbox 629 4461 719 4524; x_wconf 89' lang='lat' dir='ltr'>istam</span> <span class='ocrx_word' id='word_1_252' title='bbox 740 4465 983 4539; x_wconf 88' lang='lat' dir='ltr'>acceptationem</span> <span class='ocrx_word' id='word_1_253' title='bbox 1005 4463 1086 4524; x_wconf 92' lang='lat' dir='ltr'>mori</span> 
     </span>
     <span class='ocr_line' id='line_1_44' title="bbox 338 4552 1084 4633; baseline 0.005 -19"><span class='ocrx_word' id='word_1_254' title='bbox 338 4552 516 4628; x_wconf 89' lang='lat' dir='ltr'>contigerit,</span> <span class='ocrx_word' id='word_1_255' title='bbox 529 4553 660 4616; x_wconf 91' lang='lat' dir='ltr'>vicarius</span> <span class='ocrx_word' id='word_1_256' title='bbox 675 4571 711 4616; x_wconf 90' lang='lat' dir='ltr'>eo</span> <span class='ocrx_word' id='word_1_257' title='bbox 725 4571 788 4633; x_wconf 92' lang='lat' dir='ltr'>quo</span> <span class='ocrx_word' id='word_1_258' title='bbox 802 4572 893 4633; x_wconf 89' lang='lat' dir='ltr'>supra</span> <span class='ocrx_word' id='word_1_259' title='bbox 908 4557 998 4619; x_wconf 90' lang='lat' dir='ltr'>modo</span> <span class='ocrx_word' id='word_1_260' title='bbox 1014 4573 1084 4618; x_wconf 90' lang='lat' dir='ltr'>con·</span> 
     </span>
     <span class='ocr_line' id='line_1_45' title="bbox 338 4647 1085 4728; baseline 0.007 -21"><span class='ocrx_word' id='word_1_261' title='bbox 338 4647 473 4709; x_wconf 90' lang='lat' dir='ltr'>tinuabit</span> <span class='ocrx_word' id='word_1_262' title='bbox 498 4648 654 4726; x_wconf 89' lang='lat' dir='ltr'>usquead</span> <span class='ocrx_word' id='word_1_263' title='bbox 675 4665 788 4711; x_wconf 91' lang='lat' dir='ltr'>novam</span> <span class='ocrx_word' id='word_1_264' title='bbox 814 4649 959 4728; x_wconf 87' lang='lat' dir='ltr'>praelecti</span> <span class='ocrx_word' id='word_1_265' title='bbox 992 4666 1085 4727; x_wconf 86' lang='lat' dir='ltr'>gene-</span> 
     </span>
     <span class='ocr_line' id='line_1_46' title="bbox 338 4741 625 4804; baseline -0.007 -2"><span class='ocrx_word' id='word_1_266' title='bbox 338 4741 409 4802; x_wconf 90' lang='lat' dir='ltr'>ralis</span> <span class='ocrx_word' id='word_1_267' title='bbox 430 4741 625 4804; x_wconf 88' lang='lat' dir='ltr'>electionem.</span> 
     </span>
    </p>

    <p class='ocr_par' dir='ltr' id='par_1_6' title="bbox 339 4835 1104 6020">
     <span class='ocr_line' id='line_1_47' title="bbox 379 4835 1086 4917; baseline 0.007 -22"><span class='ocrx_word' id='word_1_268' title='bbox 379 4835 445 4896; x_wconf 78' lang='lat' dir='ltr'>«e.</span> <span class='ocrx_word' id='word_1_269' title='bbox 470 4835 601 4898; x_wconf 90' lang='lat' dir='ltr'>Etcum</span> <span class='ocrx_word' id='word_1_270' title='bbox 623 4840 717 4916; x_wconf 89' lang='lat' dir='ltr'>possit</span> <span class='ocrx_word' id='word_1_271' title='bbox 738 4840 919 4917; x_wconf 90' lang='lat' dir='ltr'>contingere</span> <span class='ocrx_word' id='word_1_272' title='bbox 942 4847 976 4902; x_wconf 92' lang='lat' dir='ltr'>ut</span> <span class='ocrx_word' id='word_1_273' title='bbox 1004 4841 1086 4902; x_wconf 90' lang='lat' dir='ltr'>inter</span> 
     </span>
     <span class='ocr_line' id='line_1_48' title="bbox 340 4929 1086 5012; baseline 0.008 -22"><span class='ocrx_word' id='word_1_274' title='bbox 340 4929 460 4991; x_wconf 89' lang='lat' dir='ltr'>vocales</span> <span class='ocrx_word' id='word_1_275' title='bbox 489 4931 566 4993; x_wconf 90' lang='lat' dir='ltr'>adsit</span> <span class='ocrx_word' id='word_1_276' title='bbox 591 4933 809 5009; x_wconf 82' lang='lat' dir='ltr'>suffragiorum</span> <span class='ocrx_word' id='word_1_277' title='bbox 836 4935 1018 5012; x_wconf 84' lang='lat' dir='ltr'>aequalitas,</span> <span class='ocrx_word' id='word_1_278' title='bbox 1046 4951 1086 4996; x_wconf 90' lang='lat' dir='ltr'>ne</span> 
     </span>
     <span class='ocr_line' id='line_1_49' title="bbox 339 5023 1087 5103; baseline 0.007 -20"><span class='ocrx_word' id='word_1_279' title='bbox 339 5039 433 5100; x_wconf 90' lang='lat' dir='ltr'>super</span> <span class='ocrx_word' id='word_1_280' title='bbox 454 5023 513 5086; x_wconf 89' lang='lat' dir='ltr'>boc</span> <span class='ocrx_word' id='word_1_281' title='bbox 533 5025 608 5085; x_wconf 90' lang='lat' dir='ltr'>oriri</span> <span class='ocrx_word' id='word_1_282' title='bbox 630 5026 748 5103; x_wconf 87' lang='lat' dir='ltr'>possint</span> <span class='ocrx_word' id='word_1_283' title='bbox 770 5028 973 5103; x_wconf 88' lang='lat' dir='ltr'>turbationes,</span> <span class='ocrx_word' id='word_1_284' title='bbox 990 5028 1087 5090; x_wconf 89' lang='lat' dir='ltr'>decla·</span> 
     </span>
     <span class='ocr_line' id='line_1_50' title="bbox 340 5117 1084 5198; baseline 0.007 -21"><span class='ocrx_word' id='word_1_285' title='bbox 340 5127 427 5178; x_wconf 90' lang='lat' dir='ltr'>ratur</span> <span class='ocrx_word' id='word_1_286' title='bbox 447 5117 615 5193; x_wconf 87' lang='lat' dir='ltr'>vicarium,</span> <span class='ocrx_word' id='word_1_287' title='bbox 639 5123 692 5195; x_wconf 93' lang='lat' dir='ltr'>qui</span> <span class='ocrx_word' id='word_1_288' title='bbox 714 5119 866 5182; x_wconf 91' lang='lat' dir='ltr'>electione</span> <span class='ocrx_word' id='word_1_289' title='bbox 890 5121 1084 5198; x_wconf 89' lang='lat' dir='ltr'>praesidebit,</span> 
     </span>
     <span class='ocr_line' id='line_1_51' title="bbox 340 5209 1086 5289; baseline 0.003 -17"><span class='ocrx_word' id='word_1_290' title='bbox 340 5209 491 5272; x_wconf 87' lang='lat' dir='ltr'>eiusmodi</span> <span class='ocrx_word' id='word_1_291' title='bbox 513 5209 626 5274; x_wconf 91' lang='lat' dir='ltr'>debere</span> <span class='ocrx_word' id='word_1_292' title='bbox 645 5213 828 5289; x_wconf 88' lang='lat' dir='ltr'>suffragium</span> <span class='ocrx_word' id='word_1_293' title='bbox 851 5214 974 5289; x_wconf 89' lang='lat' dir='ltr'>babere,</span> <span class='ocrx_word' id='word_1_294' title='bbox 998 5222 1032 5276; x_wconf 93' lang='lat' dir='ltr'>ut</span> <span class='ocrx_word' id='word_1_295' title='bbox 1054 5215 1086 5274; x_wconf 92' lang='lat' dir='ltr'>in</span> 
     </span>
     <span class='ocr_line' id='line_1_52' title="bbox 340 5301 1088 5382; baseline 0.001 -17"><span class='ocrx_word' id='word_1_296' title='bbox 340 5301 558 5379; x_wconf 83' lang='lat' dir='ltr'>suffragiorum</span> <span class='ocrx_word' id='word_1_297' title='bbox 580 5304 763 5382; x_wconf 89' lang='lat' dir='ltr'>aequalitate</span> <span class='ocrx_word' id='word_1_298' title='bbox 786 5305 869 5366; x_wconf 89' lang='lat' dir='ltr'>illam</span> <span class='ocrx_word' id='word_1_299' title='bbox 896 5307 1021 5368; x_wconf 89' lang='lat' dir='ltr'>dirimat</span> <span class='ocrx_word' id='word_1_300' title='bbox 1042 5305 1088 5366; x_wconf 90' lang='lat' dir='ltr'>vi-</span> 
     </span>
     <span class='ocr_line' id='line_1_53' title="bbox 341 5398 1087 5478; baseline 0.003 -20"><span class='ocrx_word' id='word_1_301' title='bbox 341 5398 439 5458; x_wconf 89' lang='lat' dir='ltr'>carius</span> <span class='ocrx_word' id='word_1_302' title='bbox 471 5405 648 5458; x_wconf 85' lang='lat' dir='ltr'>novovoto</span> <span class='ocrx_word' id='word_1_303' title='bbox 680 5414 734 5476; x_wconf 90' lang='lat' dir='ltr'>per</span> <span class='ocrx_word' id='word_1_304' title='bbox 761 5399 863 5477; x_wconf 90' lang='lat' dir='ltr'>ipsum</span> <span class='ocrx_word' id='word_1_305' title='bbox 897 5409 971 5462; x_wconf 89' lang='lat' dir='ltr'>tunc</span> <span class='ocrx_word' id='word_1_306' title='bbox 1001 5417 1087 5478; x_wconf 89' lang='lat' dir='ltr'>prae·</span> 
     </span>
     <span class='ocr_line' id='line_1_54' title="bbox 340 5491 1088 5570; baseline 0.005 -20"><span class='ocrx_word' id='word_1_307' title='bbox 340 5491 464 5567; x_wconf 83' lang='lat' dir='ltr'>stand03</span> <span class='ocrx_word' id='word_1_308' title='bbox 487 5491 608 5568; x_wconf 89' lang='lat' dir='ltr'>quodsi</span> <span class='ocrx_word' id='word_1_309' title='bbox 630 5491 695 5569; x_wconf 91' lang='lat' dir='ltr'>ipse</span> <span class='ocrx_word' id='word_1_310' title='bbox 709 5492 842 5556; x_wconf 91' lang='lat' dir='ltr'>vicarius</span> <span class='ocrx_word' id='word_1_311' title='bbox 856 5493 896 5554; x_wconf 90' lang='lat' dir='ltr'>sit</span> <span class='ocrx_word' id='word_1_312' title='bbox 911 5493 943 5554; x_wconf 90' lang='lat' dir='ltr'>in</span> <span class='ocrx_word' id='word_1_313' title='bbox 958 5493 1088 5570; x_wconf 90' lang='lat' dir='ltr'>paritate</span> 
     </span>
     <span class='ocr_line' id='line_1_55' title="bbox 341 5584 1086 5663; baseline 0.005 -21"><span class='ocrx_word' id='word_1_314' title='bbox 341 5588 486 5645; x_wconf 90' lang='lat' dir='ltr'>votorum</span> <span class='ocrx_word' id='word_1_315' title='bbox 517 5584 677 5645; x_wconf 90' lang='lat' dir='ltr'>electionis</span> <span class='ocrx_word' id='word_1_316' title='bbox 706 5585 840 5663; x_wconf 83' lang='lat' dir='ltr'>passivae</span> <span class='ocrx_word' id='word_1_317' title='bbox 871 5601 943 5648; x_wconf 89' lang='lat' dir='ltr'>cum</span> <span class='ocrx_word' id='word_1_318' title='bbox 972 5586 1086 5660; x_wconf 88' lang='lat' dir='ltr'>altero,</span> 
     </span>
     <span class='ocr_line' id='line_1_56' title="bbox 342 5677 1088 5753; baseline 0.003 -19"><span class='ocrx_word' id='word_1_319' title='bbox 342 5691 378 5735; x_wconf 91' lang='lat' dir='ltr'>eo</span> <span class='ocrx_word' id='word_1_320' title='bbox 399 5691 480 5749; x_wconf 88' lang='lat' dir='ltr'>casu,</span> <span class='ocrx_word' id='word_1_321' title='bbox 504 5691 566 5737; x_wconf 92' lang='lat' dir='ltr'>non</span> <span class='ocrx_word' id='word_1_322' title='bbox 594 5677 735 5753; x_wconf 90' lang='lat' dir='ltr'>vicarius,</span> <span class='ocrx_word' id='word_1_323' title='bbox 762 5679 813 5738; x_wconf 78' lang='lat' dir='ltr'>secl</span> <span class='ocrx_word' id='word_1_324' title='bbox 839 5677 982 5738; x_wconf 87' lang='lat' dir='ltr'>assistens</span> <span class='ocrx_word' id='word_1_325' title='bbox 1011 5678 1088 5738; x_wconf 90' lang='lat' dir='ltr'>anti-</span> 
     </span>
     <span class='ocr_line' id='line_1_57' title="bbox 341 5768 1088 5848; baseline 0.004 -20"><span class='ocrx_word' id='word_1_326' title='bbox 341 5768 445 5845; x_wconf 92' lang='lat' dir='ltr'>quior,</span> <span class='ocrx_word' id='word_1_327' title='bbox 461 5769 494 5828; x_wconf 91' lang='lat' dir='ltr'>in</span> <span class='ocrx_word' id='word_1_328' title='bbox 515 5769 665 5830; x_wconf 88' lang='lat' dir='ltr'>electione</span> <span class='ocrx_word' id='word_1_329' title='bbox 687 5771 803 5848; x_wconf 80' lang='lat' dir='ltr'>passiva</span> <span class='ocrx_word' id='word_1_330' title='bbox 827 5771 1003 5833; x_wconf 86' lang='lat' dir='ltr'>huiusmodi</span> <span class='ocrx_word' id='word_1_331' title='bbox 1025 5787 1088 5831; x_wconf 91' lang='lat' dir='ltr'>nou</span> 
     </span>
     <span class='ocr_line' id='line_1_58' title="bbox 343 5863 1104 5942; baseline 0.001 -20"><span class='ocrx_word' id='word_1_332' title='bbox 343 5863 595 5939; x_wconf 83' lang='lat' dir='ltr'>comprehensus,</span> <span class='ocrx_word' id='word_1_333' title='bbox 618 5881 675 5924; x_wconf 91' lang='lat' dir='ltr'>suo</span> <span class='ocrx_word' id='word_1_334' title='bbox 695 5863 842 5940; x_wconf 84' lang='lat' dir='ltr'>suffragio</span> <span class='ocrx_word' id='word_1_335' title='bbox 863 5865 1026 5942; x_wconf 87' lang='lat' dir='ltr'>paritatem</span> <span class='ocrx_word' id='word_1_336' title='bbox 1045 5863 1104 5924; x_wconf 57' lang='lat' dir='ltr'>clla</span> 
     </span>
     <span class='ocr_line' id='line_1_59' title="bbox 343 5957 446 6020; baseline 0 -2"><span class='ocrx_word' id='word_1_337' title='bbox 343 5957 446 6020; x_wconf 91' lang='lat' dir='ltr'>rimet.</span> 
     </span>
    </p>
   </div>
   <div class='ocr_carea' id='block_1_6' title="bbox 449 6103 1043 6166">
    <p class='ocr_par' dir='ltr' id='par_1_7' title="bbox 449 6103 1043 6166">
     <span class='ocr_line' id='line_1_60' title="bbox 449 6103 1043 6166; baseline 0.007 -16"><span class='ocrx_word' id='word_1_338' title='bbox 449 6105 501 6152; x_wconf 82' lang='lat' dir='ltr'>fur.</span> <span class='ocrx_word' id='word_1_339' title='bbox 520 6107 589 6153; x_wconf 78' lang='lat' dir='ltr'>Perat.</span> <span class='ocrx_word' id='word_1_340' title='bbox 604 6103 635 6152; x_wconf 82' lang='lat' dir='ltr'>de</span> <span class='ocrx_word' id='word_1_341' title='bbox 651 6107 724 6166; x_wconf 82' lang='lat' dir='ltr'>Prop.</span> <span class='ocrx_word' id='word_1_342' title='bbox 739 6105 801 6152; x_wconf 83' lang='lat' dir='ltr'>Fide</span> <span class='ocrx_word' id='word_1_343' title='bbox 815 6107 897 6153; x_wconf 84' lang='lat' dir='ltr'>Partis</span> <span class='ocrx_word' id='word_1_344' title='bbox 910 6108 929 6154; x_wconf 93' lang='lat' dir='ltr'>l.</span> <span class='ocrx_word' id='word_1_345' title='bbox 944 6105 998 6155; x_wconf 86' lang='lat' dir='ltr'>vol.</span> <span class='ocrx_word' id='word_1_346' title='bbox 1012 6109 1043 6154; x_wconf 93' lang='lat' dir='ltr'>ll.</span> 
     </span>
    </p>
   </div>
   <div class='ocr_carea' id='block_1_7' title="bbox 1126 704 1953 6037">
    <p class='ocr_par' dir='ltr' id='par_1_8' title="bbox 1126 704 1874 1519">
     <span class='ocr_line' id='line_1_61' title="bbox 1165 704 1872 782; baseline -0.003 -14"><span class='ocrx_word' id='word_1_347' title='bbox 1165 706 1223 770; x_wconf 73' lang='lat'>«7.</span> <span class='ocrx_word' id='word_1_348' title='bbox 1240 705 1380 770; x_wconf 85' lang='lat' dir='ltr'>Vicarius</span> <span class='ocrx_word' id='word_1_349' title='bbox 1395 705 1485 770; x_wconf 89' lang='lat' dir='ltr'>debet</span> <span class='ocrx_word' id='word_1_350' title='bbox 1498 704 1611 768; x_wconf 87' lang='lat' dir='ltr'>babere</span> <span class='ocrx_word' id='word_1_351' title='bbox 1625 704 1807 782; x_wconf 84' lang='lat' dir='ltr'>suffragium</span> <span class='ocrx_word' id='word_1_352' title='bbox 1823 719 1872 767; x_wconf 87' lang='lat' dir='ltr'>ac-</span> 
     </span>
     <span class='ocr_line' id='line_1_62' title="bbox 1127 799 1869 879; baseline -0.003 -17"><span class='ocrx_word' id='word_1_353' title='bbox 1127 801 1229 870; x_wconf 88' lang='lat' dir='ltr'>tivum</span> <span class='ocrx_word' id='word_1_354' title='bbox 1250 809 1281 862; x_wconf 90' lang='lat' dir='ltr'>et</span> <span class='ocrx_word' id='word_1_355' title='bbox 1302 801 1468 879; x_wconf 86' lang='lat' dir='ltr'>passivum,</span> <span class='ocrx_word' id='word_1_356' title='bbox 1485 809 1515 863; x_wconf 90' lang='lat' dir='ltr'>et</span> <span class='ocrx_word' id='word_1_357' title='bbox 1530 800 1601 879; x_wconf 91' lang='lat' dir='ltr'>quia</span> <span class='ocrx_word' id='word_1_358' title='bbox 1616 807 1717 878; x_wconf 92' lang='lat' dir='ltr'>potest</span> <span class='ocrx_word' id='word_1_359' title='bbox 1731 799 1869 874; x_wconf 92' lang='lat' dir='ltr'>evenire,</span> 
     </span>
     <span class='ocr_line' id='line_1_63' title="bbox 1127 895 1871 974; baseline -0.004 -15"><span class='ocrx_word' id='word_1_360' title='bbox 1127 903 1162 959; x_wconf 95' lang='lat' dir='ltr'>ut</span> <span class='ocrx_word' id='word_1_361' title='bbox 1183 896 1215 958; x_wconf 93' lang='lat' dir='ltr'>in</span> <span class='ocrx_word' id='word_1_362' title='bbox 1238 895 1405 971; x_wconf 88' lang='lat' dir='ltr'>electione,</span> <span class='ocrx_word' id='word_1_363' title='bbox 1428 909 1506 974; x_wconf 91' lang='lat' dir='ltr'>quae</span> <span class='ocrx_word' id='word_1_364' title='bbox 1528 895 1597 970; x_wconf 88' lang='lat' dir='ltr'>liet,</span> <span class='ocrx_word' id='word_1_365' title='bbox 1626 895 1808 958; x_wconf 91' lang='lat' dir='ltr'>nominetur</span> <span class='ocrx_word' id='word_1_366' title='bbox 1838 895 1871 956; x_wconf 92' lang='lat' dir='ltr'>in</span> 
     </span>
     <span class='ocr_line' id='line_1_64' title="bbox 1127 988 1872 1068; baseline -0.003 -18"><span class='ocrx_word' id='word_1_367' title='bbox 1127 989 1317 1068; x_wconf 89' lang='lat' dir='ltr'>praelectum</span> <span class='ocrx_word' id='word_1_368' title='bbox 1337 989 1570 1066; x_wconf 89' lang='lat' dir='ltr'>generalem,et</span> <span class='ocrx_word' id='word_1_369' title='bbox 1584 989 1642 1050; x_wconf 90' lang='lat' dir='ltr'>boc</span> <span class='ocrx_word' id='word_1_370' title='bbox 1663 1006 1735 1051; x_wconf 93' lang='lat' dir='ltr'>casu</span> <span class='ocrx_word' id='word_1_371' title='bbox 1756 988 1872 1050; x_wconf 89' lang='lat' dir='ltr'>incom-</span> 
     </span>
     <span class='ocr_line' id='line_1_65' title="bbox 1127 1080 1872 1162; baseline -0.004 -18"><span class='ocrx_word' id='word_1_372' title='bbox 1127 1083 1251 1162; x_wconf 91' lang='lat' dir='ltr'>patibile</span> <span class='ocrx_word' id='word_1_373' title='bbox 1281 1090 1326 1146; x_wconf 92' lang='lat' dir='ltr'>est</span> <span class='ocrx_word' id='word_1_374' title='bbox 1348 1089 1382 1144; x_wconf 93' lang='lat' dir='ltr'>ut</span> <span class='ocrx_word' id='word_1_375' title='bbox 1409 1082 1504 1161; x_wconf 90' lang='lat' dir='ltr'>possit</span> <span class='ocrx_word' id='word_1_376' title='bbox 1532 1082 1699 1160; x_wconf 92' lang='lat' dir='ltr'>approbare</span> <span class='ocrx_word' id='word_1_377' title='bbox 1720 1087 1751 1143; x_wconf 92' lang='lat' dir='ltr'>et</span> <span class='ocrx_word' id='word_1_378' title='bbox 1772 1080 1872 1159; x_wconf 84' lang='lat' dir='ltr'>publi-</span> 
     </span>
     <span class='ocr_line' id='line_1_66' title="bbox 1126 1175 1873 1254; baseline -0.007 -15"><span class='ocrx_word' id='word_1_379' title='bbox 1126 1193 1195 1240; x_wconf 91' lang='lat' dir='ltr'>care</span> <span class='ocrx_word' id='word_1_380' title='bbox 1216 1175 1413 1250; x_wconf 89' lang='lat' dir='ltr'>electionem,</span> <span class='ocrx_word' id='word_1_381' title='bbox 1437 1177 1504 1238; x_wconf 90' lang='lat' dir='ltr'>ideo</span> <span class='ocrx_word' id='word_1_382' title='bbox 1526 1175 1712 1254; x_wconf 89' lang='lat' dir='ltr'>disponitor,</span> <span class='ocrx_word' id='word_1_383' title='bbox 1735 1184 1781 1249; x_wconf 89' lang='lat' dir='ltr'>ut,</span> <span class='ocrx_word' id='word_1_384' title='bbox 1808 1175 1873 1252; x_wconf 91' lang='lat' dir='ltr'>ipso</span> 
     </span>
     <span class='ocr_line' id='line_1_67' title="bbox 1127 1267 1872 1348; baseline -0.003 -18"><span class='ocrx_word' id='word_1_385' title='bbox 1127 1270 1242 1332; x_wconf 92' lang='lat' dir='ltr'>vicario</span> <span class='ocrx_word' id='word_1_386' title='bbox 1273 1269 1306 1330; x_wconf 92' lang='lat' dir='ltr'>in</span> <span class='ocrx_word' id='word_1_387' title='bbox 1328 1269 1517 1348; x_wconf 89' lang='lat' dir='ltr'>praelectum</span> <span class='ocrx_word' id='word_1_388' title='bbox 1549 1268 1727 1345; x_wconf 90' lang='lat' dir='ltr'>generalem</span> <span class='ocrx_word' id='word_1_389' title='bbox 1758 1267 1872 1341; x_wconf 87' lang='lat' dir='ltr'>electo,</span> 
     </span>
     <span class='ocr_line' id='line_1_68' title="bbox 1128 1362 1874 1442; baseline -0.004 -18"><span class='ocrx_word' id='word_1_390' title='bbox 1128 1362 1284 1440; x_wconf 89' lang='lat' dir='ltr'>antiquior</span> <span class='ocrx_word' id='word_1_391' title='bbox 1305 1362 1449 1426; x_wconf 87' lang='lat' dir='ltr'>assistens</span> <span class='ocrx_word' id='word_1_392' title='bbox 1463 1363 1571 1426; x_wconf 89' lang='lat' dir='ltr'>debeat</span> <span class='ocrx_word' id='word_1_393' title='bbox 1592 1362 1759 1442; x_wconf 89' lang='lat' dir='ltr'>approbare</span> <span class='ocrx_word' id='word_1_394' title='bbox 1774 1369 1805 1424; x_wconf 92' lang='lat' dir='ltr'>et</span> <span class='ocrx_word' id='word_1_395' title='bbox 1819 1376 1874 1440; x_wconf 89' lang='lat' dir='ltr'>pu-</span> 
     </span>
     <span class='ocr_line' id='line_1_69' title="bbox 1127 1455 1455 1519; baseline 0 -3"><span class='ocrx_word' id='word_1_396' title='bbox 1127 1455 1241 1517; x_wconf 92' lang='lat' dir='ltr'>blicare</span> <span class='ocrx_word' id='word_1_397' title='bbox 1262 1455 1455 1519; x_wconf 88' lang='lat' dir='ltr'>electionem.</span> 
     </span>
    </p>

    <p class='ocr_par' dir='ltr' id='par_1_9' title="bbox 1127 1543 1953 2271">
     <span class='ocr_line' id='line_1_70' title="bbox 1169 1543 1953 1629; baseline 0.001 -20"><span class='ocrx_word' id='word_1_398' title='bbox 1169 1548 1230 1610; x_wconf 81' lang='lat'>«8.</span> <span class='ocrx_word' id='word_1_399' title='bbox 1255 1548 1294 1610; x_wconf 89' lang='lat' dir='ltr'>Ut</span> <span class='ocrx_word' id='word_1_400' title='bbox 1316 1549 1410 1628; x_wconf 87' lang='lat' dir='ltr'>possit</span> <span class='ocrx_word' id='word_1_401' title='bbox 1438 1550 1469 1610; x_wconf 91' lang='lat' dir='ltr'>in</span> <span class='ocrx_word' id='word_1_402' title='bbox 1492 1549 1680 1629; x_wconf 90' lang='lat' dir='ltr'>praelectum</span> <span class='ocrx_word' id='word_1_403' title='bbox 1697 1548 1875 1627; x_wconf 88' lang='lat' dir='ltr'>generalem</span> <span class='ocrx_word' id='word_1_404' title='bbox 1947 1543 1953 1557; x_wconf 91' lang='lat'>&#39;</span> 
     </span>
     <span class='ocr_line' id='line_1_71' title="bbox 1129 1642 1876 1721; baseline -0.003 -17"><span class='ocrx_word' id='word_1_405' title='bbox 1129 1643 1201 1719; x_wconf 89' lang='lat' dir='ltr'>eligi</span> <span class='ocrx_word' id='word_1_406' title='bbox 1212 1649 1244 1704; x_wconf 91' lang='lat' dir='ltr'>et</span> <span class='ocrx_word' id='word_1_407' title='bbox 1255 1643 1408 1704; x_wconf 89' lang='lat' dir='ltr'>nominari</span> <span class='ocrx_word' id='word_1_408' title='bbox 1422 1643 1552 1721; x_wconf 91' lang='lat' dir='ltr'>quilibet</span> <span class='ocrx_word' id='word_1_409' title='bbox 1566 1661 1604 1706; x_wconf 82' lang='lat' dir='ltr'>ev</span> <span class='ocrx_word' id='word_1_410' title='bbox 1619 1643 1764 1706; x_wconf 88' lang='lat' dir='ltr'>fratribus</span> <span class='ocrx_word' id='word_1_411' title='bbox 1779 1642 1876 1705; x_wconf 90' lang='lat' dir='ltr'>dictae</span> 
     </span>
     <span class='ocr_line' id='line_1_72' title="bbox 1127 1737 1876 1818; baseline -0.005 -18"><span class='ocrx_word' id='word_1_412' title='bbox 1127 1738 1291 1812; x_wconf 89' lang='lat' dir='ltr'>societatis,</span> <span class='ocrx_word' id='word_1_413' title='bbox 1313 1737 1404 1800; x_wconf 89' lang='lat' dir='ltr'>debet</span> <span class='ocrx_word' id='word_1_414' title='bbox 1418 1738 1531 1800; x_wconf 89' lang='lat' dir='ltr'>habere</span> <span class='ocrx_word' id='word_1_415' title='bbox 1548 1738 1734 1818; x_wconf 90' lang='lat' dir='ltr'>completam</span> <span class='ocrx_word' id='word_1_416' title='bbox 1748 1739 1876 1816; x_wconf 84' lang='lat' dir='ltr'>quadra-</span> 
     </span>
     <span class='ocr_line' id='line_1_73' title="bbox 1130 1830 1876 1910; baseline -0.003 -18"><span class='ocrx_word' id='word_1_417' title='bbox 1130 1833 1215 1908; x_wconf 90' lang='lat' dir='ltr'>ginta</span> <span class='ocrx_word' id='word_1_418' title='bbox 1237 1833 1376 1910; x_wconf 91' lang='lat' dir='ltr'>quinque</span> <span class='ocrx_word' id='word_1_419' title='bbox 1389 1843 1546 1894; x_wconf 86' lang='lat' dir='ltr'>annorum</span> <span class='ocrx_word' id='word_1_420' title='bbox 1566 1839 1708 1907; x_wconf 91' lang='lat' dir='ltr'>aetatem,</span> <span class='ocrx_word' id='word_1_421' title='bbox 1722 1837 1753 1893; x_wconf 89' lang='lat' dir='ltr'>et</span> <span class='ocrx_word' id='word_1_422' title='bbox 1767 1830 1876 1909; x_wconf 89' lang='lat' dir='ltr'>elapsis</span> 
     </span>
     <span class='ocr_line' id='line_1_74' title="bbox 1130 1924 1877 2006; baseline -0.005 -18"><span class='ocrx_word' id='word_1_423' title='bbox 1130 1935 1197 2004; x_wconf 89' lang='lat' dir='ltr'>post</span> <span class='ocrx_word' id='word_1_424' title='bbox 1218 1925 1442 2005; x_wconf 79' lang='lat' dir='ltr'>professionem</span> <span class='ocrx_word' id='word_1_425' title='bbox 1476 1927 1715 2006; x_wconf 71' lang='lat' dir='ltr'>quindecimos</span> <span class='ocrx_word' id='word_1_426' title='bbox 1743 1924 1813 1986; x_wconf 89' lang='lat' dir='ltr'>illis.</span> <span class='ocrx_word' id='word_1_427' title='bbox 1838 1924 1877 1985; x_wconf 85' lang='lat' dir='ltr'>m</span> 
     </span>
     <span class='ocr_line' id='line_1_75' title="bbox 1130 2018 1876 2098; baseline -0.003 -18"><span class='ocrx_word' id='word_1_428' title='bbox 1130 2019 1245 2098; x_wconf 87' lang='lat' dir='ltr'>pariter</span> <span class='ocrx_word' id='word_1_429' title='bbox 1265 2021 1356 2084; x_wconf 90' lang='lat' dir='ltr'>debet</span> <span class='ocrx_word' id='word_1_430' title='bbox 1377 2021 1537 2097; x_wconf 89' lang='lat' dir='ltr'>babuisse,</span> <span class='ocrx_word' id='word_1_431' title='bbox 1560 2027 1594 2082; x_wconf 89' lang='lat' dir='ltr'>ut</span> <span class='ocrx_word' id='word_1_432' title='bbox 1616 2021 1732 2094; x_wconf 80' lang='lat' dir='ltr'>mium,</span> <span class='ocrx_word' id='word_1_433' title='bbox 1761 2018 1809 2080; x_wconf 93' lang='lat' dir='ltr'>bis</span> <span class='ocrx_word' id='word_1_434' title='bbox 1829 2034 1876 2078; x_wconf 90' lang='lat' dir='ltr'>re·</span> 
     </span>
     <span class='ocr_line' id='line_1_76' title="bbox 1131 2111 1879 2192; baseline -0.005 -16"><span class='ocrx_word' id='word_1_435' title='bbox 1131 2115 1238 2192; x_wconf 91' lang='lat' dir='ltr'>gimen</span> <span class='ocrx_word' id='word_1_436' title='bbox 1269 2114 1397 2178; x_wconf 88' lang='lat' dir='ltr'>alicuius</span> <span class='ocrx_word' id='word_1_437' title='bbox 1418 2131 1457 2176; x_wconf 85' lang='lat' dir='ltr'>ex</span> <span class='ocrx_word' id='word_1_438' title='bbox 1478 2114 1574 2176; x_wconf 89' lang='lat' dir='ltr'>dictae</span> <span class='ocrx_word' id='word_1_439' title='bbox 1599 2113 1752 2176; x_wconf 86' lang='lat' dir='ltr'>societatis</span> <span class='ocrx_word' id='word_1_440' title='bbox 1776 2111 1879 2190; x_wconf 84' lang='lat' dir='ltr'>bospi-</span> 
     </span>
     <span class='ocr_line' id='line_1_77' title="bbox 1132 2209 1722 2271; baseline -0.005 -1"><span class='ocrx_word' id='word_1_441' title='bbox 1132 2209 1252 2271; x_wconf 91' lang='lat' dir='ltr'>talibus.</span> <span class='ocrx_word' id='word_1_442' title='bbox 1719 2251 1722 2260; x_wconf 77' lang='grc'><strong>.</strong></span> 
     </span>
    </p>

    <p class='ocr_par' dir='ltr' id='par_1_10' title="bbox 1131 2301 1889 6037">
     <span class='ocr_line' id='line_1_78' title="bbox 1171 2301 1878 2381; baseline -0.003 -17"><span class='ocrx_word' id='word_1_443' title='bbox 1171 2303 1229 2365; x_wconf 81' lang='grc'>«9.</span> <span class='ocrx_word' id='word_1_444' title='bbox 1254 2303 1293 2368; x_wconf 84' lang='grc' dir='ltr'>Ει</span> <span class='ocrx_word' id='word_1_445' title='bbox 1314 2302 1430 2364; x_wconf 75' lang='lat' dir='ltr'>attenta</span> <span class='ocrx_word' id='word_1_446' title='bbox 1450 2301 1604 2376; x_wconf 81' lang='lat' dir='ltr'>distantia,</span> <span class='ocrx_word' id='word_1_447' title='bbox 1627 2318 1705 2381; x_wconf 91' lang='lat' dir='ltr'>quae</span> <span class='ocrx_word' id='word_1_448' title='bbox 1726 2309 1811 2363; x_wconf 91' lang='lat' dir='ltr'>tanta</span> <span class='ocrx_word' id='word_1_449' title='bbox 1832 2307 1878 2362; x_wconf 89' lang='lat' dir='ltr'>est</span> 
     </span>
     <span class='ocr_line' id='line_1_79' title="bbox 1131 2393 1878 2474; baseline -0.008 -14"><span class='ocrx_word' id='word_1_450' title='bbox 1131 2398 1214 2460; x_wconf 89' lang='lat' dir='ltr'>inter</span> <span class='ocrx_word' id='word_1_451' title='bbox 1235 2395 1314 2460; x_wconf 91' lang='lat' dir='ltr'>dicta</span> <span class='ocrx_word' id='word_1_452' title='bbox 1328 2396 1501 2473; x_wconf 88' lang='lat' dir='ltr'>hospitalia,</span> <span class='ocrx_word' id='word_1_453' title='bbox 1512 2395 1763 2474; x_wconf 88' lang='lat' dir='ltr'>quandoquidem</span> <span class='ocrx_word' id='word_1_454' title='bbox 1778 2393 1878 2472; x_wconf 92' lang='lat' dir='ltr'>aliqua</span> 
     </span>
     <span class='ocr_line' id='line_1_80' title="bbox 1133 2487 1877 2569; baseline -0.004 -17"><span class='ocrx_word' id='word_1_455' title='bbox 1133 2491 1214 2552; x_wconf 88' lang='lat' dir='ltr'>inter</span> <span class='ocrx_word' id='word_1_456' title='bbox 1241 2507 1274 2552; x_wconf 90' lang='lat' dir='ltr'>se</span> <span class='ocrx_word' id='word_1_457' title='bbox 1302 2489 1371 2569; x_wconf 91' lang='lat' dir='ltr'>plus</span> <span class='ocrx_word' id='word_1_458' title='bbox 1400 2489 1486 2551; x_wconf 91' lang='lat' dir='ltr'>mille</span> <span class='ocrx_word' id='word_1_459' title='bbox 1515 2489 1609 2552; x_wconf 90' lang='lat' dir='ltr'>leucis</span> <span class='ocrx_word' id='word_1_460' title='bbox 1637 2488 1770 2563; x_wconf 91' lang='lat' dir='ltr'>distant,</span> <span class='ocrx_word' id='word_1_461' title='bbox 1793 2496 1823 2549; x_wconf 91' lang='lat' dir='ltr'>et</span> <span class='ocrx_word' id='word_1_462' title='bbox 1845 2487 1877 2549; x_wconf 90' lang='lat' dir='ltr'>in</span> 
     </span>
     <span class='ocr_line' id='line_1_81' title="bbox 1132 2580 1878 2661; baseline -0.004 -17"><span class='ocrx_word' id='word_1_463' title='bbox 1132 2584 1192 2660; x_wconf 90' lang='lat' dir='ltr'>eis,</span> <span class='ocrx_word' id='word_1_464' title='bbox 1223 2598 1300 2661; x_wconf 91' lang='lat' dir='ltr'>quae</span> <span class='ocrx_word' id='word_1_465' title='bbox 1327 2583 1546 2661; x_wconf 89' lang='lat' dir='ltr'>inposterum</span> <span class='ocrx_word' id='word_1_466' title='bbox 1573 2582 1741 2658; x_wconf 76' lang='lat' dir='ltr'>extabunt,</span> <span class='ocrx_word' id='word_1_467' title='bbox 1771 2580 1878 2642; x_wconf 90' lang='lat' dir='ltr'>eadem</span> 
     </span>
     <span class='ocr_line' id='line_1_82' title="bbox 1132 2674 1879 2756; baseline -0.007 -17"><span class='ocrx_word' id='word_1_468' title='bbox 1132 2694 1188 2756; x_wconf 92' lang='lat' dir='ltr'>pro</span> <span class='ocrx_word' id='word_1_469' title='bbox 1210 2676 1416 2754; x_wconf 90' lang='lat' dir='ltr'>amplitudine</span> <span class='ocrx_word' id='word_1_470' title='bbox 1436 2676 1563 2738; x_wconf 90' lang='lat' dir='ltr'>illorum</span> <span class='ocrx_word' id='word_1_471' title='bbox 1590 2691 1760 2752; x_wconf 89' lang='lat' dir='ltr'>regnorum</span> <span class='ocrx_word' id='word_1_472' title='bbox 1782 2674 1879 2735; x_wconf 89' lang='lat' dir='ltr'>inter·</span> 
     </span>
     <span class='ocr_line' id='line_1_83' title="bbox 1132 2769 1878 2847; baseline -0.004 -15"><span class='ocrx_word' id='word_1_473' title='bbox 1132 2771 1218 2832; x_wconf 90' lang='lat' dir='ltr'>cedet</span> <span class='ocrx_word' id='word_1_474' title='bbox 1233 2770 1386 2845; x_wconf 90' lang='lat' dir='ltr'>distantia,</span> <span class='ocrx_word' id='word_1_475' title='bbox 1401 2769 1480 2831; x_wconf 92' lang='lat' dir='ltr'>etin</span> <span class='ocrx_word' id='word_1_476' title='bbox 1495 2769 1671 2844; x_wconf 90' lang='lat' dir='ltr'>eventibus,</span> <span class='ocrx_word' id='word_1_477' title='bbox 1687 2769 1741 2847; x_wconf 92' lang='lat' dir='ltr'>qui</span> <span class='ocrx_word' id='word_1_478' title='bbox 1756 2769 1788 2830; x_wconf 92' lang='lat' dir='ltr'>in</span> <span class='ocrx_word' id='word_1_479' title='bbox 1804 2783 1878 2846; x_wconf 92' lang='lat' dir='ltr'>quo·</span> 
     </span>
     <span class='ocr_line' id='line_1_84' title="bbox 1133 2864 1878 2942; baseline -0.004 -15"><span class='ocrx_word' id='word_1_480' title='bbox 1133 2865 1207 2928; x_wconf 92' lang='lat' dir='ltr'>libet</span> <span class='ocrx_word' id='word_1_481' title='bbox 1228 2864 1354 2926; x_wconf 91' lang='lat' dir='ltr'>illorum</span> <span class='ocrx_word' id='word_1_482' title='bbox 1375 2871 1584 2938; x_wconf 85' lang='lat' dir='ltr'>occurrerent,</span> <span class='ocrx_word' id='word_1_483' title='bbox 1605 2871 1781 2942; x_wconf 87' lang='lat' dir='ltr'>promptam</span> <span class='ocrx_word' id='word_1_484' title='bbox 1807 2878 1878 2924; x_wconf 88' lang='lat' dir='ltr'>con·</span> 
     </span>
     <span class='ocr_line' id='line_1_85' title="bbox 1133 2958 1879 3036; baseline -0.003 -16"><span class='ocrx_word' id='word_1_485' title='bbox 1133 2960 1220 3022; x_wconf 89' lang='lat' dir='ltr'>venit</span> <span class='ocrx_word' id='word_1_486' title='bbox 1242 2958 1380 3020; x_wconf 88' lang='lat' dir='ltr'>adbiberi</span> <span class='ocrx_word' id='word_1_487' title='bbox 1410 2958 1637 3035; x_wconf 89' lang='lat' dir='ltr'>provisionem,</span> <span class='ocrx_word' id='word_1_488' title='bbox 1660 2973 1794 3036; x_wconf 90' lang='lat' dir='ltr'>cumque</span> <span class='ocrx_word' id='word_1_489' title='bbox 1815 2972 1879 3018; x_wconf 92' lang='lat' dir='ltr'>non</span> 
     </span>
     <span class='ocr_line' id='line_1_86' title="bbox 1134 3051 1879 3133; baseline -0.004 -18"><span class='ocrx_word' id='word_1_490' title='bbox 1134 3052 1228 3133; x_wconf 91' lang='lat' dir='ltr'>possit</span> <span class='ocrx_word' id='word_1_491' title='bbox 1249 3051 1421 3130; x_wconf 90' lang='lat' dir='ltr'>praelectus</span> <span class='ocrx_word' id='word_1_492' title='bbox 1443 3051 1595 3128; x_wconf 89' lang='lat' dir='ltr'>generalis</span> <span class='ocrx_word' id='word_1_493' title='bbox 1617 3053 1650 3112; x_wconf 91' lang='lat' dir='ltr'>in</span> <span class='ocrx_word' id='word_1_494' title='bbox 1670 3053 1745 3114; x_wconf 90' lang='lat' dir='ltr'>adeo</span> <span class='ocrx_word' id='word_1_495' title='bbox 1766 3051 1879 3114; x_wconf 90' lang='lat' dir='ltr'>distan-</span> 
     </span>
     <span class='ocr_line' id='line_1_87' title="bbox 1134 3144 1879 3209; baseline -0.005 0"><span class='ocrx_word' id='word_1_496' title='bbox 1134 3145 1215 3209; x_wconf 91' lang='lat' dir='ltr'>tibus</span> <span class='ocrx_word' id='word_1_497' title='bbox 1236 3153 1267 3206; x_wconf 92' lang='lat' dir='ltr'>et</span> <span class='ocrx_word' id='word_1_498' title='bbox 1288 3145 1436 3206; x_wconf 89' lang='lat' dir='ltr'>seiunctis</span> <span class='ocrx_word' id='word_1_499' title='bbox 1457 3144 1530 3207; x_wconf 89' lang='lat' dir='ltr'>locis</span> <span class='ocrx_word' id='word_1_500' title='bbox 1540 3147 1601 3206; x_wconf 84' lang='lat' dir='ltr'>unal</span> <span class='ocrx_word' id='word_1_501' title='bbox 1621 3161 1692 3208; x_wconf 92' lang='lat' dir='ltr'>cum</span> <span class='ocrx_word' id='word_1_502' title='bbox 1712 3145 1879 3206; x_wconf 85' lang='lat' dir='ltr'>assistenti-</span> 
     </span>
     <span class='ocr_line' id='line_1_88' title="bbox 1135 3239 1880 3316; baseline -0.001 -15"><span class='ocrx_word' id='word_1_503' title='bbox 1135 3239 1191 3302; x_wconf 93' lang='lat' dir='ltr'>bus</span> <span class='ocrx_word' id='word_1_504' title='bbox 1212 3239 1363 3301; x_wconf 91' lang='lat' dir='ltr'>residere:</span> <span class='ocrx_word' id='word_1_505' title='bbox 1388 3239 1467 3314; x_wconf 91' lang='lat' dir='ltr'>ideo,</span> <span class='ocrx_word' id='word_1_506' title='bbox 1491 3251 1547 3316; x_wconf 89' lang='lat' dir='ltr'>pro</span> <span class='ocrx_word' id='word_1_507' title='bbox 1569 3240 1691 3301; x_wconf 91' lang='lat' dir='ltr'>meliori</span> <span class='ocrx_word' id='word_1_508' title='bbox 1715 3239 1814 3302; x_wconf 91' lang='lat' dir='ltr'>dictae</span> <span class='ocrx_word' id='word_1_509' title='bbox 1834 3256 1880 3300; x_wconf 92' lang='lat' dir='ltr'>so-</span> 
     </span>
     <span class='ocr_line' id='line_1_89' title="bbox 1135 3333 1880 3413; baseline -0.003 -15"><span class='ocrx_word' id='word_1_510' title='bbox 1135 3335 1250 3400; x_wconf 90' lang='lat' dir='ltr'>cietatis</span> <span class='ocrx_word' id='word_1_511' title='bbox 1281 3333 1435 3410; x_wconf 90' lang='lat' dir='ltr'>regimine</span> <span class='ocrx_word' id='word_1_512' title='bbox 1457 3333 1649 3411; x_wconf 89' lang='lat' dir='ltr'>disponitur,</span> <span class='ocrx_word' id='word_1_513' title='bbox 1678 3333 1771 3413; x_wconf 90' lang='lat' dir='ltr'>quod,</span> <span class='ocrx_word' id='word_1_514' title='bbox 1794 3351 1880 3413; x_wconf 91' lang='lat' dir='ltr'>prae-</span> 
     </span>
     <span class='ocr_line' id='line_1_90' title="bbox 1135 3427 1879 3506; baseline 0.003 -16"><span class='ocrx_word' id='word_1_515' title='bbox 1135 3430 1214 3492; x_wconf 88' lang='lat' dir='ltr'>fecto</span> <span class='ocrx_word' id='word_1_516' title='bbox 1236 3427 1373 3506; x_wconf 91' lang='lat' dir='ltr'>generali</span> <span class='ocrx_word' id='word_1_517' title='bbox 1395 3429 1427 3490; x_wconf 93' lang='lat' dir='ltr'>in</span> <span class='ocrx_word' id='word_1_518' title='bbox 1448 3443 1546 3504; x_wconf 89' lang='lat' dir='ltr'>regno</span> <span class='ocrx_word' id='word_1_519' title='bbox 1573 3429 1715 3491; x_wconf 90' lang='lat' dir='ltr'>Peruano</span> <span class='ocrx_word' id='word_1_520' title='bbox 1736 3431 1879 3506; x_wconf 90' lang='lat' dir='ltr'>degente,</span> 
     </span>
     <span class='ocr_line' id='line_1_91' title="bbox 1135 3521 1883 3601; baseline -0.001 -15"><span class='ocrx_word' id='word_1_521' title='bbox 1135 3521 1431 3586; x_wconf 89' lang='lat' dir='ltr'>debetcommittere</span> <span class='ocrx_word' id='word_1_522' title='bbox 1442 3522 1524 3584; x_wconf 90' lang='lat' dir='ltr'>vices</span> <span class='ocrx_word' id='word_1_523' title='bbox 1534 3539 1603 3584; x_wconf 92' lang='lat' dir='ltr'>suas</span> <span class='ocrx_word' id='word_1_524' title='bbox 1614 3523 1767 3601; x_wconf 89' lang='lat' dir='ltr'>praelecto</span> <span class='ocrx_word' id='word_1_525' title='bbox 1778 3523 1883 3586; x_wconf 89' lang='lat' dir='ltr'>Sancti</span> 
     </span>
     <span class='ocr_line' id='line_1_92' title="bbox 1136 3615 1883 3690; baseline -0.003 -11"><span class='ocrx_word' id='word_1_526' title='bbox 1136 3615 1288 3680; x_wconf 81' lang='lat' dir='ltr'>francisci</span> <span class='ocrx_word' id='word_1_527' title='bbox 1310 3615 1435 3678; x_wconf 88' lang='lat' dir='ltr'>llaverii</span> <span class='ocrx_word' id='word_1_528' title='bbox 1456 3616 1493 3676; x_wconf 90' lang='lat' dir='ltr'>de</span> <span class='ocrx_word' id='word_1_529' title='bbox 1514 3615 1642 3690; x_wconf 84' lang='lat' dir='ltr'>lllexico,</span> <span class='ocrx_word' id='word_1_530' title='bbox 1665 3615 1818 3678; x_wconf 90' lang='lat' dir='ltr'>adiunctis</span> <span class='ocrx_word' id='word_1_531' title='bbox 1838 3617 1883 3678; x_wconf 90' lang='lat' dir='ltr'>ei-</span> 
     </span>
     <span class='ocr_line' id='line_1_93' title="bbox 1136 3709 1883 3788; baseline 0 -16"><span class='ocrx_word' id='word_1_532' title='bbox 1136 3710 1207 3772; x_wconf 92' lang='lat' dir='ltr'>dem</span> <span class='ocrx_word' id='word_1_533' title='bbox 1228 3711 1296 3771; x_wconf 92' lang='lat' dir='ltr'>aliis</span> <span class='ocrx_word' id='word_1_534' title='bbox 1317 3717 1449 3786; x_wconf 92' lang='lat' dir='ltr'>quatuor</span> <span class='ocrx_word' id='word_1_535' title='bbox 1469 3710 1681 3772; x_wconf 84' lang='lat' dir='ltr'>assistentibus</span> <span class='ocrx_word' id='word_1_536' title='bbox 1702 3710 1734 3772; x_wconf 91' lang='lat' dir='ltr'>in</span> <span class='ocrx_word' id='word_1_537' title='bbox 1749 3709 1883 3788; x_wconf 89' lang='lat' dir='ltr'>capitulo</span> 
     </span>
     <span class='ocr_line' id='line_1_94' title="bbox 1137 3803 1882 3882; baseline 0 -16"><span class='ocrx_word' id='word_1_538' title='bbox 1137 3804 1272 3881; x_wconf 88' lang='lat' dir='ltr'>generali</span> <span class='ocrx_word' id='word_1_539' title='bbox 1293 3803 1460 3879; x_wconf 89' lang='lat' dir='ltr'>eligendis,</span> <span class='ocrx_word' id='word_1_540' title='bbox 1483 3819 1539 3881; x_wconf 91' lang='lat' dir='ltr'>pro</span> <span class='ocrx_word' id='word_1_541' title='bbox 1561 3804 1705 3866; x_wconf 91' lang='lat' dir='ltr'>omnibus</span> <span class='ocrx_word' id='word_1_542' title='bbox 1736 3820 1813 3882; x_wconf 90' lang='lat' dir='ltr'>quae</span> <span class='ocrx_word' id='word_1_543' title='bbox 1834 3819 1882 3866; x_wconf 93' lang='lat' dir='ltr'>oc·</span> 
     </span>
     <span class='ocr_line' id='line_1_95' title="bbox 1136 3895 1882 3974; baseline -0.005 -12"><span class='ocrx_word' id='word_1_544' title='bbox 1136 3905 1263 3962; x_wconf 85' lang='lat' dir='ltr'>current</span> <span class='ocrx_word' id='word_1_545' title='bbox 1285 3897 1316 3958; x_wconf 93' lang='lat' dir='ltr'>in</span> <span class='ocrx_word' id='word_1_546' title='bbox 1329 3895 1412 3958; x_wconf 92' lang='lat' dir='ltr'>illius</span> <span class='ocrx_word' id='word_1_547' title='bbox 1426 3897 1515 3973; x_wconf 91' lang='lat' dir='ltr'>regni</span> <span class='ocrx_word' id='word_1_548' title='bbox 1536 3897 1749 3974; x_wconf 68' lang='lat' dir='ltr'>hospitalibus</span> <span class='ocrx_word' id='word_1_549' title='bbox 1765 3903 1882 3958; x_wconf 91' lang='lat' dir='ltr'>etcum</span> 
     </span>
     <span class='ocr_line' id='line_1_96' title="bbox 1137 3989 1884 4068; baseline 0 -16"><span class='ocrx_word' id='word_1_550' title='bbox 1137 3990 1169 4053; x_wconf 90' lang='lat' dir='ltr'>in</span> <span class='ocrx_word' id='word_1_551' title='bbox 1192 3989 1278 4054; x_wconf 79' lang='lat' dir='ltr'>Nova</span> <span class='ocrx_word' id='word_1_552' title='bbox 1292 3990 1435 4068; x_wconf 89' lang='lat' dir='ltr'>Hispania</span> <span class='ocrx_word' id='word_1_553' title='bbox 1450 3989 1554 4066; x_wconf 90' lang='lat' dir='ltr'>luerit,</span> <span class='ocrx_word' id='word_1_554' title='bbox 1566 3993 1689 4054; x_wconf 89' lang='lat' dir='ltr'>easdem</span> <span class='ocrx_word' id='word_1_555' title='bbox 1703 3991 1785 4052; x_wconf 91' lang='lat' dir='ltr'>vices</span> <span class='ocrx_word' id='word_1_556' title='bbox 1800 4005 1884 4052; x_wconf 87' lang='lat' dir='ltr'>conr·</span> 
     </span>
     <span class='ocr_line' id='line_1_97' title="bbox 1136 4083 1883 4162; baseline -0.003 -14"><span class='ocrx_word' id='word_1_557' title='bbox 1136 4086 1261 4148; x_wconf 90' lang='lat' dir='ltr'>mittere</span> <span class='ocrx_word' id='word_1_558' title='bbox 1286 4084 1394 4147; x_wconf 90' lang='lat' dir='ltr'>debeat</span> <span class='ocrx_word' id='word_1_559' title='bbox 1415 4083 1567 4162; x_wconf 91' lang='lat' dir='ltr'>praelecto</span> <span class='ocrx_word' id='word_1_560' title='bbox 1596 4083 1752 4162; x_wconf 87' lang='lat' dir='ltr'>hospitalis</span> <span class='ocrx_word' id='word_1_561' title='bbox 1777 4083 1883 4146; x_wconf 89' lang='lat' dir='ltr'>Limae</span> 
     </span>
     <span class='ocr_line' id='line_1_98' title="bbox 1137 4178 1883 4255; baseline 0 -15"><span class='ocrx_word' id='word_1_562' title='bbox 1137 4179 1265 4250; x_wconf 90' lang='lat' dir='ltr'>Nostrae</span> <span class='ocrx_word' id='word_1_563' title='bbox 1295 4179 1444 4240; x_wconf 89' lang='lat' dir='ltr'>Dominae</span> <span class='ocrx_word' id='word_1_564' title='bbox 1471 4178 1510 4240; x_wconf 90' lang='lat' dir='ltr'>de</span> <span class='ocrx_word' id='word_1_565' title='bbox 1540 4178 1698 4255; x_wconf 75' lang='lat' dir='ltr'>carmelo,</span> <span class='ocrx_word' id='word_1_566' title='bbox 1731 4178 1883 4240; x_wconf 88' lang='lat' dir='ltr'>adiunctis</span> 
     </span>
     <span class='ocr_line' id='line_1_99' title="bbox 1137 4271 1883 4350; baseline -0.004 -15"><span class='ocrx_word' id='word_1_567' title='bbox 1137 4273 1237 4336; x_wconf 92' lang='lat' dir='ltr'>eidem</span> <span class='ocrx_word' id='word_1_568' title='bbox 1249 4272 1315 4334; x_wconf 91' lang='lat' dir='ltr'>aliis</span> <span class='ocrx_word' id='word_1_569' title='bbox 1329 4279 1462 4350; x_wconf 91' lang='lat' dir='ltr'>quatuor</span> <span class='ocrx_word' id='word_1_570' title='bbox 1475 4271 1687 4334; x_wconf 85' lang='lat' dir='ltr'>assistentibus</span> <span class='ocrx_word' id='word_1_571' title='bbox 1702 4273 1735 4333; x_wconf 91' lang='lat' dir='ltr'>in</span> <span class='ocrx_word' id='word_1_572' title='bbox 1750 4271 1883 4350; x_wconf 90' lang='lat' dir='ltr'>capitulo</span> 
     </span>
     <span class='ocr_line' id='line_1_100' title="bbox 1139 4365 1882 4444; baseline -0.005 -14"><span class='ocrx_word' id='word_1_573' title='bbox 1139 4366 1274 4444; x_wconf 89' lang='lat' dir='ltr'>generali</span> <span class='ocrx_word' id='word_1_574' title='bbox 1297 4365 1458 4442; x_wconf 90' lang='lat' dir='ltr'>eligendis,</span> <span class='ocrx_word' id='word_1_575' title='bbox 1481 4383 1553 4428; x_wconf 92' lang='lat' dir='ltr'>cum</span> <span class='ocrx_word' id='word_1_576' title='bbox 1575 4365 1769 4443; x_wconf 86' lang='lat' dir='ltr'>plenitudine</span> <span class='ocrx_word' id='word_1_577' title='bbox 1797 4371 1882 4444; x_wconf 89' lang='lat' dir='ltr'>pote-</span> 
     </span>
     <span class='ocr_line' id='line_1_101' title="bbox 1137 4459 1883 4538; baseline 0 -17"><span class='ocrx_word' id='word_1_578' title='bbox 1137 4461 1239 4536; x_wconf 89' lang='lat' dir='ltr'>statis,</span> <span class='ocrx_word' id='word_1_579' title='bbox 1261 4461 1578 4538; x_wconf 89' lang='lat' dir='ltr'>praeterquamquod</span> <span class='ocrx_word' id='word_1_580' title='bbox 1600 4459 1633 4520; x_wconf 92' lang='lat' dir='ltr'>in</span> <span class='ocrx_word' id='word_1_581' title='bbox 1656 4459 1883 4537; x_wconf 87' lang='lat' dir='ltr'>pertinentibus</span> 
     </span>
     <span class='ocr_line' id='line_1_102' title="bbox 1139 4553 1884 4629; baseline -0.001 -15"><span class='ocrx_word' id='word_1_582' title='bbox 1139 4555 1173 4616; x_wconf 90' lang='lat' dir='ltr'>ad</span> <span class='ocrx_word' id='word_1_583' title='bbox 1196 4569 1336 4616; x_wconf 90' lang='lat' dir='ltr'>normam</span> <span class='ocrx_word' id='word_1_584' title='bbox 1368 4553 1529 4629; x_wconf 87' lang='lat' dir='ltr'>regiminis</span> <span class='ocrx_word' id='word_1_585' title='bbox 1556 4553 1708 4629; x_wconf 87' lang='lat' dir='ltr'>generalis</span> <span class='ocrx_word' id='word_1_586' title='bbox 1732 4553 1884 4614; x_wconf 89' lang='lat' dir='ltr'>societatis</span> 
     </span>
     <span class='ocr_line' id='line_1_103' title="bbox 1138 4646 1884 4724; baseline -0.003 -15"><span class='ocrx_word' id='word_1_587' title='bbox 1138 4654 1169 4709; x_wconf 89' lang='lat' dir='ltr'>et</span> <span class='ocrx_word' id='word_1_588' title='bbox 1190 4647 1352 4724; x_wconf 89' lang='lat' dir='ltr'>peculiaris</span> <span class='ocrx_word' id='word_1_589' title='bbox 1373 4646 1536 4710; x_wconf 86' lang='lat' dir='ltr'>cuiuslibet</span> <span class='ocrx_word' id='word_1_590' title='bbox 1557 4662 1596 4707; x_wconf 79' lang='lat' dir='ltr'>ex</span> <span class='ocrx_word' id='word_1_591' title='bbox 1617 4647 1769 4722; x_wconf 91' lang='lat' dir='ltr'>domibus,</span> <span class='ocrx_word' id='word_1_592' title='bbox 1793 4655 1823 4709; x_wconf 89' lang='lat' dir='ltr'>et</span> <span class='ocrx_word' id='word_1_593' title='bbox 1843 4646 1884 4708; x_wconf 92' lang='lat' dir='ltr'>ci-</span> 
     </span>
     <span class='ocr_line' id='line_1_104' title="bbox 1140 4739 1884 4820; baseline 0 -18"><span class='ocrx_word' id='word_1_594' title='bbox 1140 4749 1185 4802; x_wconf 92' lang='lat' dir='ltr'>tra</span> <span class='ocrx_word' id='word_1_595' title='bbox 1206 4743 1415 4802; x_wconf 90' lang='lat' dir='ltr'>remotionem</span> <span class='ocrx_word' id='word_1_596' title='bbox 1435 4756 1491 4802; x_wconf 89' lang='lat' dir='ltr'>seu</span> <span class='ocrx_word' id='word_1_597' title='bbox 1518 4739 1730 4801; x_wconf 90' lang='lat' dir='ltr'>dimissionem</span> <span class='ocrx_word' id='word_1_598' title='bbox 1751 4739 1884 4820; x_wconf 84' lang='lat' dir='ltr'>praefec-</span> 
     </span>
     <span class='ocr_line' id='line_1_105' title="bbox 1139 4833 1885 4913; baseline -0.001 -17"><span class='ocrx_word' id='word_1_599' title='bbox 1139 4841 1243 4896; x_wconf 91' lang='lat' dir='ltr'>torum</span> <span class='ocrx_word' id='word_1_600' title='bbox 1275 4835 1412 4913; x_wconf 89' lang='lat' dir='ltr'>ipsarum</span> <span class='ocrx_word' id='word_1_601' title='bbox 1443 4833 1578 4912; x_wconf 84' lang='lat' dir='ltr'>(possint</span> <span class='ocrx_word' id='word_1_602' title='bbox 1608 4841 1712 4895; x_wconf 89' lang='lat' dir='ltr'>tamen</span> <span class='ocrx_word' id='word_1_603' title='bbox 1740 4850 1780 4895; x_wconf 82' lang='lat' dir='ltr'>ex</span> <span class='ocrx_word' id='word_1_604' title='bbox 1805 4833 1885 4896; x_wconf 82' lang='lat' dir='ltr'>iusta</span> 
     </span>
     <span class='ocr_line' id='line_1_106' title="bbox 1139 4926 1885 5006; baseline -0.003 -16"><span class='ocrx_word' id='word_1_605' title='bbox 1139 4929 1227 4990; x_wconf 79' lang='lat' dir='ltr'>causa</span> <span class='ocrx_word' id='word_1_606' title='bbox 1249 4926 1284 4988; x_wconf 91' lang='lat' dir='ltr'>ad</span> <span class='ocrx_word' id='word_1_607' title='bbox 1314 4935 1435 5006; x_wconf 89' lang='lat' dir='ltr'>tempus</span> <span class='ocrx_word' id='word_1_608' title='bbox 1456 4927 1492 4988; x_wconf 92' lang='lat' dir='ltr'>ab</span> <span class='ocrx_word' id='word_1_609' title='bbox 1517 4926 1616 4989; x_wconf 90' lang='lat' dir='ltr'>olllcio</span> <span class='ocrx_word' id='word_1_610' title='bbox 1644 4928 1833 5005; x_wconf 89' lang='lat' dir='ltr'>suspendere</span> <span class='ocrx_word' id='word_1_611' title='bbox 1853 4935 1885 4988; x_wconf 92' lang='lat' dir='ltr'>et</span> 
     </span>
     <span class='ocr_line' id='line_1_107' title="bbox 1140 5019 1885 5098; baseline -0.003 -16"><span class='ocrx_word' id='word_1_612' title='bbox 1140 5021 1317 5098; x_wconf 89' lang='lat' dir='ltr'>generalem</span> <span class='ocrx_word' id='word_1_613' title='bbox 1340 5021 1516 5095; x_wconf 90' lang='lat' dir='ltr'>certiorare,</span> <span class='ocrx_word' id='word_1_614' title='bbox 1540 5021 1684 5098; x_wconf 91' lang='lat' dir='ltr'>deputato</span> <span class='ocrx_word' id='word_1_615' title='bbox 1702 5019 1831 5082; x_wconf 89' lang='lat' dir='ltr'>interim</span> <span class='ocrx_word' id='word_1_616' title='bbox 1852 5020 1885 5080; x_wconf 92' lang='lat' dir='ltr'>in</span> 
     </span>
     <span class='ocr_line' id='line_1_108' title="bbox 1140 5114 1885 5193; baseline -0.003 -17"><span class='ocrx_word' id='word_1_617' title='bbox 1140 5115 1281 5193; x_wconf 89' lang='lat' dir='ltr'>suspensi</span> <span class='ocrx_word' id='word_1_618' title='bbox 1312 5115 1415 5176; x_wconf 91' lang='lat' dir='ltr'>locum</span> <span class='ocrx_word' id='word_1_619' title='bbox 1436 5114 1551 5176; x_wconf 91' lang='lat' dir='ltr'>vicario</span> <span class='ocrx_word' id='word_1_620' title='bbox 1580 5115 1719 5193; x_wconf 90' lang='lat' dir='ltr'>idoneo),</span> <span class='ocrx_word' id='word_1_621' title='bbox 1743 5130 1800 5176; x_wconf 90' lang='lat' dir='ltr'>nec</span> <span class='ocrx_word' id='word_1_622' title='bbox 1822 5130 1885 5174; x_wconf 91' lang='lat' dir='ltr'>non</span> 
     </span>
     <span class='ocr_line' id='line_1_109' title="bbox 1140 5206 1884 5283; baseline -0.001 -14"><span class='ocrx_word' id='word_1_623' title='bbox 1140 5209 1354 5270; x_wconf 89' lang='lat' dir='ltr'>dimissionem</span> <span class='ocrx_word' id='word_1_624' title='bbox 1375 5206 1503 5268; x_wconf 89' lang='lat' dir='ltr'>alicuius</span> <span class='ocrx_word' id='word_1_625' title='bbox 1525 5223 1563 5268; x_wconf 79' lang='lat' dir='ltr'>er</span> <span class='ocrx_word' id='word_1_626' title='bbox 1584 5207 1748 5283; x_wconf 90' lang='lat' dir='ltr'>fratribus,</span> <span class='ocrx_word' id='word_1_627' title='bbox 1771 5207 1832 5268; x_wconf 89' lang='lat' dir='ltr'>nisi</span> <span class='ocrx_word' id='word_1_628' title='bbox 1853 5207 1884 5269; x_wconf 94' lang='lat' dir='ltr'>in</span> 
     </span>
     <span class='ocr_line' id='line_1_110' title="bbox 1141 5301 1885 5380; baseline -0.003 -16"><span class='ocrx_word' id='word_1_629' title='bbox 1141 5319 1205 5364; x_wconf 92' lang='lat' dir='ltr'>uno</span> <span class='ocrx_word' id='word_1_630' title='bbox 1219 5319 1258 5363; x_wconf 77' lang='lat' dir='ltr'>er</span> <span class='ocrx_word' id='word_1_631' title='bbox 1272 5301 1389 5364; x_wconf 89' lang='lat' dir='ltr'>delictis</span> <span class='ocrx_word' id='word_1_632' title='bbox 1404 5303 1555 5380; x_wconf 76' lang='lat' dir='ltr'>expressis</span> <span class='ocrx_word' id='word_1_633' title='bbox 1570 5301 1602 5363; x_wconf 93' lang='lat' dir='ltr'>in</span> <span class='ocrx_word' id='word_1_634' title='bbox 1612 5302 1834 5364; x_wconf 89' lang='lat' dir='ltr'>constitutione</span> <span class='ocrx_word' id='word_1_635' title='bbox 1847 5301 1885 5362; x_wconf 72' lang='lat' dir='ltr'>al</span> 
     </span>
     <span class='ocr_line' id='line_1_111' title="bbox 1141 5395 1886 5474; baseline -0.001 -17"><span class='ocrx_word' id='word_1_636' title='bbox 1141 5397 1235 5458; x_wconf 88' lang='lat' dir='ltr'>buius</span> <span class='ocrx_word' id='word_1_637' title='bbox 1256 5395 1381 5474; x_wconf 91' lang='lat' dir='ltr'>capituli</span> <span class='ocrx_word' id='word_1_638' title='bbox 1403 5413 1454 5473; x_wconf 80' lang='lat' dir='ltr'>1x3</span> <span class='ocrx_word' id='word_1_639' title='bbox 1481 5395 1615 5474; x_wconf 90' lang='lat' dir='ltr'>proviso,</span> <span class='ocrx_word' id='word_1_640' title='bbox 1638 5397 1718 5474; x_wconf 90' lang='lat' dir='ltr'>quod</span> <span class='ocrx_word' id='word_1_641' title='bbox 1740 5395 1886 5458; x_wconf 91' lang='lat' dir='ltr'>substitu-</span> 
     </span>
     <span class='ocr_line' id='line_1_112' title="bbox 1142 5489 1886 5568; baseline 0 -18"><span class='ocrx_word' id='word_1_642' title='bbox 1142 5491 1185 5550; x_wconf 92' lang='lat' dir='ltr'>tio</span> <span class='ocrx_word' id='word_1_643' title='bbox 1206 5489 1339 5567; x_wconf 89' lang='lat' dir='ltr'>pracfata</span> <span class='ocrx_word' id='word_1_644' title='bbox 1361 5505 1424 5550; x_wconf 90' lang='lat' dir='ltr'>non</span> <span class='ocrx_word' id='word_1_645' title='bbox 1446 5490 1540 5568; x_wconf 90' lang='lat' dir='ltr'>possit</span> <span class='ocrx_word' id='word_1_646' title='bbox 1560 5490 1654 5551; x_wconf 86' lang='lat' dir='ltr'>etiam</span> <span class='ocrx_word' id='word_1_647' title='bbox 1678 5497 1745 5568; x_wconf 92' lang='lat' dir='ltr'>post</span> <span class='ocrx_word' id='word_1_648' title='bbox 1766 5489 1886 5550; x_wconf 89' lang='lat' dir='ltr'>obitum</span> 
     </span>
     <span class='ocr_line' id='line_1_113' title="bbox 1142 5583 1888 5661; baseline -0.001 -18"><span class='ocrx_word' id='word_1_649' title='bbox 1142 5583 1288 5661; x_wconf 86' lang='lat' dir='ltr'>praelecti</span> <span class='ocrx_word' id='word_1_650' title='bbox 1309 5583 1461 5659; x_wconf 90' lang='lat' dir='ltr'>generalis</span> <span class='ocrx_word' id='word_1_651' title='bbox 1482 5583 1632 5658; x_wconf 90' lang='lat' dir='ltr'>revocari,</span> <span class='ocrx_word' id='word_1_652' title='bbox 1654 5584 1707 5644; x_wconf 80' lang='lat' dir='ltr'>secl</span> <span class='ocrx_word' id='word_1_653' title='bbox 1722 5590 1787 5644; x_wconf 90' lang='lat' dir='ltr'>toto</span> <span class='ocrx_word' id='word_1_654' title='bbox 1808 5589 1888 5644; x_wconf 86' lang='lat' dir='ltr'>tena-</span> 
     </span>
     <span class='ocr_line' id='line_1_114' title="bbox 1143 5675 1887 5756; baseline 0 -20"><span class='ocrx_word' id='word_1_655' title='bbox 1143 5677 1225 5754; x_wconf 89' lang='lat' dir='ltr'>poris</span> <span class='ocrx_word' id='word_1_656' title='bbox 1257 5676 1422 5737; x_wconf 91' lang='lat' dir='ltr'>intervallo</span> <span class='ocrx_word' id='word_1_657' title='bbox 1452 5675 1610 5756; x_wconf 91' lang='lat' dir='ltr'>usquead</span> <span class='ocrx_word' id='word_1_658' title='bbox 1638 5677 1712 5738; x_wconf 92' lang='lat' dir='ltr'>novi</span> <span class='ocrx_word' id='word_1_659' title='bbox 1743 5676 1887 5755; x_wconf 89' lang='lat' dir='ltr'>praelecti</span> 
     </span>
     <span class='ocr_line' id='line_1_115' title="bbox 1143 5769 1888 5850; baseline 0 -20"><span class='ocrx_word' id='word_1_660' title='bbox 1143 5770 1296 5846; x_wconf 90' lang='lat' dir='ltr'>generalis</span> <span class='ocrx_word' id='word_1_661' title='bbox 1329 5770 1515 5832; x_wconf 86' lang='lat' dir='ltr'>electionem</span> <span class='ocrx_word' id='word_1_662' title='bbox 1549 5771 1712 5850; x_wconf 88' lang='lat' dir='ltr'>perduret,</span> <span class='ocrx_word' id='word_1_663' title='bbox 1744 5769 1888 5848; x_wconf 91' lang='lat' dir='ltr'>quodque</span> 
     </span>
     <span class='ocr_line' id='line_1_116' title="bbox 1146 5863 1887 5942; baseline -0.001 -17"><span class='ocrx_word' id='word_1_664' title='bbox 1146 5871 1278 5941; x_wconf 89' lang='lat' dir='ltr'>uterque</span> <span class='ocrx_word' id='word_1_665' title='bbox 1298 5863 1468 5942; x_wconf 87' lang='lat' dir='ltr'>praefectus</span> <span class='ocrx_word' id='word_1_666' title='bbox 1482 5864 1678 5940; x_wconf 87' lang='lat' dir='ltr'>substitutus,</span> <span class='ocrx_word' id='word_1_667' title='bbox 1696 5867 1729 5926; x_wconf 87' lang='lat' dir='ltr'>ln</span> <span class='ocrx_word' id='word_1_668' title='bbox 1744 5863 1887 5924; x_wconf 87' lang='lat' dir='ltr'>omnibus</span> 
     </span>
     <span class='ocr_line' id='line_1_117' title="bbox 1144 5957 1889 6037; baseline -0.001 -19"><span class='ocrx_word' id='word_1_669' title='bbox 1144 5975 1220 6037; x_wconf 90' lang='lat' dir='ltr'>quae</span> <span class='ocrx_word' id='word_1_670' title='bbox 1242 5957 1471 6035; x_wconf 86' lang='lat' dir='ltr'>operabuntur,</span> <span class='ocrx_word' id='word_1_671' title='bbox 1493 5959 1624 6021; x_wconf 90' lang='lat' dir='ltr'>debcant</span> <span class='ocrx_word' id='word_1_672' title='bbox 1644 5959 1796 6020; x_wconf 90' lang='lat' dir='ltr'>rationem</span> <span class='ocrx_word' id='word_1_673' title='bbox 1819 5957 1889 6018; x_wconf 89' lang='lat' dir='ltr'>red·</span> 
     </span>
    </p>
   </div>
   <div class='ocr_carea' id='block_1_8' title="bbox 1757 6105 1782 6156">
    <p class='ocr_par' dir='ltr' id='par_1_11' title="bbox 1757 6105 1782 6156">
     <span class='ocr_line' id='line_1_118' title="bbox 1757 6105 1782 6156; baseline 0.24 -6"><span class='ocrx_word' id='word_1_674' title='bbox 1757 6105 1782 6156; x_wconf 82' lang='lat' dir='ltr'>tt</span> 
     </span>
    </p>
   </div>
   <div class='ocr_carea' id='block_1_9' title="bbox 0 0 2450 6980">
    <p class='ocr_par' dir='ltr' id='par_1_12' title="bbox 0 0 2450 6980">
     <span class='ocr_line' id='line_1_119' title="bbox 0 0 2450 6980; baseline 0 0"><span class='ocrx_word' id='word_1_675' title='bbox 0 0 2450 6980; x_wconf 95' lang='lat' dir='ltr'> </span> 
     </span>
    </p>
   </div>
   <div class='ocr_carea' id='block_1_10' title="bbox 1795 549 2090 632">
    <p class='ocr_par' dir='ltr' id='par_1_13' title="bbox 1795 549 2090 632">
     <span class='ocr_line' id='line_1_120' title="bbox 1795 549 2090 632; baseline -0.007 -16"><span class='ocrx_word' id='word_1_676' title='bbox 1795 561 1851 632; x_wconf 72' lang='lat'>105</span> <span class='ocrx_word' id='word_1_677' title='bbox 1902 561 1955 616; x_wconf 69' lang='lat' dir='ltr'>Au.</span> <span class='ocrx_word' id='word_1_678' title='bbox 1970 564 2000 618; x_wconf 79' lang='lat' dir='ltr'>C.</span> <span class='ocrx_word' id='word_1_679' title='bbox 2021 549 2090 614; x_wconf 61' lang='lat'>1687</span> 
     </span>
    </p>
   </div>
  </div>
 </body>
</html>
