4844 6990
344 527 397 583 un.
412 531 442 582 3.
464 531 532 586 3333
582 534 641 596 alt

563 673 783 749 observentur3
801 679 831 734 et
843 673 987 752 praelecti
998 671 1124 752 spiritis
1138 673 1177 734 sit
1189 673 1303 734 nedum

563 767 631 830 illos
650 768 744 830 solidi
765 770 879 848 pietate
904 769 1061 843 imbuere,
1084 769 1136 830 sed
1159 767 1307 830 etiamid

563 862 701 940 quolibet
711 877 821 924 mense
830 861 952 941 speciali
965 863 1167 924 instructione
1179 861 1223 922 eis
1238 877 1308 940 pro-

564 971 678 1034 ponere
704 972 782 1034 quae
808 956 1002 1019 missionario
1030 958 1152 1030 decent,
1175 962 1206 1016 et
1227 969 1307 1032 quae

563 1049 626 1110 sint
646 1049 778 1110 virtutes
799 1049 983 1112 excolendae
998 1057 1028 1110 et
1043 1065 1122 1126 quae
1143 1047 1216 1110 31113
1232 1065 1246 1107 3
1262 1046 1309 1107 31-

564 1156 640 1204 3333
662 1142 774 1206 Christi
796 1141 916 1206 cultore
935 1143 1098 1221 praecipue
1119 1141 1255 1203 vitanda.

813 1293 855 1354 113
878 1309 1061 1356 3333333333.

603 1428 669 1490 1133
690 1428 752 1489 3131
774 1428 805 1489 13
821 1427 952 1505 collegio
973 1427 1123 1504 magistri,
1140 1443 1222 1490 unus
1237 1441 1309 1488 con·

565 1523 788 1584 troversiarum
816 1531 846 1583 ot
872 1539 973 1586 sacrae
1005 1523 1199 1600 scripturae,
1231 1519 1310 1580 alter

565 1615 737 1691 theologiae
765 1615 906 1691 moralis3
929 1615 1078 1678 lectiones
1104 1630 1179 1676 vero
1200 1628 1308 1692 propo·

565 1711 684 1772 nendae
705 1714 852 1787 aptentur
866 1709 988 1771 speciali
1005 1709 1147 1770 instituto
1162 1706 1309 1783 anglicae

565 1802 732 1883 missionis
755 1803 790 1864 ad
812 1819 905 1881 quam
927 1819 981 1883 per
1005 1800 1220 1864 iusiurandum
1242 1799 1308 1860 loe-

565 1903 641 1958 3331
662 1895 782 1957 alumni
804 1895 934 1956 leliciter
955 1896 1065 1958 vocati.

606 1989 749 2065 llagister
765 1987 1047 2050 controversiarum
1062 1988 1100 2048 sit
1116 1987 1209 2048 etiam
1223 2001 1309 2064 prae·

565 2083 663 2144 lectus
673 2082 859 2156 studiorum,
872 2091 903 2144 et
914 2080 1020 2144 sedulo
1036 2081 1171 2159 inquirat
1186 2081 1223 2142 de
1238 2094 1307 2156 pro-

566 2174 647 2237 iectu
668 2176 874 2248 studentium,
890 2182 982 2253 atque
1003 2191 1054 2236 eos
1073 2173 1310 2252 particularibus

566 2278 705 2332 exerceat
726 2270 984 2348 disputationibus
995 2269 1057 2330 suis
1072 2268 1217 2344 congruis
1233 2273 1310 2327 tem·

566 2361 692 2440 poribus
714 2363 941 2440 praefiniendls.

606 2456 750 2532 Magister
771 2457 943 2534 theologiae
965 2455 1090 2518 moralis
1110 2455 1311 2517 haheatonus

567 2551 727 2628 repetendi
744 2551 889 2614 lectiones
906 2551 937 2612 13
954 2551 1091 2626 Collegio
1105 2550 1244 2610 llomano
1258 2564 1311 2608 au·

567 2643 643 2705 ditas
664 2661 680 2704 a
702 2645 808 2721 logicis
828 2651 859 2705 et
881 2643 1129 2722 methaphysicis.

738 2795 782 2855 113
804 2811 909 2855 333333
931 2811 969 2856 33
991 2810 1139 2855 3333333.

608 2929 730 2991 Fratres
751 2929 818 2992 laici
840 2937 871 2990 31
886 2927 994 2992 lamuli
1011 2927 1195 3005 singillatim
1212 2927 1313 2988 ohser-

569 3029 645 3084 3331
667 3039 701 3084 33
722 3039 800 3101 quae
821 3023 1030 3100 disponuntur
1052 3022 1085 3084 13
1107 3021 1314 3083 instructione

570 3116 701 3178 decretis
722 3115 899 3178 adiicienda.

732 3267 775 3328 113
797 3283 924 3330 333333
948 3283 1152 3330 3333333333.

612 3405 696 3466 Licet
718 3403 864 3466 33113111
886 3403 1075 3466 lundationis
1091 3402 1316 3483 praescribatur

573 3515 723 3561 uumerus
737 3498 962 3576 quinquaginta
979 3499 1190 3573 alumnorum,
1204 3497 1316 3576 quibus

572 3591 702 3653 addendi
723 3603 797 3653 sunt
818 3591 867 3652 alii
889 3591 950 3652 duo
972 3609 1010 3653 33
1031 3592 1139 3668 legatis
1161 3592 1243 3669 Hugi
1264 3591 1316 3654 Or-

573 3701 650 3747 vens
672 3692 702 3746 et
730 3685 913 3746 Bernardini
943 3685 1047 3763 Pippi,
1075 3695 1213 3747 attamen
1243 3701 1316 3746 cum

573 3785 749 3858 praesentes
779 3777 902 3854 collegii
931 3779 1069 3841 redditus
1100 3779 1136 3840 ad
1168 3779 1316 3840 alendum

573 3871 797 3949 praescriptum
819 3887 989 3934 numerum
1005 3873 1136 3934 minime
1150 3871 1315 3946 sufficiant,

573 3982 629 4044 pro
653 3981 737 4026 nunc
766 3963 801 4024 ad
829 3964 1054 4042 quinquaginta
1083 3974 1204 4027 tantum
1235 3981 1318 4027 com·

575 4057 733 4136 prehensis
754 4057 873 4118 duobus
894 4057 1027 4120 alumnis
1054 4058 1206 4134 legatariis
1227 4059 1319 4119 redu·

574 4167 683 4214 cimus.

658 4289 703 4351 [13
725 4305 942 4351 3333333333
963 4307 1002 4351 33
1024 4307 1064 4352 33
1086 4307 1233 4352 3333333

595 4400 805 4446 3333333333
827 4400 859 4445 33
882 4401 1074 4446 3333333333
1092 4401 1297 4447 3333333333.

346 4537 557 4640 ,fi'ssfflss‘dagssfissd'
616 4531 714 4594 Nemo
736 4531 917 4593 admittatur
939 4531 1020 4593 13133
1040 4531 1192 4608 alumnos,
1210 4532 1267 4594 nisi
1282 4534 1321 4594 sit

576 4627 685 4702 anglus
706 4626 887 4700 catholicus,
910 4633 955 4700 31,
986 4627 1039 4704 qui
1061 4637 1151 4688 natus
1172 4627 1266 4689 luerit
1289 4628 1320 4688 in

577 4721 682 4782 331333
709 4721 848 4796 regione,
875 4719 985 4782 saltem
1011 4738 1025 4780 a
1053 4727 1138 4798 patre
1165 4723 1256 4799 anglo
1282 4723 1321 4784 sil

579 4816 713 4892 genitus.

617 4907 808 4974 Admittendi
834 4908 1032 4970 humaniores
1047 4911 1175 4972 calleant
1191 4911 1320 4985 litteras,

578 5011 613 5065 ut
634 5003 715 5064 illico
729 5004 764 5064 ad
784 5002 900 5076 logicae
914 5003 1051 5064 studium
1066 5003 1188 5065 valeant
1203 5004 1323 5065 incum-

580 5099 666 5158 bere:
690 5103 722 5156 et
743 5113 812 5157 curn
836 5097 890 5157 hac
911 5099 1080 5170 sanctione,
1099 5116 1112 5156 a
1129 5096 1216 5157 Bulld
1231 5105 1261 5157 et
1278 5115 1324 5158 re·

579 5192 650 5268 gula
672 5190 859 5252 fundationis
881 5191 1074 5269 praescripti,
1098 5208 1187 5270 saepe
1203 5191 1324 5269 saepius

579 5303 643 5348 non
665 5285 732 5346 sine
756 5285 889 5346 maximo
909 5284 1046 5360 anglicae
1060 5285 1216 5345 missionis
1231 5285 1324 5345 detri-

580 5387 686 5441 mento
701 5394 856 5440 recessum
872 5378 976 5452 luerit,
990 5378 1118 5456 ideoque
1131 5379 1267 5440 districte
1279 5379 1324 5439 iu-

579 5477 688 5535 bemus
707 5487 746 5532 ne
761 5472 963 5550 imposterum
986 5472 1114 5534 iuvenes
1130 5473 1162 5533 in
1182 5472 1324 5534 alumnos

581 5567 688 5645 quavis
709 5565 746 5626 de
768 5565 854 5626 causi
876 5565 1076 5643 recipiantur,
1097 5565 1155 5626 nisi
1179 5566 1325 5626 humana·

582 5677 653 5722 rum
674 5660 849 5721 litterarum
871 5660 971 5720 studia
992 5660 1189 5721 absolverint.

624 5755 702 5815 Corn
724 5754 857 5832 optimus
880 5753 1030 5814 iuvenum
1045 5753 1182 5814 delectus
1197 5769 1259 5814 non
1276 5770 1325 5832 pa-

583 5863 654 5908 rum
675 5849 710 5908 ad
732 5847 935 5924 assequendos
961 5847 1135 5908 uberrimos
1164 5847 1326 5923 religiosae

1086 551 1150 598 lde.
1174 552 1266 598 ebur.
1289 552 1329 598 hh
1351 553 1380 598 1³.
1404 553 1432 598 1¹¹.
1457 553 1539 600 PARS
1561 553 1582 598 l.

1362 689 1423 752 que
1444 674 1477 736 in
1499 675 1700 739 electionibus
1721 671 1866 735 iaciendis
1881 663 2042 745 diligentia
2056 665 2106 728 ad-

1363 771 1522 848 hibeatur3
1546 777 1577 832 et
1598 769 1822 848 inlrascriptam
1851 763 2035 828 methodum
2055 761 2108 824 oh·

1363 866 1544 926 servandam
1567 865 1764 926 mandamus:

1404 957 1515 1020 Rector
1525 973 1580 1036 per
1591 973 1708 1018 annum
1721 963 1811 1017 antea
1822 950 2107 1015 eminentissimum

1365 1051 1559 1114 Cardinalem
1581 1057 1800 1130 protectorem,
1817 1064 1912 1128 penes
1932 1060 2028 1126 quem
2044 1051 2106 1104 1313

1364 1145 1403 1206 311
1425 1145 1583 1207 electionis
1604 1152 1752 1224 potestaS,
1775 1143 1922 1206 certioret
1942 1155 2021 1218 quae
2041 1137 2106 1198 loca

1365 1237 1482 1301 luerint
1502 1239 1645 1317 sequenti
1667 1255 1749 1300 anno
1770 1246 1925 1309 33331333,
1947 1240 1994 1308 31,
2016 1245 2107 1309 expo·

1365 1333 1436 1395 ditis
1458 1349 1511 1411 per
1532 1347 1606 1396 eum
1634 1332 1747 1394 litteris
1768 1329 1804 1392 ad
1825 1329 1954 1391 vicarios
1979 1325 2109 1403 ,angliae

1365 1441 1420 1503 pro
1431 1427 1578 1489 habendis
1594 1427 1683 1488 novis
1697 1425 1842 1498 alumnis,
1854 1421 2028 1484 committat
2040 1433 2110 1480 exa·

1366 1535 1438 1582 3333
1460 1521 1543 1584 iusta
1569 1521 1701 1584 formam
1728 1517 1946 1598 praescriptam
1968 1529 1984 1574 a
2005 1514 2110 1574 decre·

1367 1615 1404 1676 tis
1426 1615 1593 1680 cardinalis
1620 1613 1779 1678 Barberini
1807 1610 1953 1685 senioris;
1981 1608 2008 1670 si
2035 1622 2109 1668 vero

1366 1711 1470 1776 vicarii
1491 1711 1645 1790 apostolici
1669 1711 1780 1787 optatis
1794 1704 1959 1769 iuvenibus
1974 1706 2108 1770 careant,

1368 1815 1434 1869 tum
1455 1807 1492 1868 ah
1517 1804 1764 1868 eminentissimo
1790 1807 1965 1880 protectore
1990 1793 2109 1858 alumni

1366 1918 1402 1964 33
1424 1901 1561 1978 collegiis
1582 1899 1674 1962 Duaci
1695 1904 1726 1960 et
1746 1891 1988 1972 hudumaropoli
2003 1887 2109 1967 exqui-

1366 2003 1485 2058 rantur.

1407 2092 1450 2154 dd
1480 2090 1667 2170 praeelectos
1698 2087 1872 2151 candidatos
1904 2079 2110 2160 expediantur

2138 527 2195 580 Au.
2209 525 2243 578 O.
2266 525 2330 578 trec

2190 2081 2276 2124 Antea
2289 2091 2330 2140 pro·

2131 2133 2220 2180 bandi
2244 2141 2287 2188 per
2303 2134 2335 2178 313

1367 2186 1488 2247 litterae
1515 2183 1737 2246 nominationis
1768 2179 1955 2258 subscriptae
1976 2175 2013 2238 ah
2033 2189 2111 2234 3333-
2131 2193 2202 2247 quor
2219 2195 2319 2231 menas

1367 2279 1549 2341 nentissimo
1570 2284 1756 2354 protectore,
1780 2281 1811 2335 et
1832 2274 1897 2336 eius
1918 2270 2021 2348 sigillo
2042 2283 2111 2329 mu-

1368 2375 1462 2448 nitae,
1485 2373 1598 2452 quibus
1619 2371 1710 2434 electi
1731 2371 1862 2432 Romam
1886 2367 2049 2430 venientes
2071 2363 2113 2424 la-

1369 2471 1461 2532 hente
1493 2476 1645 2530 autumno
1675 2465 1852 2542 ingressum
1884 2463 1917 2523 in
1946 2459 2112 2534 collegium

1369 2563 1568 2636 obtinebunt3
1585 2575 1710 2634 verum,
1725 2559 1906 2636 priusquam
1920 2555 1954 2616 in
1970 2553 2113 2614 alumnos

1368 2657 1578 2735 excipiantur,
1601 2669 1656 2733 per
1677 2659 1809 2731 quatuor
1834 2657 1886 2712 331
1908 2663 1962 2710 sex
1991 2661 2114 2707 menses

1370 2753 1401 2813 in
1422 2749 1603 2829 probatione
1624 2746 1815 2820 manebunt3
1838 2759 1900 2822 quo
1916 2737 2114 2819 1333333331-

1370 2846 1474 2908 licium
1495 2843 1535 2904 sil
1556 2842 1694 2914 rectoris,
1723 2839 1858 2900 ministri
1881 2845 1911 2898 et
1938 2834 2113 2896 studiorum

1370 2936 1516 3017 praelecti
1538 2935 1574 2996 de
1597 2934 1746 3007 moribus,
1770 2931 1884 3004 indole,
1907 2927 2047 3005 iugenio,
2063 2941 2115 2984 va·

1370 3033 1509 3096 13133133
1529 3037 1560 3091 31
1581 3029 1742 3090 vocatione
1756 3025 1863 3088 sedulo
1878 3022 2050 3102 inquirere,
2065 3027 2113 3093 ut,

1370 3127 1482 3204 siquis
1504 3125 1608 3185 minus
1630 3123 1759 3184 idoneus
1780 3117 1963 3197 reperiatur,
1979 3129 2053 3178 oum
2068 3130 2116 3175 as·

1370 3236 1462 3283 sensu
1484 3214 1723 3280 eminentissimi
1744 3209 1924 3292 protectoris
1945 3209 2050 3270 statim
2072 3205 2115 3267 di·

1372 3316 1525 3378 mittatur.

1412 3409 1521 3486 Elapso
1543 3404 1730 3483 probationis
1758 3410 1897 3479 tempore
1920 3399 1951 3460 in
1974 3397 2119 3460 alumnos

1372 3501 1532 3582 cooptandi
1553 3515 1608 3578 per
1628 3497 1797 3576 spiritualia
1820 3495 1964 3557 exercitia
1985 3493 2021 3553 de
2036 3492 2117 3552 iura-

1373 3605 1479 3660 mento
1501 3595 1682 3674 praestando
1703 3609 1718 3652 3
1740 3589 1892 3669 praelecto
1917 3586 2041 3666 spiritus
2063 3584 2117 3646 131-

1374 3694 1434 3754 duo
1463 3691 1674 3762 instruantur,
1708 3685 1821 3765 quihus
1849 3681 2007 3752 absolutis,
2037 3681 2118 3740 iura·

1374 3791 1518 3847 mentum
1546 3782 1584 3844 ab
1605 3781 1779 3843 3133333133
1804 3777 1870 3840 vll.
1895 3776 2119 3854 praescriptum

1373 3893 1475 3940 coram
1497 3883 1583 3954 patre
1606 3881 1724 3936 rectore
1742 3878 1909 3948 praestent,
1925 3867 2119 3930 subscriben-

1374 3973 1411 4034 do
1433 3969 1565 4032 ulterius
1587 3966 1753 4028 lormulam
1768 3963 1912 4042 praedicti
1935 3959 2116 4034 iuramenti,

1375 4064 1462 4127 cuius
1488 4061 1646 4138 exemplar
1677 4075 1779 4120 sacrae
1811 4054 2053 4132 congregationi
2083 4053 2120 4115 de

1376 4155 1570 4234 Propagandi
1591 4155 1664 4216 Fide
1686 4152 1875 4214 servandum
1898 4150 2046 4210 tradatur.

1402 4313 1446 4374 113
1469 4321 1664 4368 3333333333
1686 4317 1866 4364 ornrssross
1889 4317 1926 4362 33
1948 4316 2088 4362 3333333.

1417 4441 1557 4516 alumni,
1580 4441 1633 4518 qui
1655 4439 1831 4500 studiorum
1846 4454 1972 4499 cursum
1988 4437 2123 4515 comple·

1378 4545 1504 4610 verunt,
1526 4535 1614 4595 etad
1636 4548 1758 4594 sacrum
1787 4531 2020 4609 presbyteratus
2042 4530 2123 4592 ordi·

1378 4647 1449 4693 nem
1471 4630 1600 4692 luerunt
1620 4627 1729 4700 evecti,
1746 4625 1924 4709 priusquam
1941 4627 1976 4687 ad
1992 4625 2121 4701 angliae

1377 4725 1557 4786 missionem
1582 4721 1799 4797 expediantur,
1828 4719 1981 4797 deputatis
2009 4715 2125 4780 exami-

1379 4817 1537 4879 natoribus
1558 4815 1595 4876 ab
1616 4814 1862 4876 eminentissimo
1884 4821 2058 4892 protectore
2072 4829 2121 4875 co·

1379 4927 1445 4972 ram
1476 4917 1561 4986 patre
1593 4917 1712 4970 rectore
1743 4909 1887 4984 diligenti
1918 4909 2124 4970 subiicientur

1379 5002 1702 5077 33333131,311313331
1727 5003 1853 5080 reperti,
1876 5004 1911 5062 ad
1935 5003 2120 5064 missionarii

1380 5115 1494 5162 munus
1515 5097 1725 5169 subeundum,
1743 5095 1853 5157 litteris
1865 5095 2123 5157 commendatitiis

1380 5193 1451 5255 dicti
1474 5191 1711 5253 eminentissimi
1733 5191 1915 5269 protectoris
1936 5190 1972 5250 ad
1994 5191 2124 5252 vicarios

1380 5286 1559 5364 apostolicos
1587 5285 1721 5358 directis,
1753 5285 1947 5358 muniantur,
1977 5293 2070 5364 atque
2091 5285 2125 5346 in

1382 5379 1525 5456 angliam
1547 5379 1705 5454 designato
1727 5379 1850 5450 itinere,
1868 5395 1988 5440 necnon
2011 5378 2124 5452 soluto,

1381 5473 1507 5534 arbitrio
1530 5473 1769 5534 eminentissimi
1798 5474 1990 5550 protectoris,
2014 5473 2125 5535 viatico

1381 5575 1540 5629 scutorum
1563 5567 1776 5645 quadraginta,
1800 5568 1975 5628 3311133133.

1423 5661 1557 5724 Caveant
1578 5659 1699 5721 alumni
1722 5661 1762 5720 ita
1783 5659 1913 5734 dimissi,
1929 5667 1959 5721 et
1981 5659 2127 5736 angliam

1382 5754 1560 5833 profecturi,
1575 5769 1615 5814 ne
1637 5754 1668 5814 in
1691 5762 1811 5814 exteras
1833 5759 1947 5828 vagent
1970 5753 2126 5829 regiones,

1383 5847 1547 5924 minusque
1570 5861 1585 5905 a
1608 5846 1704 5906 iurald
1727 5845 1888 5906 vocatione
1909 5846 2019 5923 quovis
2041 5861 2129 5924 prae·

583 5941 789 6003 institutionis
813 5941 929 6002 lructus
951 5940 1100 6019 proficiat,
1122 5955 1243 6001 summa
1272 5941 1327 6002 ita·
1353 5915 1356 5998 i
1383 5948 1482 6015 13313,
1506 5939 1598 6001 etiam
1613 5938 1750 6000 melioris
1766 5939 1850 6013 boni,
1867 5939 2042 6014 clodectanq
2056 5953 2130 6017 qua·
2172 5995 2177 6006 ,
