4866 6980
350 569 536 623 An.e.ume
586 571 626 634 28

566 708 726 783 elationes,
756 706 960 770 accusationes
991 705 1041 768 vel
1073 703 1308 784 protestationes

566 801 674 866 deduci
689 801 853 878 contigerit
868 800 965 882 (cum,
980 807 1121 880 tempore
1135 799 1305 875 electionis,

566 895 686 958 dolosae
705 911 739 956 ac
759 895 928 958 malitiosae
949 901 1195 973 praesumantur,
1209 900 1239 956 et
1260 893 1307 956 in-

565 988 610 1050 ira
630 987 849 1051 brevissimum
870 989 1018 1051 borarum
1039 987 1211 1051 terminum
1232 987 1306 1049 novi

564 1098 722 1160 processus
743 1089 835 1161 prout
855 1081 894 1144 de
907 1083 986 1158 iure,
1003 1088 1033 1144 et
1048 1081 1209 1161 praecipue
1228 1079 1305 1142 circa

564 1177 742 1240 huiusmodi
763 1193 883 1252 causas,
912 1183 1019 1255 utpote
1040 1176 1182 1238 altiorem
1204 1174 1306 1254 requi-

460 1335 465 1345 ,
564 1277 668 1334 rentes
688 1269 878 1347 indaginem,
895 1269 1076 1333 iudicialiter
1096 1269 1305 1343 substantiari,

564 1363 788 1443 assertiquerei
809 1364 877 1426 sine
898 1379 1008 1426 eorum
1022 1380 1055 1426 ac
1069 1364 1161 1426 etiam
1183 1361 1306 1424 electio-

564 1455 612 1517 nis
632 1453 818 1533 praeiudicio
831 1454 956 1533 privari,
972 1455 1022 1517 ιιι
1037 1456 1074 1514 ab
1088 1453 1238 1516 electione
1255 1469 1306 1516 ex-

563 1546 657 1624 cludi,
680 1555 731 1609 aut
752 1547 866 1625 privati
880 1547 929 1609 vel
945 1547 1060 1610 exclusi
1081 1547 1226 1610 declarari
1242 1562 1305 1610 non

563 1644 704 1723 possint),
714 1659 761 1704 eas
773 1658 882 1704 omnes
892 1650 923 1704 et
933 1643 1081 1720 singulas,
1093 1641 1128 1703 ad
1138 1641 1305 1721 praescrip-

564 1745 632 1798 tum
653 1742 829 1798 nostrarum
850 1736 1122 1810 constitutionum,
1144 1741 1222 1812 part.
1241 1749 1304 1808 ιιι,

563 1847 628 1909 cap.
650 1846 721 1904 ιιι,
744 1845 899 1904 numm,
922 1827 952 1904 3.
971 1830 1001 1904 2,
1024 1828 1204 1908 defiuitocio
1225 1826 1304 1889 scili-

563 1929 611 1986 cet
637 1923 760 1985 noviter
788 1923 929 2000 eligendo
959 1923 1120 2002 aeteruum
1141 1931 1172 1986 ιι
1193 1921 1305 1984 nibilo-

563 2018 666 2080 minus
680 2017 717 2080 ad
737 2015 922 2080 electionem
938 2023 969 2079 et
983 2017 1150 2080 electiones
1164 2017 1222 2080 sub
1236 2033 1306 2095 pro-

562 2112 724 2174 testatione
739 2109 931 2174 admittatur:
950 2111 1075 2173 irritum
1090 2128 1122 2173 ac
1134 2111 1225 2172 inane
1240 2109 1304 2188 ipso

562 2203 640 2267 lacto
654 2211 684 2266 et
698 2204 812 2284 absque
833 2205 890 2266 allai
911 2204 1116 2266 declaratione
1138 2205 1305 2266 decernen-

562 2303 607 2360 tes
627 2297 775 2376 quidquid
795 2313 883 2360 secus
899 2311 991 2376 super
1012 2297 1059 2358 bis
1082 2297 1191 2375 quovis
1213 2295 1304 2358 modo

561 2390 628 2452 lieri
650 2391 700 2452 vel
726 2391 870 2453 attentari
897 2390 1072 2467 contigerit.
1104 2389 1189 2454 Unde
1210 2389 1303 2450 verba

561 2482 611 2544 illa
633 2483 857 2562 praedictarum
885 2471 1142 2546 constitutionum
1171 2483 1300 2545 ibidem:

562 2577 605 2638 Ac
618 2577 653 2639 de
665 2574 965 2640 iubentibusooccm
978 2585 1044 2640 tom
1055 2580 1196 2640 uotiuum
1208 2593 1303 2653 quoru

561 2671 721 2748 passioque
732 2685 853 2731 omnem
868 2672 1118 2734 controuersiam
1130 2671 1302 2735 dirimunt:

561 2769 592 2824 et
612 2760 664 2823 illa
685 2763 704 2838 ἓ
725 2763 743 2822 d
764 2759 903 2824 eiusdem
925 2763 1045 2842 capitis:
1072 2765 1106 2827 Si
1128 2765 1198 2843 quis
1214 2780 1304 2824 uoue-

561 2855 607 2916 ιιι
629 2871 771 2927 causum,
788 2861 1027 2934 propterquam
1049 2873 1151 2918 uocem
1166 2859 1237 2936 quis
1252 2874 1304 2920 oc-

563 2951 662 3012 tlooot
683 2951 730 3012 oet
750 2952 909 3028 passivum
932 2949 1045 3014 bodera
1066 2968 1128 3013 ooo
1145 2951 1252 3016 debeat
1268 2954 1303 3014 ιιι

561 3043 722 3120 promereti
744 3042 900 3120 capitulo,
917 3060 985 3106 eoru
1002 3047 1124 3125 ιιιιιιι
1140 3042 1303 3107 iudicibus

562 3151 754 3209 causarum·
783 3134 986 3198 conformiter
1011 3135 1046 3196 ad
1073 3137 1152 3199 hanc
1172 3136 1303 3200 declara-

561 3228 680 3290 tionem
702 3227 905 3304 intelligenda
926 3243 990 3290 esse
1012 3228 1213 3306 declaramus,
1232 3247 1303 3292 oon·

559 3329 788 3400 sequenterque
809 3337 916 3384 omncs
931 3329 962 3384 ιι
975 3321 1112 3399 singulas
1126 3323 1303 3399 electiones,

561 3433 640 3496 quae
659 3417 716 3480 sub
743 3418 920 3480 huiusmodi
946 3417 1150 3481 declaratione
1170 3433 1204 3481 ac
1225 3419 1305 3482 ordi-

561 3510 686 3572 natione
720 3511 751 3573 in
782 3517 942 3590 posterum
973 3511 1141 3575 celebratae
1174 3513 1303 3591 luerint,

562 3603 645 3666 iuxta
667 3604 760 3666 verba
786 3604 923 3667 eiusdem
947 3611 1065 3680 textus,
1088 3607 1156 3668 sine
1176 3607 1253 3670 vitio
1274 3615 1305 3670 et

561 3697 704 3760 nullitate
732 3700 830 3776 quoad
856 3699 935 3760 hanc
966 3705 1085 3776 partem
1116 3701 1305 3778 pertransire

561 3791 652 3853 etiam
674 3791 873 3854 declaramus.

599 3902 630 3946 v.
653 3885 700 3949 Ne
715 3887 858 3949 canonica
873 3888 967 3966 patris
985 3888 1181 3966 provincialis
1195 3889 1304 3952 electio

561 3981 599 4042 ob
619 3981 873 4044 incertitudinem
894 3981 963 4044 lacti
978 3982 1071 4061 possit
1092 3983 1255 4062 aliquando
1270 3984 1303 4047 in

560 4073 690 4138 dubium
712 4076 860 4151 revocari,
882 4075 1029 4138 volumus
1050 4083 1080 4138 et
1101 4077 1304 4156 praecipimus

344 3877 542 3942 ,beambebo

331 3935 411 3977 tmnu
437 3943 541 3990 pmun·

331 3983 412 4032 dmm.

560 4167 696 4245 patribus
718 4169 887 4231 definitorii
903 4177 937 4231 ut
952 4185 1121 4232 numerum
1137 4170 1319 4252 vocalium,

559 4260 612 4339 qui
634 4261 669 4321 ad
691 4261 876 4324 electionem
897 4263 995 4324 active
1015 4271 1252 4338 concurrerunt,
1272 4270 1303 4325 et

559 4361 635 4433 quot
654 4353 830 4416 favorabilia
855 4355 999 4433 suffragia
1026 4357 1157 4435 quisque
1184 4357 1304 4436 passive

559 4449 684 4510 adeam
705 4465 893 4512 concurrens
915 4466 970 4528 pro
991 4467 1023 4513 se
1044 4451 1197 4527 babuerit,
1224 4450 1302 4513 clare

559 4549 590 4603 et
605 4541 738 4604 fideliter
752 4543 927 4622 exprimant
941 4544 974 4606 in
987 4545 1061 4607 actis
1071 4544 1208 4623 capituli,
1225 4559 1303 4624 quac

559 4633 594 4694 ad
617 4649 672 4696 nos
693 4641 724 4697 et
744 4653 932 4700 successores
958 4643 1080 4700 nostros
1106 4653 1162 4717 pro
1192 4637 1303 4700 contir-

560 4730 696 4793 matione
721 4731 886 4794 obtinendi
914 4733 1101 4810 mittuntur,
1130 4731 1302 4811 inquibus

560 4823 651 4887 etiam
673 4823 837 4902 diligenter
859 4833 889 4888 et
910 4841 1053 4904 expresse
1063 4826 1200 4888 adnotari
1216 4841 1302 4888 man-

559 4919 666 4981 damus
687 4935 789 4981 causas
804 4928 835 4982 et
849 4919 965 4982 motiva
986 4921 1208 4983 reelectionum
1223 4920 1303 4999 prio-

560 5029 642 5088 rum,
655 5013 679 5073 si
692 5013 855 5091 aliquando
866 5029 975 5076 eorum
987 5015 1123 5092 aliquem
1138 5013 1170 5075 in
1185 5014 1302 5076 casibus

559 5121 614 5183 per
624 5105 861 5168 constitutiones
877 5107 1043 5184 permissis,
1057 5123 1085 5186 p.
1098 5124 1161 5182 ιιι,
1174 5123 1237 5186 cap.
1251 5123 1301 5182 ιι,

559 5199 626 5274 §ib
643 5199 677 5262 in
692 5200 829 5278 priorem
844 5199 980 5263 eiusdem
1003 5209 1174 5263 conventus
1195 5199 1302 5278 recligi

559 5293 737 5371 contigeriq
753 5307 840 5357 secus
856 5293 1075 5356 reelectionem
1090 5309 1223 5356 exnunc
1235 5307 1303 5374 pro-

559 5393 594 5450 ut
609 5403 647 5448 ex
668 5395 744 5450 tunc
758 5386 916 5449 irritamus
931 5393 961 5449 et
976 5385 1186 5461 annullamus,
1203 5386 1301 5447 irrita-

562 5488 685 5558 tamque
698 5486 728 5541 et
743 5479 936 5542 annullatam
957 5493 1023 5540 esse
1044 5475 1188 5545 volumus
1208 5485 1238 5541 et
1252 5479 1303 5540 de-

469 5597 473 5606 ,
560 5571 721 5635 claramus.

329 5667 556 5763 deffiffliffilggffi
600 5683 642 5726 vr.
666 5666 706 5729 Ut
727 5667 903 5730 communia
925 5673 955 5728 et
976 5665 1168 5745 particularia
1179 5666 1303 5745 provin·

330 5784 371 5836 sps
385 5771 542 5836 tuaequae
562 5757 625 5820 ciac
645 5775 752 5821 causae
773 5767 803 5821 et
824 5759 946 5837 negotia
968 5759 1162 5838 maturique
1183 5775 1236 5837 par
1259 5768 1304 5822 est

330 5825 543 5884 '¹⁰⁰⁸⁹¹‘¹¹¹¹¹'¹“
562 5852 763 5930 expediantur
792 5853 1045 5928 consideratione,
1075 5860 1105 5914 ct
1137 5853 1302 5916 definitorii

330 5880 454 5928 vndmb.

346 5891 354 5927 ¹
561 5953 673 6023 patres,
696 5944 730 6005 ad
753 5947 974 6023 praescriptum
996 5954 1170 6009 nostrarum
1191 5945 1304 6008 consti-

1087 583 1329 631 run.rodr.ou
1350 583 1581 632 P.!·PARSI.

2133 563 2332 621 An.o.1cve

1363 704 1532 780 tuborum,
1554 713 1631 786 part.
1656 721 1718 782 ιιι,
1741 720 1804 786 cap.
1825 721 1896 782 ιιι,
1923 721 2011 770 num.
2036 719 2101 784 ιιι,

1362 798 1381 873 ἓ
1401 797 1430 874 3,
1453 797 1545 860 Nibil
1561 799 1766 880 indefinitum
1788 801 1987 880 relinquant,
2004 803 2103 865 omoi-

1363 888 1420 954 ιιι
1441 893 1504 954 rito
1524 892 1698 965 ordinatis,
1719 895 1887 972 provincio
1910 900 1980 958 tcto
2004 911 2102 973 usque

1361 986 2102 1068 adsequenscapitutumprovinciulcquicscerc

1361 1079 1467 1142 ouieot
1489 1081 1524 1142 iu
1545 1081 1660 1143 sonctd
1680 1097 1766 1159 poce,
1789 1083 1966 1162 quindecim
1987 1083 2102 1145 eisdem

1361 1171 1425 1234 dies
1439 1189 1494 1252 pro
1517 1175 1652 1236 termino
1666 1176 1801 1254 praefixo
1818 1177 2019 1253 assignamus,
2036 1177 2103 1255 qui-

1362 1266 1417 1328 bus
1445 1264 1551 1328 causae
1577 1275 1608 1330 ct
1629 1269 1752 1346 negotia
1774 1270 1809 1333 ad
1838 1285 1888 1331 eos
1909 1269 2007 1332 delata
2033 1285 2104 1332 exa-

1361 1359 1499 1435 minare,
1531 1359 1740 1424 determinare
1761 1370 1792 1424 et
1812 1363 1956 1442 expedire
1984 1363 2103 1442 possint

1362 1461 1391 1514 et
1422 1453 1569 1529 debeant,
1597 1469 1660 1517 non
1693 1462 1796 1517 tamen
1823 1456 1903 1518 ultra
1934 1455 2102 1534 praedictos

1361 1546 1536 1624 quindecim
1558 1546 1623 1608 dies
1650 1549 1861 1612 delinitorium
1888 1550 2013 1628 capituli
2034 1565 2105 1630 pro-

1361 1639 1500 1701 vincialis
1528 1641 1653 1703 extendi
1681 1641 1838 1718 volumus,
1872 1658 1935 1706 non
1964 1644 2104 1707 obstante

1360 1747 1555 1811 quocumque
1586 1734 1708 1797 decreto
1734 1735 1785 1797 vel
1815 1739 2040 1800 consuetudine
2070 1737 2103 1800 in

1360 1826 1561 1902 contrarium,
1583 1826 1646 1902 sed,
1669 1844 1704 1889 eo
1726 1829 1826 1908 elapso
1847 1837 1997 1909 tempore,
2019 1830 2118 1908 idem¹

1360 1917 1540 1980 conclusum
1562 1928 1593 1981 et
1614 1920 1800 1998 absolutum,
1823 1939 1856 1986 ac
1877 1927 1970 2002 patris
1991 1926 2102 2003 pracsi-

1360 2018 1460 2080 dentis
1481 2019 1724 2081 iurisdictionem
1747 2018 1811 2097 ipso
1832 2017 1909 2080 lacto
1935 2019 2103 2082 extinctam

1360 2127 1425 2172 esse
1456 2110 1652 2177 decernimus
1678 2117 1709 2173 et
1736 2111 1935 2174 declaramus.
1965 2111 2102 2188 Quodsi

1358 2210 1443 2282 pater
1464 2205 1639 2282 praesidens
1661 2205 1740 2267 ultra
1757 2205 1957 2282 praefinitum
1973 2203 2102 2284 quinde-

1359 2295 1419 2356 cim
1434 2295 1556 2358 dierum
1571 2297 1744 2359 terminum
1758 2296 1970 2378 definitorium
1985 2307 2101 2376 protra-

1335 2389 1433 2450 'bere
1463 2391 1720 2468 praesumpserit,
1753 2405 1884 2469 posnam
1919 2391 2102 2470 privationis

1358 2483 1521 2561 utriusque
1542 2483 1626 2545 vocis
1651 2499 1707 2561 per
1727 2484 1914 2546 decennium
1939 2484 2002 2564 ipso
2024 2484 2102 2548 lacto

1359 2575 1512 2652 incurrat,
1536 2575 1723 2654 nullumque
1744 2591 1777 2638 ac
1798 2575 1924 2638 irritum
1945 2577 1984 2640 sit
2012 2579 2101 2656 quid·

1359 2667 1431 2746 quid
1453 2675 1575 2745 gestum
1597 2669 1645 2730 vel
1670 2674 1855 2732 attentatum
1876 2670 1980 2732 luerit..
2008 2670 2102 2734 Porro

1358 2762 1383 2822 si
1405 2762 1504 2840 aliqua
1518 2770 1604 2824 causa
1619 2777 1684 2824 sese
1704 2763 1822 2839 ollerat,
1839 2777 1929 2842 quae,
1946 2764 1985 2826 ob
1998 2765 2102 2842 gravia

1360 2855 1486 2930 motiva,
1510 2863 1573 2918 tam
1593 2856 1653 2918 cito
1674 2863 1807 2934 nequeat
1829 2859 1978 2935 expediri,
1994 2859 2103 2920 desani·

1360 2953 1437 3010 torio
1449 2949 1569 3028 privato
1580 2949 1745 3026 deleratur,
1756 2951 1806 3013 cui
1817 2951 2003 3024 delinitorio,
2016 2967 2101 3030 prae·
2207 2973 2210 2982 ⁴

1358 3043 1495 3104 sentium
1522 3049 1710 3106 statutorum
1741 3052 1833 3122 atque
1862 3043 2102 3108 declarationum

1360 3135 1477 3212 vigore,
1500 3137 1602 3198 omnis
1627 3137 1752 3201 facultas
1778 3140 1910 3218 desuper
1934 3139 2101 3202 necessaria

1359 3237 1391 3290 et
1411 3237 1581 3309 opportuna
1603 3239 1753 3311 perpetuo
1773 3233 1865 3296 datur
1878 3241 1909 3296 et
1924 3235 1990 3297 data
2005 3235 2103 3297 decla·

1360 3329 1457 3398 ratur,
1479 3333 1632 3402 quatenus
1653 3341 1722 3388 eam
1744 3334 1834 3404 prout
1849 3326 1886 3389 de
1900 3327 1969 3389 iure
1989 3328 2104 3389 exami-

1360 3424 1414 3478 net
1436 3424 1466 3478 et
1488 3419 1686 3495 determinet,
1702 3420 1942 3500 examinareque
1956 3429 1988 3482 et
2003 3421 2121 3494 ιιιιιι-Ι

1359 3509 1479 3572 minare
1502 3519 1654 3574 teneatur.

1398 3619 1453 3664 ιιι.
1479 3602 1650 3668 statuimus
1671 3605 1747 3668 item
1762 3624 1795 3669 ac
1810 3607 2004 3670 decernimus
2020 3607 2100 3688 quod
2131 3601 2338 3702 narormaexpe·

1360 3702 1446 3774 pater
1459 3698 1657 3776 provincialis
1678 3715 1781 3762 causas
1796 3715 1916 3778 graves,
1932 3702 1980 3764 vel
1998 3701 2101 3778 gravia
2120 3653 2280 3755 3ii⁰ffluss¹i³s⁸
2281 3667 2339 3764 ⁰1³3

1360 3791 1483 3867 negotia
1513 3793 1688 3854 communia
1710 3793 1760 3855 vel
1780 3795 1992 3874 particularia,
2024 3811 2101 3874 quae
2120 3766 2220 3862 &stiffi
2234 3774 2337 3820 ‘'¹⁰⁹⁸''

1360 3891 1446 3945 extra
1478 3892 1600 3964 tempus
1628 3887 1753 3966 capituli
1780 3887 1829 3950 vel
1855 3889 2101 3966 congregationis

1359 3977 1557 4055 provincialis
1578 3979 1698 4042 luerint
1726 3981 1958 4044 determinanda
1979 3983 2028 4044 vel
2050 3999 2102 4045 ex·

1359 4071 1518 4148 pedienda,
1548 4073 1606 4134 nisi
1632 4089 1704 4135 cum
1729 4081 1862 4153 quatuor
1888 4076 2102 4139 definitoribus

1359 4164 1526 4226 actualibus
1547 4167 1707 4228 dumtaxat
1727 4181 1760 4229 ac
1781 4168 1838 4229 sub
1858 4167 1956 4231 lormai
1977 4169 2101 4247 capituli

1358 4256 1469 4333 privati
1480 4257 1531 4318 vel
1546 4259 1792 4336 congregationis
1816 4261 2013 4340 provincialis
2034 4261 2102 4325 iue-

1358 4347 1422 4410 rint
1436 4348 1671 4415 determinanda
1690 4352 1739 4414 vel
1754 4353 1953 4434 expedienda,
1971 4355 2102 4418 nullate-

1359 4457 1417 4503 nus
1436 4444 1611 4506 derminare
1625 4446 1674 4507 vel
1690 4448 1833 4521 expedire
1847 4448 1957 4526 possit3
1975 4465 2034 4510 nec
2047 4447 2101 4510 ali·

1358 4552 1418 4615 quo
1430 4537 1479 4598 vel
1491 4538 1643 4620 aliquibus
1658 4556 1695 4602 ex
1707 4539 1867 4618 praedictis
1882 4549 2014 4622 quatuor
2028 4543 2101 4606 deti-

1357 4631 1510 4694 nitoribus
1524 4633 1693 4697 actualibus
1707 4634 1838 4697 exclusis
1852 4635 1902 4697 vel
1917 4651 1980 4698 non
1992 4639 2102 4699 admis-

1356 4723 1397 4786 sis
1408 4726 1579 4804 capitulum
1590 4727 1745 4806 privatum
1761 4745 1816 4807 per
1827 4745 1858 4790 se
1870 4730 1921 4792 vel
1935 4747 1991 4809 per
2004 4730 2098 4794 alium

1357 4818 1510 4881 celebrare
1524 4819 1633 4896 valeat,
1649 4822 1701 4884 sed
1715 4821 1750 4882 ad
1765 4822 1847 4884 illius
1862 4823 2100 4886 celebrationem

1358 4925 1467 4974 omnes
1489 4920 1519 4974 ct
1539 4913 1677 4990 singulos
1709 4915 1876 4993 praedictos
1898 4923 2029 4996 quatuor
2050 4917 2100 4978 de·

1358 4997 1510 5080 linitores',
1532 5007 1590 5068 sub
1610 5008 1708 5086 poeni
1729 5007 1881 5071 nullitatis
1909 5011 2101 5087 agendorum

1358 5099 1422 5178 ipso
1443 5099 1521 5161 lacto
1535 5107 1566 5162 et
1581 5101 1693 5180 absque
1715 5102 1772 5162 alii
1795 5102 2011 5180 declaratione,
2028 5121 2102 5166 oon-

1358 5207 1468 5256 vocare
1489 5201 1519 5256 et
1541 5195 1703 5258 admittere
1725 5203 1878 5260 teneatur.
1896 5196 1981 5273 Quod
2004 5205 2038 5260 ut
2059 5198 2101 5260 la-

1358 5287 1446 5348 cilius
1468 5289 1578 5366 exequi
1605 5290 1714 5368 possit,
1738 5306 1801 5352 non
1823 5291 1965 5353 obstante
1984 5291 2101 5370 suppli-

1359 5379 1478 5444 catione
1512 5397 1566 5460 per
1600 5384 1793 5461 provinciam
1829 5383 1916 5445 nobis
1947 5384 2098 5458 exhibiti,

1358 5475 1577 5538 confirmamus
1598 5483 1628 5539 et
1649 5479 1833 5540 innovamus
1852 5491 1885 5538 ac
1907 5479 2035 5540 omnino
2049 5479 2101 5542 ob·

1358 5569 1474 5632 servari
1496 5571 1638 5634 iubemus
1659 5570 1909 5632 reverendissimi
1931 5570 2100 5634 Valvasorii

1359 5663 1597 5742 praedecessoris
1613 5665 1710 5726 nostri
1733 5666 1902 5740 decretum,
1919 5681 1979 5745 quo
1994 5667 2101 5728 statui·

1360 5765 1411 5820 tur
1432 5765 1466 5822 ut
1488 5759 1520 5820 in
1544 5763 1702 5821 conventu
1732 5757 1870 5834 Quitensi
1898 5775 2006 5822 omnes
2027 5760 2099 5822 deti·

1359 5853 1475 5914 nitores
1496 5853 1533 5913 de
1554 5851 1667 5912 lamilii
1699 5852 1828 5929 (legant;
1857 5869 1917 5931 quo
1946 5854 2100 5930 praedicto

1360 5953 1516 6008 conventu
1536 5945 1733 6007 decernimus
1755 5955 1789 6007 ιιι
1810 5947 1932 6008 nullum
1959 5963 1995 6007 ex
2017 5962 2102 6024 prae-
