1290 1819
322 174 352 193 282

331 211 374 227 Idem
389 210 496 226 sanctissimus
511 210 584 226 dominus
599 211 653 225 noster
668 208 684 224 in

312 235 355 250 causa
370 234 429 250 rituum
444 238 472 249 sen
485 233 619 249 coeremoniarum
632 233 684 248 sinen-

312 257 358 276 sium,
364 257 419 273 :tuditis
426 259 456 273 tam
463 257 480 272 in
486 256 636 276 Congregationibus
643 260 684 271 anno

312 280 393 300 praeterito
404 284 436 296 non
446 280 501 298 semel,
512 283 559 299 quam
567 280 582 295 in
590 279 623 295 aliis
631 283 685 294 mense

312 305 326 319 et
336 307 377 319 anno
387 303 494 323 praesentibus
505 303 563 323 pluries
576 306 627 318 coram
638 302 685 318 Sanc-

312 327 354 342 titate
365 327 394 342 Sua
405 326 467 345 habitis,
478 326 582 346 praelatorum
592 325 684 341 eminentis-

312 350 386 366 simorum
400 352 416 365 et
426 349 593 365 reverendissimorum
609 349 634 364 dd.
648 349 684 365 Gar-

312 373 391 392 dinalium,
407 373 434 392 qui
450 377 483 388 rein
499 375 560 388 mature
571 376 588 388 ac
598 372 685 391 diligentis-

312 396 350 412 sime
360 396 470 414 discusserunt,
484 396 572 414 sententiis,
583 395 657 414 decrevit,
668 397 684 411 et

312 419 394 435 declaravit
410 423 483 439 responsa
499 419 535 434 alids
546 419 562 434 in
573 419 617 434 causa
630 418 684 434 buius-

312 443 352 458 modi
362 443 381 458 ab
391 442 445 458 &idem
461 442 584 461 Congregatione
598 441 638 460 data,
650 444 666 457 et
676 446 684 457 n

312 466 395 482 Sanctitate
405 465 435 481 Sua
445 465 470 481 die
481 469 508 481 xx.
520 465 609 481 novembris
617 469 683 481 uncciv.

312 489 401 504 confirmata
410 491 426 504 et
436 488 524 508 approbata,
535 492 564 504 nec
580 492 611 504 non
622 488 684 503 manda-

312 514 345 527 tum
358 516 386 528 seu
399 511 480 527 decretum
495 512 514 527 ab
529 511 653 527 eminentissimo
668 513 684 527 et

312 535 440 551 reverendissimo
454 535 472 551 D.
484 535 561 551 Gardinali
575 534 594 550 de
608 535 683 550 Tournon

312 560 348 574 tunc
363 558 449 574 patriarcha
459 558 556 574 Antiocheno
571 558 683 576 commissario.

312 583 326 597 et
336 581 414 597 visitatore
425 581 507 601 apostolico
518 581 586 600 generali
594 581 610 596 in
618 581 684 600 imperio

312 604 384 620 Sinarum
394 604 420 620 dio
430 608 467 620 xxv.
476 604 541 620 ianuarii
549 608 621 620 unccvni
630 604 658 619 hnc
665 604 684 620 de

312 632 327 643 re
337 628 403 646 editum,
411 628 429 643 ab
436 628 509 643 omnibus
517 630 533 643 et
539 627 612 647 singuiis,
620 628 638 643 ad
646 631 683 647 quos

312 652 373 671 spectat,
389 651 480 667 inconcusse
495 653 511 666 et
525 650 640 669 inviolabiliter,
655 650 684 666 sub

312 674 379 690 :ensuris
390 676 405 690 et
416 674 470 694 poenis
481 674 496 689 in
508 674 579 690 mandato
586 678 614 689 seu
621 674 684 689 decreto

312 697 398 713 uniusmodi
405 697 487 716 expres-xis,
495 697 589 713 observanda
597 701 637 716 esse,
646 701 684 716 quo-

312 720 333 735 vis
340 720 459 736 contralaciendi
466 720 535 740 quaesito
545 720 597 736 colore
605 724 633 735 seu
641 724 684 740 prae-

312 745 353 759 textu
364 743 436 763 poenitus
446 743 511 762 sublato,
519 747 536 759 ac
545 743 643 763 potissimum
651 747 683 758 non

312 766 380 782 )l›stante
390 770 488 786 quacumque
495 766 598 786 appellatione
604 771 612 781 a
620 766 682 786 quibus-

312 789 332 804 vis
343 790 418 809 pei-sonis,
429 790 462 805 sive
472 789 572 808 secularibus,
582 789 615 805 sive
623 789 683 809 reguia-

312 812 358 831 abus,
373 812 421 828 etiam
436 812 505 832 specifica
516 815 532 828 et
545 813 625 828 individua
639 817 683 828 ruen-

312 836 351 851 ,ione
361 838 377 851 et
387 839 486 855 expressrone
499 835 556 855 dignis,
567 840 584 851 ac
594 836 648 855 quavis
659 840 682 851 eo-

312 858 390 874 :lesiastica
400 859 477 878 dignitate
487 858 588 878 fulgentibus,
596 859 614 874 ad
625 859 682 875 Sedem

312 882 411 901 lpostolicam
426 882 522 902 interposita,
539 886 585 902 quam
601 884 682 902 propterea

312 905 383 921 {anctitas
394 905 424 921 Sua
435 905 534 921 reiicieudam
542 909 576 921 esse
582 905 657 924 decrevit,
665 910 682 921 uc

312 932 324 943 ·e
334 928 366 948 ipsa
376 928 435 944 reiecit.
447 928 494 944 Porro
505 932 540 944 cum
552 929 593 944 idem
603 929 620 944 D.
629 928 681 945 Cardi-

312 951 345 967 ialis
356 952 375 967 de
385 951 460 967 Tournou
471 952 487 967 iu
497 956 525 967 suo
535 952 612 971 mandato,
620 956 648 968 seu
655 952 681 968 de-

312 976 348 990 reto
362 975 450 994 supradicto
463 975 555 995 apostolicae
569 975 643 991 decisioni
656 976 681 991 die

312 1001 332 1013 ix.
344 997 434 1013 novembris
450 1002 516 1014 nncoiv.
532 998 571 1014 latae
581 1002 598 1014 se
608 1002 681 1018 expresse

312 1021 387 1036 nliaerere
402 1021 479 1041 protessus
493 1021 545 1040 tuerit.
562 1021 638 1037 Sanctitas
649 1022 680 1037 Sua

312 1044 371 1059 ilterius
385 1044 468 1060 declaravit
481 1044 531 1064 ipsum
547 1045 638 1061 mandatum
652 1049 680 1061 sen

312 1067 385 1083 lecretum
396 1071 427 1083 una
438 1072 474 1083 cuin
484 1068 554 1083 censuris
564 1068 581 1083 in
589 1072 608 1084 eo
615 1070 679 1084 conteu-

313 1090 325 1105 is
335 1090 353 1106 ad
361 1094 433 1106 normam
440 1091 532 1107 eorumdem
539 1095 649 1111 responsorum
656 1095 679 1107 ac-

314 1113 394 1133 ipiendum
409 1117 448 1132 esse.
462 1113 501 1129 itaut
517 1114 557 1129 nihil
567 1118 595 1134 per
605 1114 644 1130 illud
656 1118 679 1130 re-

312 1137 364 1156 pensis
380 1136 450 1156 praetatis
466 1137 541 1156 additum,
554 1141 582 1153 seu
592 1137 679 1154 detructum

312 1159 351 1175 uisse
367 1159 462 1175 censendum
472 1160 498 1179 sit,
509 1164 526 1176 ac
540 1161 597 1179 omnia,
612 1165 652 1180 quae
662 1161 679 1177 in

312 1183 327 1198 :is
337 1183 397 1202 insunt,
408 1183 455 1198 etiam
465 1183 483 1199 in
494 1184 565 1199 mandato
575 1187 603 1199 seu
617 1184 679 1200 decreto

312 1206 383 1222 rraedieto
398 1206 449 1222 inesse
466 1207 580 1226 intelligantur⁴
596 1208 678 1223 Caeterum

312 1229 380 1245 ianctitas
395 1229 432 1249 Sua,
448 1230 508 1245 tametsi
524 1234 556 1245 non
571 1230 605 1246 sine
617 1231 677 1250 ingenti

313 1253 353 1268 niini
363 1253 387 1268 sui
397 1257 468 1268 moerore
475 1254 556 1273 acceperit,
565 1254 606 1273 quod
613 1254 678 1269 humani

312 1276 366 1293 ,enoris
382 1276 429 1292 bostis
445 1276 537 1296 multiplicia
550 1276 566 1292 in
577 1276 609 1292 dies
620 1276 678 1292 zizania

312 1303 320 1314 n
332 1299 410 1314 latissimis
420 1299 450 1315 illis
458 1299 547 1318 regionibus
554 1300 678 1319 superseminare

312 1326 335 1338 ion
346 1324 400 1341 cessat,
411 1326 443 1338 non
454 1324 506 1338 tamen
514 1325 593 1342 propterea
602 1323 617 1338 in
625 1323 647 1338 eis
655 1327 678 1338 ca-

312 1345 369 1361 iioiiczie
385 1345 464 1365 religionis
480 1346 585 1366 propagandae
595 1346 679 1362 saluberri-

312 1372 348 1384 riurn
359 1373 376 1384 ac
386 1369 502 1385 sanctissimum
512 1373 551 1389 opus
561 1369 638 1385 ullatenus
652 1369 678 1385 de-

312 1395 355 1407 erere
366 1392 425 1411 volens,
433 1392 459 1407 sed
468 1392 507 1408 illud
514 1392 575 1411 maiori,
584 1397 613 1412 qua
620 1394 677 1412 potest,

312 1415 352 1430 nimi
362 1415 463 1431 contentione
472 1420 489 1431 ac
499 1415 556 1435 studio,
571 1416 621 1436 iisque
631 1416 677 1436 potis-

312 1438 360 1454 imum
371 1438 442 1458 dissidiis,
450 1439 506 1458 quibus
516 1439 554 1454 inibi
560 1439 653 1455 christianae
660 1440 678 1455 n-

313 1461 327 1476 ei
337 1465 386 1481 seges,
398 1461 448 1477 veluti
455 1462 509 1481 spinis,
517 1462 606 1481 suffocatur.
614 1466 677 1482 prorsus

312 1484 384 1504 ubmotis,
392 1485 471 1501 ardentius
481 1489 542 1505 semper
551 1488 567 1501 et
573 1486 635 1502 enixius
642 1490 677 1506 pro-

312 1511 367 1523 movere
377 1508 446 1529 cupiens,
458 1513 543 1528 congruam
550 1513 596 1529 super
604 1510 678 1529 praemis-

572 178 605 191 ΠΜ.
616 178 662 191 tour.
674 178 695 191 DE
705 178 720 190 P.
732 178 747 191 Ρ.
758 179 799 191 PARS
810 177 821 191 Ι.

712 208 738 227 sis,
749 208 814 229 aliisque
824 209 843 225 ad
850 213 867 225 ea
874 208 988 229 pertinentibus
996 209 1085 225 instructio-

712 236 749 247 nem
765 232 826 251 confici,
842 232 916 252 illamque
926 233 967 248 dicto
977 233 995 248 D.
1007 232 1085 248 Cardinali

712 255 731 270 de
741 255 821 274 Touruon,
833 257 910 275 quatenus
923 256 973 271 adbuc
983 256 999 271 in
1011 256 1041 271 iltis
1051 260 1085 275 par-

712 278 752 294 tibus
763 281 875 297 commoretur,
886 279 910 294 sin
922 279 975 294 minus
981 279 1010 297 ilii,
1018 279 1045 298 qui
1053 279 1086 294 eius

713 301 745 317 loco
756 301 838 321 deputatus
852 302 905 321 tuerit,
920 306 949 317 nec
961 306 994 317 non
1009 302 1086 322 Episcopis

712 327 729 340 et
739 324 804 341 Vicariis
814 325 906 345 Apostolicis
916 325 1007 341 earumdem
1017 325 1086 345 partium

712 348 797 364 transmitti
807 348 892 367 mandavit.
904 348 934 368 qua
944 352 976 364 non
984 348 1038 364 minus
1045 348 1086 364 debi-

713 374 736 387 tae
748 372 867 392 apostolicorum
879 372 978 388 decretorum
990 372 1085 390 executioni,

712 399 759 414 quam
769 395 904 411 missionariorum
914 395 1011 414 concordiae.
1019 399 1086 414 evange-

712 418 750 434 licae
760 418 830 434 veritatis
846 418 960 438 praedicationi.
972 420 1018 438 atque
1028 419 1086 434 anima-

712 445 748 457 rum
758 441 804 457 saluti
814 443 901 461 opportune
908 441 1004 457 consulatur.
1013 442 1085 460 Demum,

712 466 729 480 ut
740 465 798 480 nimiae
809 465 831 480 illi
841 465 861 480 de
870 465 893 480 nis
901 465 946 481 rebus
953 465 1031 481 scribendi
1038 465 1086 481 licen-

712 488 747 507 tiae,
758 492 798 508 quae
808 492 840 503 non
851 488 885 504 sine
901 488 971 504 fidelium
981 488 1052 504 scandalo
1061 488 1086 504 in-

712 514 736 526 ter
746 513 797 531 paries
807 511 881 527 diuturna
894 512 995 527 contentione
1005 515 1085 531 exaspera-

712 536 735 550 tas
748 534 820 553 invaluit,
832 535 886 550 modus
900 535 994 554 imponatur,
1010 535 1086 551 Sanctitas

712 557 742 574 Sua
753 558 822 573 districte
833 558 910 577 praecepit
923 558 995 574 omnibus
1006 560 1022 573 et
1032 558 1085 577 singu<

712 581 730 596 lis
740 581 809 597 cuiusvis
819 581 886 600 Ordinis
898 581 1033 601 congregationis,
1041 581 1086 597 insti-

712 604 741 620 tuti
752 606 767 620 et
779 604 864 623 Sodomis,
875 605 922 620 etiam
933 605 952 620 de
961 605 1053 620 necessitate
1059 608 1085 620 ex-

711 628 811 647 primendae,
827 627 924 647 regularibus
941 628 1006 647 aliisque
1022 628 1086 647 quibus-

711 655 778 671 cumque
788 651 884 666 secularibus
894 651 964 670 personis
974 653 1005 666 tarn
1015 651 1085 667 ecclesia-

711 674 758 693 sticis,
771 678 818 694 quam
832 674 879 693 laicis,
893 674 1006 694 cuiuscumque
1021 674 1084 690 mndem

711 699 765 716 status.
773 697 835 716 grados.
843 697 936 713 conditionis
942 699 959 712 et
966 697 1046 716 dignitatis
1053 697 1085 713 exi-

711 722 758 739 stant,
773 723 790 736 ut
804 721 820 736 in
836 722 915 740 posterum
929 724 961 736 non
976 720 1042 736 audeant
1055 720 1084 736 suh

711 744 766 763 quovis
780 744 849 763 quaesito
863 743 915 759 colore
925 744 950 759 vel
964 745 1046 763 praetextu
1056 743 1085 759 ini-

711 767 785 787 primere,
796 767 821 782 vel
832 767 941 787 quoquomodo
952 767 968 782 in
979 767 1030 782 lucem
1038 766 1084 782 edere

711 790 763 809 libros,
775 790 840 809 libellos,
851 790 940 809 relationes,
949 790 1004 809 theses,
1012 789 1047 805 lolia
1056 794 1084 805 seu

710 813 766 833 scripta
774 817 887 833 quaecumque,
895 813 912 829 in
919 813 975 833 quibus
982 817 1002 828 ex
1009 813 1083 833 protenso,

711 836 735 852 vei
747 836 839 855 incidenter.
847 837 866 852 de
876 836 932 852 ritihus
942 836 995 852 sinicis
1004 836 1084 852 huiusmo-

710 859 731 878 di,
743 859 768 875 vel
779 860 798 875 de
811 859 921 875 controversiis
935 859 1001 879 desuper
1011 863 1039 874 seu
1050 859 1083 874 illo-

710 887 746 898 rum
755 883 834 898 occasione
841 883 899 898 exortis
906 883 1022 902 quomodolibet
1029 884 1084 898 tracte-

710 907 744 925 tur,
760 906 794 922 sine
810 906 881 926 expressa
895 908 910 922 et
925 906 986 926 speciali
1003 906 1064 922 licentia
1075 911 1083 922 a

710 929 793 946 Sanctitate
804 929 840 948 Sua,
850 933 878 945 seu
889 934 917 949 pro
928 931 999 949 tempore
1005 930 1083 946 existente

709 953 779 968 Romano
786 953 866 971 Pontissce,
873 953 889 968 in
898 953 1022 972 congregatione
1029 957 1082 973 snpra-

708 976 757 992 dictae
769 978 830 992 sanctae
846 978 861 992 et
872 976 964 992 universalis
977 977 1083 996 inquisitionis

708 999 797 1015 obtinenda.
811 999 832 1015 Ut
842 1001 895 1015 autem
908 999 984 1015 eiusmodi
999 1000 1082 1019 prohibitio

708 1023 820 1038 inviolabiliter
830 1023 927 1042 observetur,
939 1023 992 1038 eadem
1006 1023 1082 1039 Sanctitas

708 1047 739 1062 Sua
749 1046 805 1065 voluit,
816 1048 832 1062 et
847 1046 930 1062 declaravit
945 1046 1082 1062 contravenientes

708 1069 872 1085 excommunicationis
883 1069 922 1085 latae
931 1070 1024 1089 sententiae,
1036 1073 1082 1089 regu-

708 1093 747 1109 lares
763 1097 799 1108 vero
814 1093 861 1108 etiam
879 1093 970 1112 privationis
987 1093 1028 1109 vocis
1045 1093 1081 1111 acii—

708 1120 736 1131 vae
747 1118 763 1132 et
778 1116 848 1135 passivae
864 1119 925 1135 poenus,
942 1116 974 1135 ipso
989 1115 1034 1135 iacto,
1049 1116 1082 1131 abs-

707 1143 738 1159 que
748 1139 776 1155 alia
787 1139 889 1155 declaratione
900 1139 987 1158 incurrere,
999 1141 1014 1154 et
1025 1139 1081 1154 nihilo-

708 1162 760 1178 minus
770 1162 804 1178 aliis
814 1162 861 1177 etiam
872 1162 926 1182 poenis
937 1162 1025 1178 Sanctitatis
1035 1162 1079 1181 Suae,

707 1188 722 1202 et
734 1189 840 1201 successorum
850 1189 915 1201 suorum
926 1185 1031 1201 Romanorum
1042 1185 1081 1201 Pon-

708 1210 773 1227 tificum,
786 1209 849 1224 arbitrio
860 1209 948 1228 infligendis
960 1209 1044 1225 subiacere.
1056 1209 1081 1224 Li-

707 1232 742 1247 bros
758 1236 812 1251 porro,
828 1232 897 1251 libellos,
914 1232 1004 1251 relationm,
1021 1232 1080 1251 ilicem,

706 1255 747 1274 lolia,
759 1259 776 1271 ac
786 1255 841 1275 scripta
855 1259 968 1275 quaecumque,
979 1259 1019 1275 quae
1029 1255 1046 1270 in
1057 1255 1080 1270 lu-

707 1281 760 1294 turum
769 1278 853 1298 praesentis
860 1278 969 1298 prohibitionis
976 1280 1047 1294 tenorem
1054 1278 1079 1294 edi

706 1301 790 1321 contigerit
806 1301 851 1320 (citra
865 1301 912 1317 ullarn
926 1301 992 1317 aliorum
1006 1302 1081 1317 hactenus

706 1325 783 1340 editorum
791 1324 922 1344 approbationem,
930 1329 977 1344 super
987 1324 1044 1344 quibus
1054 1329 1081 1345 op-

706 1349 773 1367 portune
789 1347 908 1367 providebitur),
922 1351 950 1367 pro
963 1352 1035 1367 expresse
1045 1352 1079 1367 pro-

706 1371 759 1386 liibitis
771 1371 823 1386 haberi
836 1370 892 1390 voluit,
905 1371 963 1390 absque
973 1371 1002 1386 alia
1014 1370 1080 1387 declara-

706 1394 748 1409 tione
761 1394 791 1409 sub
807 1394 860 1413 poenis
878 1396 893 1409 et
905 1394 975 1409 censuris
991 1394 1007 1409 in
1022 1394 1080 1413 regulis

706 1417 761 1433 indicis
775 1417 851 1433 librorum
866 1417 981 1437 prohibitorum
996 1417 1079 1433 contentis.

706 1440 806 1460 impressores
821 1444 864 1459 vero,
878 1442 939 1460 praeter
952 1440 1046 1460 scriptorum
1058 1440 1080 1456 sio

705 1464 817 1483 impressorum
834 1463 940 1482 amissionem,
957 1463 1049 1483 pecuniariis
1064 1468 1080 1479 a-

705 1486 761 1506 liisque
777 1486 881 1507 corporalibus
895 1487 957 1506 poenis,
971 1487 1014 1502 iuxta
1028 1486 1081 1502 crimi-

705 1510 729 1525 nis
742 1510 841 1529 gravitatem,
855 1510 905 1526 teneri
918 1510 1005 1529 mandavit3
1016 1510 1032 1526 in
1043 1514 1080 1526 oon-

1102 174 1130 189 Au.
1136 175 1153 190 C.
1164 175 1198 189 171⁰
