<?xml version="1.0" encoding="UTF-8"?>
<!DOCTYPE html PUBLIC "-//W3C//DTD XHTML 1.0 Transitional//EN"
    "http://www.w3.org/TR/xhtml1/DTD/xhtml1-transitional.dtd">
<html xmlns="http://www.w3.org/1999/xhtml" xml:lang="en" lang="en">
 <head>
  <title>
</title>
<meta http-equiv="Content-Type" content="text/html;charset=utf-8" />
  <meta name='ocr-system' content='tesseract 3.04.00' />
  <meta name='ocr-capabilities' content='ocr_page ocr_carea ocr_par ocr_line ocrx_word'/>
</head>
<body>
  <div class='ocr_page' id='page_1' title='image "./iurispontificii04martgoog_0324.png"; bbox 0 0 4880 6982; ppageno 0'>
   <div class='ocr_carea' id='block_1_1' title="bbox 346 593 643 656">
    <p class='ocr_par' dir='ltr' id='par_1_1' title="bbox 346 593 643 656">
     <span class='ocr_line' id='line_1_1' title="bbox 346 593 643 656; baseline -0.003 -9"><span class='ocrx_word' id='word_1_1' title='bbox 346 595 399 648; x_wconf 82' lang='lat' dir='ltr'>An.</span> <span class='ocrx_word' id='word_1_2' title='bbox 413 596 443 646; x_wconf 84' lang='lat' dir='ltr'>G.</span> <span class='ocrx_word' id='word_1_3' title='bbox 466 595 534 648; x_wconf 78' lang='lat'>1715</span> <span class='ocrx_word' id='word_1_4' title='bbox 585 593 643 656; x_wconf 72' lang='grc'>316</span> 
     </span>
    </p>
   </div>
   <div class='ocr_carea' id='block_1_2' title="bbox 557 729 1308 5865">
    <p class='ocr_par' dir='ltr' id='par_1_2' title="bbox 558 729 1308 4745">
     <span class='ocr_line' id='line_1_2' title="bbox 563 729 1308 810; baseline -0.011 -19"><span class='ocrx_word' id='word_1_5' title='bbox 563 731 771 810; x_wconf 80' lang='lat' dir='ltr'>spiritualium</span> <span class='ocrx_word' id='word_1_6' title='bbox 803 730 988 807; x_wconf 77' lang='lat' dir='ltr'>gaudiorum</span> <span class='ocrx_word' id='word_1_7' title='bbox 1015 742 1147 790; x_wconf 77' lang='lat' dir='ltr'><strong>messem</strong></span> <span class='ocrx_word' id='word_1_8' title='bbox 1169 729 1308 802; x_wconf 83' lang='lat' dir='ltr'>expecta-</span> 
     </span>
     <span class='ocr_line' id='line_1_3' title="bbox 564 815 1308 903; baseline -0.017 -15"><span class='ocrx_word' id='word_1_9' title='bbox 564 843 645 888; x_wconf 86' lang='lat' dir='ltr'>mus.</span> <span class='ocrx_word' id='word_1_10' title='bbox 664 826 708 887; x_wconf 79' lang='lat' dir='ltr'>ld</span> <span class='ocrx_word' id='word_1_11' title='bbox 721 825 826 886; x_wconf 90' lang='lat' dir='ltr'>eadem</span> <span class='ocrx_word' id='word_1_12' title='bbox 842 824 994 903; x_wconf 82' lang='lat' dir='ltr'>siquidem</span> <span class='ocrx_word' id='word_1_13' title='bbox 1009 821 1164 900; x_wconf 84' lang='lat' dir='ltr'>sequenda</span> <span class='ocrx_word' id='word_1_14' title='bbox 1179 815 1308 893; x_wconf 88' lang='lat' dir='ltr'>vestigia</span> 
     </span>
     <span class='ocr_line' id='line_1_4' title="bbox 564 915 1308 996; baseline -0.015 -14"><span class='ocrx_word' id='word_1_15' title='bbox 564 921 709 983; x_wconf 90' lang='lat' dir='ltr'>omnibus</span> <span class='ocrx_word' id='word_1_16' title='bbox 736 919 836 996; x_wconf 87' lang='lat' dir='ltr'>graeci</span> <span class='ocrx_word' id='word_1_17' title='bbox 862 919 940 980; x_wconf 91' lang='lat' dir='ltr'>ritus</span> <span class='ocrx_word' id='word_1_18' title='bbox 966 915 1086 996; x_wconf 92' lang='lat' dir='ltr'>populis</span> <span class='ocrx_word' id='word_1_19' title='bbox 1114 931 1147 975; x_wconf 91' lang='grc'>33</span> <span class='ocrx_word' id='word_1_20' title='bbox 1173 925 1308 990; x_wconf 89' lang='lat' dir='ltr'>praeser-</span> 
     </span>
     <span class='ocr_line' id='line_1_5' title="bbox 565 1007 1307 1093; baseline -0.015 -17"><span class='ocrx_word' id='word_1_21' title='bbox 565 1015 622 1077; x_wconf 95' lang='lat' dir='ltr'>tim</span> <span class='ocrx_word' id='word_1_22' title='bbox 644 1013 799 1093; x_wconf 86' lang='lat' dir='ltr'>Episcopis</span> <span class='ocrx_word' id='word_1_23' title='bbox 819 1012 920 1074; x_wconf 84' lang='lat' dir='ltr'>valido</span> <span class='ocrx_word' id='word_1_24' title='bbox 941 1010 1143 1072; x_wconf 90' lang='lat' dir='ltr'>incitamento</span> <span class='ocrx_word' id='word_1_25' title='bbox 1164 1007 1307 1068; x_wconf 91' lang='lat' dir='ltr'>futurum</span> 
     </span>
     <span class='ocr_line' id='line_1_6' title="bbox 564 1099 1308 1186; baseline -0.016 -15"><span class='ocrx_word' id='word_1_26' title='bbox 564 1109 742 1186; x_wconf 83' lang='lat' dir='ltr'>exemplum</span> <span class='ocrx_word' id='word_1_27' title='bbox 756 1115 846 1181; x_wconf 89' lang='lat' dir='ltr'>tuum</span> <span class='ocrx_word' id='word_1_28' title='bbox 861 1105 990 1167; x_wconf 91' lang='lat' dir='ltr'>omnino</span> <span class='ocrx_word' id='word_1_29' title='bbox 1005 1101 1200 1166; x_wconf 79' lang='lat' dir='ltr'>confidimus.</span> <span class='ocrx_word' id='word_1_30' title='bbox 1218 1099 1308 1161; x_wconf 93' lang='lat' dir='ltr'>Nunc</span> 
     </span>
     <span class='ocr_line' id='line_1_7' title="bbox 563 1193 1307 1280; baseline -0.019 -14"><span class='ocrx_word' id='word_1_31' title='bbox 563 1217 743 1280; x_wconf 73' lang='lat' dir='ltr'>ergqren.</span> <span class='ocrx_word' id='word_1_32' title='bbox 768 1201 873 1274; x_wconf 85' lang='lat' dir='ltr'>frater,</span> <span class='ocrx_word' id='word_1_33' title='bbox 897 1213 1028 1275; x_wconf 88' lang='lat' dir='ltr'>agnosce</span> <span class='ocrx_word' id='word_1_34' title='bbox 1052 1195 1242 1258; x_wconf 77' lang='lat' dir='ltr'>abundantes</span> <span class='ocrx_word' id='word_1_35' title='bbox 1264 1193 1307 1254; x_wconf 79' lang='lat' dir='ltr'>cli-</span> 
     </span>
     <span class='ocr_line' id='line_1_8' title="bbox 563 1289 1307 1372; baseline -0.011 -16"><span class='ocrx_word' id='word_1_36' title='bbox 563 1296 653 1357; x_wconf 79' lang='grc'><strong>333333</strong></span> <span class='ocrx_word' id='word_1_37' title='bbox 675 1295 789 1372; x_wconf 87' lang='lat' dir='ltr'>gratiae</span> <span class='ocrx_word' id='word_1_38' title='bbox 812 1301 842 1354; x_wconf 93' lang='lat' dir='ltr'>et</span> <span class='ocrx_word' id='word_1_39' title='bbox 864 1292 1008 1354; x_wconf 92' lang='lat' dir='ltr'>bonitatis</span> <span class='ocrx_word' id='word_1_40' title='bbox 1029 1291 1100 1364; x_wconf 88' lang='lat' dir='ltr'>Dei,</span> <span class='ocrx_word' id='word_1_41' title='bbox 1124 1289 1176 1368; x_wconf 95' lang='lat' dir='ltr'>qui</span> <span class='ocrx_word' id='word_1_42' title='bbox 1198 1303 1307 1349; x_wconf 89' lang='lat' dir='ltr'>secun·</span> 
     </span>
     <span class='ocr_line' id='line_1_9' title="bbox 562 1383 1307 1463; baseline -0.011 -13"><span class='ocrx_word' id='word_1_43' title='bbox 562 1388 635 1450; x_wconf 92' lang='lat' dir='ltr'>dum</span> <span class='ocrx_word' id='word_1_44' title='bbox 659 1401 803 1463; x_wconf 86' lang='lat' dir='ltr'>magnam</span> <span class='ocrx_word' id='word_1_45' title='bbox 834 1383 1079 1447; x_wconf 89' lang='lat' dir='ltr'>misericordiam</span> <span class='ocrx_word' id='word_1_46' title='bbox 1100 1396 1187 1444; x_wconf 89' lang='lat' dir='ltr'>suam</span> <span class='ocrx_word' id='word_1_47' title='bbox 1210 1388 1239 1443; x_wconf 90' lang='lat' dir='ltr'>et</span> <span class='ocrx_word' id='word_1_48' title='bbox 1261 1396 1307 1442; x_wconf 90' lang='lat' dir='ltr'>se-</span> 
     </span>
     <span class='ocr_line' id='line_1_10' title="bbox 562 1476 1306 1546; baseline -0.015 -1"><span class='ocrx_word' id='word_1_49' title='bbox 562 1483 701 1546; x_wconf 91' lang='lat' dir='ltr'>cundum</span> <span class='ocrx_word' id='word_1_50' title='bbox 722 1479 961 1542; x_wconf 81' lang='lat' dir='ltr'>multitudinem</span> <span class='ocrx_word' id='word_1_51' title='bbox 982 1476 1218 1538; x_wconf 85' lang='lat' dir='ltr'>miserationum</span> <span class='ocrx_word' id='word_1_52' title='bbox 1239 1491 1306 1535; x_wconf 90' lang='lat' dir='ltr'>sua-</span> 
     </span>
     <span class='ocr_line' id='line_1_11' title="bbox 563 1568 1307 1646; baseline -0.009 -9"><span class='ocrx_word' id='word_1_53' title='bbox 563 1591 633 1637; x_wconf 94' lang='lat' dir='ltr'>rum</span> <span class='ocrx_word' id='word_1_54' title='bbox 665 1575 710 1636; x_wconf 90' lang='lat' dir='ltr'>tui</span> <span class='ocrx_word' id='word_1_55' title='bbox 744 1573 891 1635; x_wconf 90' lang='lat' dir='ltr'>misertus</span> <span class='ocrx_word' id='word_1_56' title='bbox 921 1579 977 1633; x_wconf 90' lang='lat' dir='ltr'>est.</span> <span class='ocrx_word' id='word_1_57' title='bbox 1012 1569 1106 1632; x_wconf 88' lang='lat' dir='ltr'>Narra</span> <span class='ocrx_word' id='word_1_58' title='bbox 1135 1568 1255 1646; x_wconf 90' lang='lat' dir='ltr'>populis</span> <span class='ocrx_word' id='word_1_59' title='bbox 1277 1577 1307 1630; x_wconf 89' lang='lat' dir='ltr'>et</span> 
     </span>
     <span class='ocr_line' id='line_1_12' title="bbox 562 1661 1303 1748; baseline -0.015 -17"><span class='ocrx_word' id='word_1_60' title='bbox 562 1668 754 1748; x_wconf 90' lang='lat' dir='ltr'>principibus</span> <span class='ocrx_word' id='word_1_61' title='bbox 780 1673 894 1746; x_wconf 90' lang='lat' dir='ltr'>quanta</span> <span class='ocrx_word' id='word_1_62' title='bbox 927 1664 1035 1727; x_wconf 88' lang='lat' dir='ltr'>fecerit</span> <span class='ocrx_word' id='word_1_63' title='bbox 1057 1663 1111 1725; x_wconf 91' lang='lat' dir='ltr'>tibi</span> <span class='ocrx_word' id='word_1_64' title='bbox 1134 1661 1303 1724; x_wconf 83' lang='lat' dir='ltr'>Dominus:</span> 
     </span>
     <span class='ocr_line' id='line_1_13' title="bbox 563 1759 1307 1838; baseline -0.013 -13"><span class='ocrx_word' id='word_1_65' title='bbox 563 1766 637 1825; x_wconf 81' lang='lat' dir='ltr'>llaec</span> <span class='ocrx_word' id='word_1_66' title='bbox 659 1769 704 1824; x_wconf 91' lang='lat' dir='ltr'>est</span> <span class='ocrx_word' id='word_1_67' title='bbox 724 1762 808 1824; x_wconf 91' lang='lat' dir='ltr'>enim</span> <span class='ocrx_word' id='word_1_68' title='bbox 832 1759 929 1838; x_wconf 88' lang='lat' dir='ltr'>gloria</span> <span class='ocrx_word' id='word_1_69' title='bbox 947 1766 1010 1832; x_wconf 90' lang='lat' dir='ltr'>tua,</span> <span class='ocrx_word' id='word_1_70' title='bbox 1027 1765 1061 1819; x_wconf 93' lang='lat' dir='ltr'>ut</span> <span class='ocrx_word' id='word_1_71' title='bbox 1076 1772 1184 1818; x_wconf 90' lang='lat' dir='ltr'>omnes</span> <span class='ocrx_word' id='word_1_72' title='bbox 1199 1763 1307 1832; x_wconf 80' lang='lat' dir='ltr'>gentes</span> 
     </span>
     <span class='ocr_line' id='line_1_14' title="bbox 563 1848 1307 1933; baseline -0.012 -15"><span class='ocrx_word' id='word_1_73' title='bbox 563 1858 656 1933; x_wconf 90' lang='lat' dir='ltr'>longe</span> <span class='ocrx_word' id='word_1_74' title='bbox 683 1856 805 1933; x_wconf 90' lang='lat' dir='ltr'>lateque</span> <span class='ocrx_word' id='word_1_75' title='bbox 833 1853 1031 1930; x_wconf 87' lang='lat' dir='ltr'>intelligant,</span> <span class='ocrx_word' id='word_1_76' title='bbox 1063 1851 1133 1931; x_wconf 93' lang='lat' dir='ltr'>quia</span> <span class='ocrx_word' id='word_1_77' title='bbox 1158 1851 1230 1912; x_wconf 86' lang='lat' dir='ltr'>fecit</span> <span class='ocrx_word' id='word_1_78' title='bbox 1252 1848 1307 1910; x_wconf 90' lang='lat' dir='ltr'>tibi</span> 
     </span>
     <span class='ocr_line' id='line_1_15' title="bbox 562 1950 1305 2028; baseline -0.012 -15"><span class='ocrx_word' id='word_1_79' title='bbox 562 1967 674 2028; x_wconf 85' lang='lat' dir='ltr'>magna</span> <span class='ocrx_word' id='word_1_80' title='bbox 696 1950 748 2026; x_wconf 88' lang='lat' dir='ltr'>qui</span> <span class='ocrx_word' id='word_1_81' title='bbox 770 1954 951 2027; x_wconf 90' lang='lat' dir='ltr'>potensest,</span> <span class='ocrx_word' id='word_1_82' title='bbox 974 1954 1005 2008; x_wconf 90' lang='lat' dir='ltr'>et</span> <span class='ocrx_word' id='word_1_83' title='bbox 1026 1953 1167 2007; x_wconf 89' lang='lat' dir='ltr'>sanctum</span> <span class='ocrx_word' id='word_1_84' title='bbox 1190 1959 1305 2005; x_wconf 91' lang='lat' dir='ltr'>nomen</span> 
     </span>
     <span class='ocr_line' id='line_1_16' title="bbox 563 2038 1306 2120; baseline -0.015 -12"><span class='ocrx_word' id='word_1_85' title='bbox 563 2047 638 2108; x_wconf 92' lang='lat' dir='ltr'>eius.</span> <span class='ocrx_word' id='word_1_86' title='bbox 673 2043 772 2120; x_wconf 87' lang='lat' dir='ltr'>lliligo</span> <span class='ocrx_word' id='word_1_87' title='bbox 797 2047 929 2102; x_wconf 88' lang='lat' dir='ltr'>matrem</span> <span class='ocrx_word' id='word_1_88' title='bbox 952 2047 1037 2101; x_wconf 92' lang='lat' dir='ltr'>tuam</span> <span class='ocrx_word' id='word_1_89' title='bbox 1058 2038 1227 2100; x_wconf 84' lang='lat' dir='ltr'>Romanam</span> <span class='ocrx_word' id='word_1_90' title='bbox 1253 2038 1306 2098; x_wconf 81' lang='lat' dir='ltr'>Ec·</span> 
     </span>
     <span class='ocr_line' id='line_1_17' title="bbox 562 2131 1304 2217; baseline -0.013 -16"><span class='ocrx_word' id='word_1_91' title='bbox 562 2139 686 2202; x_wconf 89' lang='lat' dir='ltr'>clesiam</span> <span class='ocrx_word' id='word_1_92' title='bbox 709 2151 786 2217; x_wconf 90' lang='lat' dir='ltr'>quae</span> <span class='ocrx_word' id='word_1_93' title='bbox 810 2146 837 2196; x_wconf 90' lang='lat' dir='ltr'>te</span> <span class='ocrx_word' id='word_1_94' title='bbox 859 2149 968 2195; x_wconf 90' lang='lat' dir='ltr'>rursus</span> <span class='ocrx_word' id='word_1_95' title='bbox 989 2133 1022 2194; x_wconf 92' lang='lat' dir='ltr'>in</span> <span class='ocrx_word' id='word_1_96' title='bbox 1046 2132 1168 2195; x_wconf 80' lang='lat' dir='ltr'>Clarislo</span> <span class='ocrx_word' id='word_1_97' title='bbox 1184 2131 1304 2208; x_wconf 90' lang='lat' dir='ltr'>genuit,</span> 
     </span>
     <span class='ocr_line' id='line_1_18' title="bbox 563 2216 1307 2307; baseline -0.015 -11"><span class='ocrx_word' id='word_1_98' title='bbox 563 2251 620 2296; x_wconf 89' lang='lat' dir='ltr'>nec</span> <span class='ocrx_word' id='word_1_99' title='bbox 641 2231 777 2295; x_wconf 87' lang='lat' dir='ltr'>dimittas</span> <span class='ocrx_word' id='word_1_100' title='bbox 793 2216 895 2307; x_wconf 81' lang='lat' dir='ltr'>legem</span> <span class='ocrx_word' id='word_1_101' title='bbox 911 2227 1006 2297; x_wconf 90' lang='lat' dir='ltr'>illius,</span> <span class='ocrx_word' id='word_1_102' title='bbox 1021 2234 1053 2286; x_wconf 90' lang='lat' dir='ltr'>et</span> <span class='ocrx_word' id='word_1_103' title='bbox 1067 2233 1225 2304; x_wconf 90' lang='lat' dir='ltr'>praecepta</span> <span class='ocrx_word' id='word_1_104' title='bbox 1240 2224 1307 2286; x_wconf 89' lang='lat' dir='ltr'>eius</span> 
     </span>
     <span class='ocr_line' id='line_1_19' title="bbox 562 2318 1305 2398; baseline -0.016 -8"><span class='ocrx_word' id='word_1_105' title='bbox 562 2345 614 2390; x_wconf 90' lang='lat' dir='ltr'>cor</span> <span class='ocrx_word' id='word_1_106' title='bbox 642 2335 733 2390; x_wconf 93' lang='lat' dir='ltr'>tuum</span> <span class='ocrx_word' id='word_1_107' title='bbox 761 2323 931 2387; x_wconf 88' lang='lat' dir='ltr'>custodiat:</span> <span class='ocrx_word' id='word_1_108' title='bbox 955 2318 1188 2398; x_wconf 72' lang='lat' dir='ltr'>longitudinem</span> <span class='ocrx_word' id='word_1_109' title='bbox 1219 2318 1305 2379; x_wconf 88' lang='lat' dir='ltr'>enim</span> 
     </span>
     <span class='ocr_line' id='line_1_20' title="bbox 562 2416 1306 2493; baseline -0.016 -9"><span class='ocrx_word' id='word_1_110' title='bbox 562 2421 685 2484; x_wconf 90' lang='lat' dir='ltr'>dierum</span> <span class='ocrx_word' id='word_1_111' title='bbox 700 2426 730 2481; x_wconf 90' lang='lat' dir='ltr'>et</span> <span class='ocrx_word' id='word_1_112' title='bbox 751 2433 848 2479; x_wconf 90' lang='lat' dir='ltr'>annos</span> <span class='ocrx_word' id='word_1_113' title='bbox 869 2416 951 2476; x_wconf 89' lang='lat' dir='ltr'>ritae</span> <span class='ocrx_word' id='word_1_114' title='bbox 973 2419 1004 2475; x_wconf 87' lang='lat' dir='ltr'>et</span> <span class='ocrx_word' id='word_1_115' title='bbox 1024 2429 1130 2493; x_wconf 90' lang='lat' dir='ltr'>pacem</span> <span class='ocrx_word' id='word_1_116' title='bbox 1151 2419 1306 2490; x_wconf 87' lang='lat' dir='ltr'>apponent</span> 
     </span>
     <span class='ocr_line' id='line_1_21' title="bbox 563 2507 1305 2586; baseline -0.018 -6"><span class='ocrx_word' id='word_1_117' title='bbox 563 2519 627 2580; x_wconf 88' lang='lat' dir='ltr'>tibi.</span> <span class='ocrx_word' id='word_1_118' title='bbox 653 2517 733 2580; x_wconf 82' lang='lat' dir='ltr'>flare</span> <span class='ocrx_word' id='word_1_119' title='bbox 761 2513 906 2584; x_wconf 90' lang='lat' dir='ltr'>demum,</span> <span class='ocrx_word' id='word_1_120' title='bbox 930 2525 971 2571; x_wconf 90' lang='lat' dir='ltr'>ne</span> <span class='ocrx_word' id='word_1_121' title='bbox 999 2509 1071 2586; x_wconf 93' lang='lat' dir='ltr'>quid</span> <span class='ocrx_word' id='word_1_122' title='bbox 1098 2507 1131 2568; x_wconf 92' lang='lat' dir='ltr'>in</span> <span class='ocrx_word' id='word_1_123' title='bbox 1152 2513 1200 2580; x_wconf 91' lang='lat' dir='ltr'>to,</span> <span class='ocrx_word' id='word_1_124' title='bbox 1224 2507 1305 2584; x_wconf 90' lang='lat' dir='ltr'>quod</span> 
     </span>
     <span class='ocr_line' id='line_1_22' title="bbox 562 2599 1306 2682; baseline -0.02 -7"><span class='ocrx_word' id='word_1_125' title='bbox 562 2613 642 2674; x_wconf 89' lang='lat' dir='ltr'>Deus</span> <span class='ocrx_word' id='word_1_126' title='bbox 656 2613 785 2682; x_wconf 88' lang='lat' dir='ltr'>avertat,</span> <span class='ocrx_word' id='word_1_127' title='bbox 802 2607 909 2666; x_wconf 86' lang='lat' dir='ltr'>factum</span> <span class='ocrx_word' id='word_1_128' title='bbox 927 2601 1150 2664; x_wconf 89' lang='lat' dir='ltr'>simulatumve</span> <span class='ocrx_word' id='word_1_129' title='bbox 1170 2599 1220 2660; x_wconf 91' lang='lat' dir='ltr'>sit.</span> <span class='ocrx_word' id='word_1_130' title='bbox 1245 2599 1306 2661; x_wconf 89' lang='lat' dir='ltr'>Nos</span> 
     </span>
     <span class='ocr_line' id='line_1_23' title="bbox 562 2695 1307 2778; baseline -0.019 -10"><span class='ocrx_word' id='word_1_131' title='bbox 562 2706 657 2778; x_wconf 90' lang='lat' dir='ltr'>enim,</span> <span class='ocrx_word' id='word_1_132' title='bbox 681 2708 716 2764; x_wconf 93' lang='lat' dir='ltr'>ut</span> <span class='ocrx_word' id='word_1_133' title='bbox 738 2699 892 2772; x_wconf 83' lang='lat' dir='ltr'>nomines,</span> <span class='ocrx_word' id='word_1_134' title='bbox 909 2705 1037 2759; x_wconf 83' lang='lat' dir='ltr'>externa</span> <span class='ocrx_word' id='word_1_135' title='bbox 1059 2702 1182 2756; x_wconf 92' lang='lat' dir='ltr'>tantum</span> <span class='ocrx_word' id='word_1_136' title='bbox 1204 2695 1307 2756; x_wconf 89' lang='lat' dir='ltr'>intue-</span> 
     </span>
     <span class='ocr_line' id='line_1_24' title="bbox 560 2789 1306 2860; baseline -0.016 0"><span class='ocrx_word' id='word_1_137' title='bbox 560 2815 634 2860; x_wconf 89' lang='lat' dir='ltr'>mur</span> <span class='ocrx_word' id='word_1_138' title='bbox 664 2803 694 2857; x_wconf 92' lang='lat' dir='ltr'>et</span> <span class='ocrx_word' id='word_1_139' title='bbox 721 2794 758 2855; x_wconf 91' lang='lat' dir='ltr'>de</span> <span class='ocrx_word' id='word_1_140' title='bbox 782 2792 832 2853; x_wconf 83' lang='lat' dir='ltr'>liis</span> <span class='ocrx_word' id='word_1_141' title='bbox 863 2791 1054 2852; x_wconf 89' lang='lat' dir='ltr'>iudicamus:</span> <span class='ocrx_word' id='word_1_142' title='bbox 1088 2789 1169 2850; x_wconf 91' lang='lat' dir='ltr'>fleus</span> <span class='ocrx_word' id='word_1_143' title='bbox 1200 2795 1306 2849; x_wconf 91' lang='lat' dir='ltr'>autem</span> 
     </span>
     <span class='ocr_line' id='line_1_25' title="bbox 560 2881 1306 2960; baseline -0.013 -8"><span class='ocrx_word' id='word_1_144' title='bbox 560 2897 716 2954; x_wconf 88' lang='lat' dir='ltr'>scrutatur</span> <span class='ocrx_word' id='word_1_145' title='bbox 747 2901 837 2948; x_wconf 87' lang='lat' dir='ltr'>renes</span> <span class='ocrx_word' id='word_1_146' title='bbox 868 2895 898 2946; x_wconf 88' lang='lat' dir='ltr'>et</span> <span class='ocrx_word' id='word_1_147' title='bbox 925 2883 1036 2957; x_wconf 91' lang='lat' dir='ltr'>corda,</span> <span class='ocrx_word' id='word_1_148' title='bbox 1060 2882 1189 2960; x_wconf 91' lang='lat' dir='ltr'>eiusque</span> <span class='ocrx_word' id='word_1_149' title='bbox 1210 2881 1306 2944; x_wconf 92' lang='lat' dir='ltr'>oculis</span> 
     </span>
     <span class='ocr_line' id='line_1_26' title="bbox 562 2975 1307 3058; baseline -0.015 -13"><span class='ocrx_word' id='word_1_150' title='bbox 562 2983 642 3046; x_wconf 88' lang='lat' dir='ltr'>nuda</span> <span class='ocrx_word' id='word_1_151' title='bbox 664 2989 695 3043; x_wconf 91' lang='lat' dir='ltr'>et</span> <span class='ocrx_word' id='word_1_152' title='bbox 715 2987 818 3058; x_wconf 89' lang='lat' dir='ltr'>aperta</span> <span class='ocrx_word' id='word_1_153' title='bbox 836 2983 909 3040; x_wconf 90' lang='lat' dir='ltr'>sunt</span> <span class='ocrx_word' id='word_1_154' title='bbox 931 2977 1046 3038; x_wconf 92' lang='lat' dir='ltr'>omnia.</span> <span class='ocrx_word' id='word_1_155' title='bbox 1072 2975 1133 3038; x_wconf 90' lang='lat' dir='ltr'>Nos</span> <span class='ocrx_word' id='word_1_156' title='bbox 1155 2975 1222 3054; x_wconf 90' lang='lat' dir='ltr'>piae</span> <span class='ocrx_word' id='word_1_157' title='bbox 1243 2989 1307 3036; x_wconf 89' lang='lat' dir='ltr'>ma-</span> 
     </span>
     <span class='ocr_line' id='line_1_27' title="bbox 561 3069 1307 3150; baseline -0.017 -9"><span class='ocrx_word' id='word_1_158' title='bbox 561 3079 616 3141; x_wconf 90' lang='lat' dir='ltr'>tris</span> <span class='ocrx_word' id='word_1_159' title='bbox 631 3074 776 3138; x_wconf 86' lang='lat' dir='ltr'>ecclesiae</span> <span class='ocrx_word' id='word_1_160' title='bbox 790 3072 948 3150; x_wconf 88' lang='lat' dir='ltr'>gremium</span> <span class='ocrx_word' id='word_1_161' title='bbox 969 3076 1000 3132; x_wconf 90' lang='lat' dir='ltr'>et</span> <span class='ocrx_word' id='word_1_162' title='bbox 1021 3078 1123 3148; x_wconf 88' lang='lat' dir='ltr'>portas</span> <span class='ocrx_word' id='word_1_163' title='bbox 1142 3069 1215 3131; x_wconf 89' lang='lat' dir='ltr'>caeli</span> <span class='ocrx_word' id='word_1_164' title='bbox 1231 3085 1307 3146; x_wconf 92' lang='lat' dir='ltr'>pon·</span> 
     </span>
     <span class='ocr_line' id='line_1_28' title="bbox 562 3162 1305 3242; baseline -0.012 -9"><span class='ocrx_word' id='word_1_165' title='bbox 562 3172 652 3234; x_wconf 83' lang='lat' dir='ltr'>tisscial</span> <span class='ocrx_word' id='word_1_166' title='bbox 674 3169 779 3231; x_wconf 80' lang='lat' dir='ltr'>nostrat</span> <span class='ocrx_word' id='word_1_167' title='bbox 803 3165 986 3230; x_wconf 89' lang='lat' dir='ltr'>auctoritate</span> <span class='ocrx_word' id='word_1_168' title='bbox 1008 3162 1075 3239; x_wconf 93' lang='lat' dir='ltr'>tibi,</span> <span class='ocrx_word' id='word_1_169' title='bbox 1098 3163 1305 3242; x_wconf 91' lang='lat' dir='ltr'>quantumin</span> 
     </span>
     <span class='ocr_line' id='line_1_29' title="bbox 561 3255 1305 3340; baseline -0.015 -13"><span class='ocrx_word' id='word_1_170' title='bbox 561 3264 649 3327; x_wconf 90' lang='lat' dir='ltr'>nobis</span> <span class='ocrx_word' id='word_1_171' title='bbox 664 3271 721 3336; x_wconf 92' lang='lat' dir='ltr'>est,</span> <span class='ocrx_word' id='word_1_172' title='bbox 737 3260 915 3340; x_wconf 87' lang='lat' dir='ltr'>aperuimus</span> <span class='ocrx_word' id='word_1_173' title='bbox 930 3266 961 3318; x_wconf 93' lang='lat' dir='ltr'>et</span> <span class='ocrx_word' id='word_1_174' title='bbox 975 3258 1150 3335; x_wconf 90' lang='lat' dir='ltr'>aperimus:</span> <span class='ocrx_word' id='word_1_175' title='bbox 1175 3263 1208 3317; x_wconf 92' lang='lat' dir='ltr'>tu</span> <span class='ocrx_word' id='word_1_176' title='bbox 1223 3255 1305 3330; x_wconf 89' lang='lat' dir='ltr'>vide,</span> 
     </span>
     <span class='ocr_line' id='line_1_30' title="bbox 561 3348 1303 3434; baseline -0.019 -12"><span class='ocrx_word' id='word_1_177' title='bbox 561 3375 601 3422; x_wconf 91' lang='lat' dir='ltr'>ne</span> <span class='ocrx_word' id='word_1_178' title='bbox 622 3356 677 3419; x_wconf 91' lang='lat' dir='ltr'>tibi</span> <span class='ocrx_word' id='word_1_179' title='bbox 694 3354 749 3434; x_wconf 90' lang='lat' dir='ltr'>ipsi</span> <span class='ocrx_word' id='word_1_180' title='bbox 764 3361 795 3414; x_wconf 87' lang='lat' dir='ltr'>et</span> <span class='ocrx_word' id='word_1_181' title='bbox 811 3351 969 3414; x_wconf 87' lang='lat' dir='ltr'>ecclesiam</span> <span class='ocrx_word' id='word_1_182' title='bbox 985 3359 1016 3412; x_wconf 88' lang='lat' dir='ltr'>et</span> <span class='ocrx_word' id='word_1_183' title='bbox 1031 3351 1151 3412; x_wconf 92' lang='lat' dir='ltr'>caelum</span> <span class='ocrx_word' id='word_1_184' title='bbox 1172 3348 1303 3411; x_wconf 86' lang='lat' dir='ltr'>claudas.</span> 
     </span>
     <span class='ocr_line' id='line_1_31' title="bbox 561 3444 1304 3523; baseline -0.015 -9"><span class='ocrx_word' id='word_1_185' title='bbox 561 3452 619 3516; x_wconf 90' lang='lat' dir='ltr'>Sed</span> <span class='ocrx_word' id='word_1_186' title='bbox 635 3449 724 3523; x_wconf 88' lang='lat' dir='ltr'>absit,</span> <span class='ocrx_word' id='word_1_187' title='bbox 737 3455 772 3508; x_wconf 93' lang='lat' dir='ltr'>ut</span> <span class='ocrx_word' id='word_1_188' title='bbox 786 3449 860 3508; x_wconf 78' lang='lat' dir='ltr'>llaec</span> <span class='ocrx_word' id='word_1_189' title='bbox 875 3459 1012 3522; x_wconf 90' lang='lat' dir='ltr'>uuquam</span> <span class='ocrx_word' id='word_1_190' title='bbox 1029 3444 1066 3504; x_wconf 89' lang='lat' dir='ltr'>de</span> <span class='ocrx_word' id='word_1_191' title='bbox 1082 3451 1112 3504; x_wconf 92' lang='lat' dir='ltr'>te</span> <span class='ocrx_word' id='word_1_192' title='bbox 1128 3444 1304 3516; x_wconf 86' lang='lat' dir='ltr'>timeamus,</span> 
     </span>
     <span class='ocr_line' id='line_1_32' title="bbox 560 3537 1302 3616; baseline -0.013 -10"><span class='ocrx_word' id='word_1_193' title='bbox 560 3547 623 3607; x_wconf 90' lang='lat' dir='ltr'>imo</span> <span class='ocrx_word' id='word_1_194' title='bbox 644 3559 701 3605; x_wconf 90' lang='lat' dir='ltr'>nec</span> <span class='ocrx_word' id='word_1_195' title='bbox 723 3540 912 3616; x_wconf 77' lang='lat' dir='ltr'>cogitemus3</span> <span class='ocrx_word' id='word_1_196' title='bbox 935 3554 1006 3599; x_wconf 92' lang='lat' dir='ltr'>cum</span> <span class='ocrx_word' id='word_1_197' title='bbox 1039 3538 1140 3615; x_wconf 91' lang='lat' dir='ltr'>potius</span> <span class='ocrx_word' id='word_1_198' title='bbox 1163 3537 1302 3597; x_wconf 92' lang='lat' dir='ltr'>inomni</span> 
     </span>
     <span class='ocr_line' id='line_1_33' title="bbox 559 3631 1306 3711; baseline -0.015 -11"><span class='ocrx_word' id='word_1_199' title='bbox 559 3639 691 3700; x_wconf 84' lang='lat' dir='ltr'>veritate</span> <span class='ocrx_word' id='word_1_200' title='bbox 716 3634 894 3711; x_wconf 92' lang='lat' dir='ltr'>mentisque</span> <span class='ocrx_word' id='word_1_201' title='bbox 914 3633 1046 3693; x_wconf 78' lang='lat' dir='ltr'>cecidere</span> <span class='ocrx_word' id='word_1_202' title='bbox 1068 3645 1170 3692; x_wconf 92' lang='lat' dir='ltr'>coram</span> <span class='ocrx_word' id='word_1_203' title='bbox 1191 3631 1253 3692; x_wconf 84' lang='lat' dir='ltr'>ileo</span> <span class='ocrx_word' id='word_1_204' title='bbox 1275 3636 1306 3690; x_wconf 91' lang='lat' dir='ltr'>et</span> 
     </span>
     <span class='ocr_line' id='line_1_34' title="bbox 559 3725 1305 3802; baseline -0.016 -7"><span class='ocrx_word' id='word_1_205' title='bbox 559 3729 740 3795; x_wconf 87' lang='lat' dir='ltr'>bominibus</span> <span class='ocrx_word' id='word_1_206' title='bbox 763 3736 792 3788; x_wconf 92' lang='lat' dir='ltr'>te</span> <span class='ocrx_word' id='word_1_207' title='bbox 814 3725 971 3787; x_wconf 87' lang='lat' dir='ltr'>ambulare</span> <span class='ocrx_word' id='word_1_208' title='bbox 993 3741 1027 3786; x_wconf 90' lang='lat' dir='ltr'>ac</span> <span class='ocrx_word' id='word_1_209' title='bbox 1048 3726 1191 3802; x_wconf 83' lang='lat' dir='ltr'>deinceps</span> <span class='ocrx_word' id='word_1_210' title='bbox 1213 3725 1305 3786; x_wconf 91' lang='lat' dir='ltr'>etiam</span> 
     </span>
     <span class='ocr_line' id='line_1_35' title="bbox 559 3818 1304 3892; baseline -0.015 -3"><span class='ocrx_word' id='word_1_211' title='bbox 559 3824 792 3888; x_wconf 90' lang='lat' dir='ltr'>ambulaturum</span> <span class='ocrx_word' id='word_1_212' title='bbox 823 3835 889 3880; x_wconf 89' lang='lat' dir='ltr'>esse</span> <span class='ocrx_word' id='word_1_213' title='bbox 920 3827 1096 3881; x_wconf 83' lang='lat' dir='ltr'>constanter</span> <span class='ocrx_word' id='word_1_214' title='bbox 1120 3818 1304 3892; x_wconf 81' lang='lat' dir='ltr'>credamus,</span> 
     </span>
     <span class='ocr_line' id='line_1_36' title="bbox 559 3911 1306 3996; baseline -0.011 -17"><span class='ocrx_word' id='word_1_215' title='bbox 559 3920 696 3996; x_wconf 88' lang='lat' dir='ltr'>adeoque</span> <span class='ocrx_word' id='word_1_216' title='bbox 710 3913 836 3976; x_wconf 91' lang='lat' dir='ltr'>nonnisi</span> <span class='ocrx_word' id='word_1_217' title='bbox 857 3927 970 3989; x_wconf 86' lang='lat' dir='ltr'>magna</span> <span class='ocrx_word' id='word_1_218' title='bbox 990 3919 1022 3972; x_wconf 90' lang='lat' dir='ltr'>et</span> <span class='ocrx_word' id='word_1_219' title='bbox 1044 3911 1195 3988; x_wconf 88' lang='lat' dir='ltr'>praeclara</span> <span class='ocrx_word' id='word_1_220' title='bbox 1210 3913 1245 3972; x_wconf 92' lang='lat' dir='ltr'>ad</span> <span class='ocrx_word' id='word_1_221' title='bbox 1262 3911 1306 3972; x_wconf 95' lang='lat' dir='ltr'>di·</span> 
     </span>
     <span class='ocr_line' id='line_1_37' title="bbox 559 4005 1304 4090; baseline -0.008 -18"><span class='ocrx_word' id='word_1_222' title='bbox 559 4013 650 4074; x_wconf 88' lang='lat' dir='ltr'>rinae</span> <span class='ocrx_word' id='word_1_223' title='bbox 671 4009 788 4090; x_wconf 84' lang='lat' dir='ltr'>gloriae</span> <span class='ocrx_word' id='word_1_224' title='bbox 809 4014 840 4068; x_wconf 89' lang='lat' dir='ltr'>et</span> <span class='ocrx_word' id='word_1_225' title='bbox 861 4005 1026 4068; x_wconf 89' lang='lat' dir='ltr'>catbolieae</span> <span class='ocrx_word' id='word_1_226' title='bbox 1047 4005 1218 4081; x_wconf 84' lang='lat' dir='ltr'>Religionis</span> <span class='ocrx_word' id='word_1_227' title='bbox 1239 4021 1304 4066; x_wconf 91' lang='lat' dir='ltr'>am-</span> 
     </span>
     <span class='ocr_line' id='line_1_38' title="bbox 559 4098 1302 4186; baseline -0.011 -18"><span class='ocrx_word' id='word_1_228' title='bbox 559 4105 800 4186; x_wconf 84' lang='lat' dir='ltr'>plificationem,</span> <span class='ocrx_word' id='word_1_229' title='bbox 834 4116 891 4161; x_wconf 90' lang='lat' dir='ltr'>nec</span> <span class='ocrx_word' id='word_1_230' title='bbox 922 4099 981 4160; x_wconf 91' lang='lat' dir='ltr'>nisi</span> <span class='ocrx_word' id='word_1_231' title='bbox 1013 4098 1106 4175; x_wconf 90' lang='lat' dir='ltr'>digna</span> <span class='ocrx_word' id='word_1_232' title='bbox 1129 4099 1302 4160; x_wconf 79' lang='lat' dir='ltr'>Patriarelrf</span> 
     </span>
     <span class='ocr_line' id='line_1_39' title="bbox 559 4193 1304 4272; baseline -0.012 -9"><span class='ocrx_word' id='word_1_233' title='bbox 559 4199 779 4272; x_wconf 78' lang='lat' dir='ltr'>Alexandrino,</span> <span class='ocrx_word' id='word_1_234' title='bbox 796 4195 888 4272; x_wconf 87' lang='lat' dir='ltr'>digna</span> <span class='ocrx_word' id='word_1_235' title='bbox 908 4193 1021 4272; x_wconf 87' lang='lat' dir='ltr'>pietate</span> <span class='ocrx_word' id='word_1_236' title='bbox 1036 4200 1128 4271; x_wconf 90' lang='lat' dir='ltr'>atque</span> <span class='ocrx_word' id='word_1_237' title='bbox 1148 4199 1304 4270; x_wconf 87' lang='lat' dir='ltr'>praestan-</span> 
     </span>
     <span class='ocr_line' id='line_1_40' title="bbox 560 4287 1304 4365; baseline -0.015 -9"><span class='ocrx_word' id='word_1_238' title='bbox 560 4295 600 4356; x_wconf 81' lang='lat' dir='ltr'>tit</span> <span class='ocrx_word' id='word_1_239' title='bbox 621 4292 716 4354; x_wconf 91' lang='lat' dir='ltr'>animi</span> <span class='ocrx_word' id='word_1_240' title='bbox 740 4289 796 4365; x_wconf 91' lang='lat' dir='ltr'>tui,</span> <span class='ocrx_word' id='word_1_241' title='bbox 817 4287 910 4364; x_wconf 90' lang='lat' dir='ltr'>digna</span> <span class='ocrx_word' id='word_1_242' title='bbox 932 4293 1088 4364; x_wconf 89' lang='lat' dir='ltr'>postremo</span> <span class='ocrx_word' id='word_1_243' title='bbox 1111 4293 1156 4347; x_wconf 91' lang='lat' dir='ltr'>tot</span> <span class='ocrx_word' id='word_1_244' title='bbox 1176 4287 1304 4348; x_wconf 90' lang='lat' dir='ltr'>sanctis-</span> 
     </span>
     <span class='ocr_line' id='line_1_41' title="bbox 558 4379 1303 4458; baseline -0.008 -9"><span class='ocrx_word' id='word_1_245' title='bbox 558 4387 643 4449; x_wconf 91' lang='lat' dir='ltr'>simis</span> <span class='ocrx_word' id='word_1_246' title='bbox 665 4383 875 4448; x_wconf 84' lang='lat' dir='ltr'>decessoribus</span> <span class='ocrx_word' id='word_1_247' title='bbox 897 4382 969 4456; x_wconf 77' lang='lat' dir='ltr'>tub,</span> <span class='ocrx_word' id='word_1_248' title='bbox 987 4379 1040 4458; x_wconf 94' lang='lat' dir='ltr'>qui</span> <span class='ocrx_word' id='word_1_249' title='bbox 1061 4379 1240 4442; x_wconf 87' lang='lat' dir='ltr'>catholicam</span> <span class='ocrx_word' id='word_1_250' title='bbox 1256 4397 1303 4443; x_wconf 89' lang='lat' dir='ltr'>ec·</span> 
     </span>
     <span class='ocr_line' id='line_1_42' title="bbox 559 4473 1304 4558; baseline -0.012 -14"><span class='ocrx_word' id='word_1_251' title='bbox 559 4481 683 4544; x_wconf 89' lang='lat' dir='ltr'>clesiam</span> <span class='ocrx_word' id='word_1_252' title='bbox 701 4479 822 4558; x_wconf 88' lang='lat' dir='ltr'>scriptis</span> <span class='ocrx_word' id='word_1_253' title='bbox 843 4489 1012 4553; x_wconf 83' lang='lat' dir='ltr'>rerumque</span> <span class='ocrx_word' id='word_1_254' title='bbox 1035 4481 1192 4548; x_wconf 87' lang='lat' dir='ltr'>gestarum</span> <span class='ocrx_word' id='word_1_255' title='bbox 1208 4473 1304 4550; x_wconf 81' lang='lat' dir='ltr'>glorii</span> 
     </span>
     <span class='ocr_line' id='line_1_43' title="bbox 559 4565 1303 4651; baseline -0.011 -15"><span class='ocrx_word' id='word_1_256' title='bbox 559 4589 757 4651; x_wconf 91' lang='lat' dir='ltr'>summopere</span> <span class='ocrx_word' id='word_1_257' title='bbox 778 4571 994 4643; x_wconf 87' lang='lat' dir='ltr'>illustrarunt,</span> <span class='ocrx_word' id='word_1_258' title='bbox 1018 4565 1055 4626; x_wconf 92' lang='lat' dir='ltr'>de</span> <span class='ocrx_word' id='word_1_259' title='bbox 1078 4573 1108 4627; x_wconf 91' lang='lat' dir='ltr'>te</span> <span class='ocrx_word' id='word_1_260' title='bbox 1129 4565 1217 4628; x_wconf 91' lang='lat' dir='ltr'>nobis</span> <span class='ocrx_word' id='word_1_261' title='bbox 1238 4583 1303 4628; x_wconf 93' lang='lat' dir='ltr'>om-</span> 
     </span>
     <span class='ocr_line' id='line_1_44' title="bbox 559 4667 866 4745; baseline -0.016 -16"><span class='ocrx_word' id='word_1_262' title='bbox 559 4669 634 4730; x_wconf 90' lang='lat' dir='ltr'>nine</span> <span class='ocrx_word' id='word_1_263' title='bbox 656 4667 866 4745; x_wconf 80' lang='lat' dir='ltr'>polliceamur.</span> 
     </span>
    </p>

    <p class='ocr_par' dir='ltr' id='par_1_3' title="bbox 557 4759 1305 5865">
     <span class='ocr_line' id='line_1_45' title="bbox 599 4759 1304 4837; baseline -0.01 -16"><span class='ocrx_word' id='word_1_264' title='bbox 599 4763 617 4837; x_wconf 71' lang='grc'>5</span> <span class='ocrx_word' id='word_1_265' title='bbox 638 4761 667 4820; x_wconf 83' lang='grc'>5.</span> <span class='ocrx_word' id='word_1_266' title='bbox 692 4759 858 4837; x_wconf 85' lang='lat' dir='ltr'>Reliquum</span> <span class='ocrx_word' id='word_1_267' title='bbox 879 4764 943 4832; x_wconf 91' lang='lat' dir='ltr'>est,</span> <span class='ocrx_word' id='word_1_268' title='bbox 967 4765 1002 4817; x_wconf 90' lang='lat' dir='ltr'>ut</span> <span class='ocrx_word' id='word_1_269' title='bbox 1023 4770 1102 4833; x_wconf 90' lang='lat' dir='ltr'>quae</span> <span class='ocrx_word' id='word_1_270' title='bbox 1123 4761 1304 4831; x_wconf 90' lang='lat' dir='ltr'>procurator</span> 
     </span>
     <span class='ocr_line' id='line_1_46' title="bbox 560 4848 1304 4932; baseline -0.009 -15"><span class='ocrx_word' id='word_1_271' title='bbox 560 4864 636 4917; x_wconf 89' lang='lat' dir='ltr'>tuus</span> <span class='ocrx_word' id='word_1_272' title='bbox 652 4854 729 4932; x_wconf 93' lang='lat' dir='ltr'>apud</span> <span class='ocrx_word' id='word_1_273' title='bbox 752 4868 808 4913; x_wconf 92' lang='lat' dir='ltr'>nos</span> <span class='ocrx_word' id='word_1_274' title='bbox 829 4853 904 4928; x_wconf 90' lang='lat' dir='ltr'>egit,</span> <span class='ocrx_word' id='word_1_275' title='bbox 927 4857 1090 4928; x_wconf 88' lang='lat' dir='ltr'>postquam</span> <span class='ocrx_word' id='word_1_276' title='bbox 1116 4848 1194 4910; x_wconf 90' lang='lat' dir='ltr'>istuc</span> <span class='ocrx_word' id='word_1_277' title='bbox 1215 4848 1250 4908; x_wconf 90' lang='lat' dir='ltr'>ad</span> <span class='ocrx_word' id='word_1_278' title='bbox 1274 4857 1304 4910; x_wconf 86' lang='lat' dir='ltr'>te</span> 
     </span>
     <span class='ocr_line' id='line_1_47' title="bbox 558 4944 1303 5022; baseline -0.012 -12"><span class='ocrx_word' id='word_1_279' title='bbox 558 4948 697 5022; x_wconf 90' lang='lat' dir='ltr'>redierit,</span> <span class='ocrx_word' id='word_1_280' title='bbox 713 4955 778 5008; x_wconf 90' lang='lat' dir='ltr'>rata</span> <span class='ocrx_word' id='word_1_281' title='bbox 799 4946 909 5006; x_wconf 79' lang='lat' dir='ltr'>halaeas</span> <span class='ocrx_word' id='word_1_282' title='bbox 931 4953 962 5006; x_wconf 88' lang='lat' dir='ltr'>et</span> <span class='ocrx_word' id='word_1_283' title='bbox 983 4944 1160 5017; x_wconf 90' lang='lat' dir='ltr'>confirmes,</span> <span class='ocrx_word' id='word_1_284' title='bbox 1172 4959 1205 5004; x_wconf 90' lang='lat' dir='ltr'>ac</span> <span class='ocrx_word' id='word_1_285' title='bbox 1219 4958 1303 5019; x_wconf 90' lang='lat' dir='ltr'>prae·</span> 
     </span>
     <span class='ocr_line' id='line_1_48' title="bbox 558 5035 1303 5120; baseline -0.012 -16"><span class='ocrx_word' id='word_1_286' title='bbox 558 5043 647 5120; x_wconf 90' lang='lat' dir='ltr'>cipue</span> <span class='ocrx_word' id='word_1_287' title='bbox 672 5039 853 5102; x_wconf 84' lang='lat' dir='ltr'>catholicam</span> <span class='ocrx_word' id='word_1_288' title='bbox 879 5039 971 5100; x_wconf 81' lang='lat' dir='ltr'>fidem</span> <span class='ocrx_word' id='word_1_289' title='bbox 999 5039 1101 5098; x_wconf 79' lang='lat' dir='ltr'>alenuo</span> <span class='ocrx_word' id='word_1_290' title='bbox 1133 5035 1303 5113; x_wconf 84' lang='lat' dir='ltr'>profitearis</span> 
     </span>
     <span class='ocr_line' id='line_1_49' title="bbox 558 5129 1303 5210; baseline -0.011 -12"><span class='ocrx_word' id='word_1_291' title='bbox 558 5153 596 5198; x_wconf 86' lang='lat' dir='ltr'>ex</span> <span class='ocrx_word' id='word_1_292' title='bbox 618 5135 724 5196; x_wconf 79' lang='lat' dir='ltr'>eidem</span> <span class='ocrx_word' id='word_1_293' title='bbox 753 5131 907 5205; x_wconf 79' lang='lat' dir='ltr'>formalia,</span> <span class='ocrx_word' id='word_1_294' title='bbox 937 5145 1029 5210; x_wconf 90' lang='lat' dir='ltr'>quam</span> <span class='ocrx_word' id='word_1_295' title='bbox 1058 5129 1110 5191; x_wconf 87' lang='lat' dir='ltr'>ille</span> <span class='ocrx_word' id='word_1_296' title='bbox 1132 5133 1170 5192; x_wconf 92' lang='lat' dir='ltr'>de</span> <span class='ocrx_word' id='word_1_297' title='bbox 1190 5129 1303 5207; x_wconf 90' lang='lat' dir='ltr'>scripto</span> 
     </span>
     <span class='ocr_line' id='line_1_50' title="bbox 559 5223 1303 5302; baseline -0.011 -10"><span class='ocrx_word' id='word_1_298' title='bbox 559 5245 661 5292; x_wconf 90' lang='lat' dir='ltr'>coram</span> <span class='ocrx_word' id='word_1_299' title='bbox 676 5227 764 5289; x_wconf 86' lang='lat' dir='ltr'>nobis</span> <span class='ocrx_word' id='word_1_300' title='bbox 778 5233 808 5287; x_wconf 90' lang='lat' dir='ltr'>et</span> <span class='ocrx_word' id='word_1_301' title='bbox 824 5225 969 5286; x_wconf 90' lang='lat' dir='ltr'>fratribus</span> <span class='ocrx_word' id='word_1_302' title='bbox 988 5223 1102 5286; x_wconf 87' lang='lat' dir='ltr'>nostris</span> <span class='ocrx_word' id='word_1_303' title='bbox 1117 5223 1303 5302; x_wconf 90' lang='lat' dir='ltr'>pronuncia-</span> 
     </span>
     <span class='ocr_line' id='line_1_51' title="bbox 558 5317 1305 5400; baseline -0.009 -16"><span class='ocrx_word' id='word_1_304' title='bbox 558 5324 604 5384; x_wconf 92' lang='lat' dir='ltr'>vit</span> <span class='ocrx_word' id='word_1_305' title='bbox 627 5320 810 5400; x_wconf 83' lang='lat' dir='ltr'>propriique</span> <span class='ocrx_word' id='word_1_306' title='bbox 828 5335 922 5380; x_wconf 91' lang='lat' dir='ltr'>manu</span> <span class='ocrx_word' id='word_1_307' title='bbox 937 5317 1127 5396; x_wconf 85' lang='lat' dir='ltr'>subscripsit,</span> <span class='ocrx_word' id='word_1_308' title='bbox 1143 5335 1176 5379; x_wconf 90' lang='lat' dir='ltr'>ac</span> <span class='ocrx_word' id='word_1_309' title='bbox 1200 5317 1305 5378; x_wconf 89' lang='lat' dir='ltr'>buius·</span> 
     </span>
     <span class='ocr_line' id='line_1_52' title="bbox 557 5413 1303 5492; baseline -0.008 -14"><span class='ocrx_word' id='word_1_310' title='bbox 557 5416 642 5478; x_wconf 92' lang='lat' dir='ltr'>modi</span> <span class='ocrx_word' id='word_1_311' title='bbox 657 5415 783 5476; x_wconf 89' lang='lat' dir='ltr'>iteratae</span> <span class='ocrx_word' id='word_1_312' title='bbox 806 5413 990 5492; x_wconf 85' lang='lat' dir='ltr'>professioni</span> <span class='ocrx_word' id='word_1_313' title='bbox 1012 5423 1046 5473; x_wconf 90' lang='lat' dir='ltr'>tu</span> <span class='ocrx_word' id='word_1_314' title='bbox 1068 5427 1190 5490; x_wconf 93' lang='lat' dir='ltr'>quoque</span> <span class='ocrx_word' id='word_1_315' title='bbox 1207 5425 1303 5472; x_wconf 88' lang='lat' dir='ltr'>manu</span> 
     </span>
     <span class='ocr_line' id='line_1_53' title="bbox 558 5506 1302 5584; baseline -0.005 -13"><span class='ocrx_word' id='word_1_316' title='bbox 558 5511 610 5571; x_wconf 81' lang='lat' dir='ltr'>tui</span> <span class='ocrx_word' id='word_1_317' title='bbox 625 5507 805 5581; x_wconf 88' lang='lat' dir='ltr'>subscribas,</span> <span class='ocrx_word' id='word_1_318' title='bbox 824 5514 938 5584; x_wconf 90' lang='lat' dir='ltr'>tuoque</span> <span class='ocrx_word' id='word_1_319' title='bbox 956 5507 1044 5581; x_wconf 88' lang='lat' dir='ltr'>signo</span> <span class='ocrx_word' id='word_1_320' title='bbox 1060 5506 1252 5581; x_wconf 86' lang='lat' dir='ltr'>obsignatam</span> <span class='ocrx_word' id='word_1_321' title='bbox 1267 5506 1302 5567; x_wconf 91' lang='lat' dir='ltr'>ad</span> 
     </span>
     <span class='ocr_line' id='line_1_54' title="bbox 558 5598 1303 5679; baseline -0.007 -16"><span class='ocrx_word' id='word_1_322' title='bbox 558 5618 614 5663; x_wconf 86' lang='lat' dir='ltr'>nos</span> <span class='ocrx_word' id='word_1_323' title='bbox 637 5601 827 5662; x_wconf 89' lang='lat' dir='ltr'>transmittas</span> <span class='ocrx_word' id='word_1_324' title='bbox 851 5599 1094 5679; x_wconf 88' lang='lat' dir='ltr'>quamprimum.</span> <span class='ocrx_word' id='word_1_325' title='bbox 1128 5598 1189 5659; x_wconf 88' lang='lat' dir='ltr'>Nes</span> <span class='ocrx_word' id='word_1_326' title='bbox 1211 5614 1303 5676; x_wconf 91' lang='lat' dir='ltr'>porro</span> 
     </span>
     <span class='ocr_line' id='line_1_55' title="bbox 559 5690 1302 5772; baseline -0.008 -16"><span class='ocrx_word' id='word_1_327' title='bbox 559 5695 659 5756; x_wconf 88' lang='lat' dir='ltr'>eidem</span> <span class='ocrx_word' id='word_1_328' title='bbox 683 5703 736 5755; x_wconf 92' lang='lat' dir='ltr'>tuo</span> <span class='ocrx_word' id='word_1_329' title='bbox 758 5693 967 5772; x_wconf 88' lang='lat' dir='ltr'>procuratori,</span> <span class='ocrx_word' id='word_1_330' title='bbox 990 5709 1062 5754; x_wconf 83' lang='lat' dir='ltr'>carm</span> <span class='ocrx_word' id='word_1_331' title='bbox 1084 5693 1225 5754; x_wconf 90' lang='lat' dir='ltr'>iniuncto</span> <span class='ocrx_word' id='word_1_332' title='bbox 1246 5690 1302 5752; x_wconf 93' lang='lat' dir='ltr'>sibi</span> 
     </span>
     <span class='ocr_line' id='line_1_56' title="bbox 559 5785 1304 5865; baseline -0.007 -15"><span class='ocrx_word' id='word_1_333' title='bbox 559 5803 692 5850; x_wconf 93' lang='lat' dir='ltr'>munere</span> <span class='ocrx_word' id='word_1_334' title='bbox 714 5789 792 5865; x_wconf 91' lang='lat' dir='ltr'>apud</span> <span class='ocrx_word' id='word_1_335' title='bbox 815 5803 871 5849; x_wconf 90' lang='lat' dir='ltr'>nos</span> <span class='ocrx_word' id='word_1_336' title='bbox 892 5787 999 5850; x_wconf 87' lang='lat' dir='ltr'>sedulo</span> <span class='ocrx_word' id='word_1_337' title='bbox 1021 5787 1081 5847; x_wconf 94' lang='lat' dir='ltr'>iam</span> <span class='ocrx_word' id='word_1_338' title='bbox 1103 5793 1132 5847; x_wconf 88' lang='lat' dir='ltr'>et</span> <span class='ocrx_word' id='word_1_339' title='bbox 1148 5785 1304 5848; x_wconf 90' lang='lat' dir='ltr'>cumulate</span> 
     </span>
    </p>
   </div>
   <div class='ocr_carea' id='block_1_3' title="bbox 600 5999 1159 6057">
    <p class='ocr_par' dir='ltr' id='par_1_4' title="bbox 600 5999 1159 6057">
     <span class='ocr_line' id='line_1_57' title="bbox 600 5999 1159 6057; baseline 0.005 -15"><span class='ocrx_word' id='word_1_340' title='bbox 600 6001 629 6055; x_wconf 78' lang='lat' dir='ltr'>(ll</span> <span class='ocrx_word' id='word_1_341' title='bbox 646 5999 724 6057; x_wconf 78' lang='lat' dir='ltr'>Epist.</span> <span class='ocrx_word' id='word_1_342' title='bbox 741 6005 767 6045; x_wconf 87' lang='lat' dir='ltr'>et</span> <span class='ocrx_word' id='word_1_343' title='bbox 782 6003 853 6045; x_wconf 78' lang='grc'><strong>33333.</strong></span> <span class='ocrx_word' id='word_1_344' title='bbox 870 6001 955 6046; x_wconf 81' lang='lat' dir='ltr'>select.</span> <span class='ocrx_word' id='word_1_345' title='bbox 973 6003 989 6046; x_wconf 83' lang='lat' dir='ltr'>t.</span> <span class='ocrx_word' id='word_1_346' title='bbox 1005 6005 1025 6056; x_wconf 71' lang='lat'>⁸2,</span> <span class='ocrx_word' id='word_1_347' title='bbox 1041 6011 1097 6057; x_wconf 80' lang='lat' dir='ltr'>pag.</span> <span class='ocrx_word' id='word_1_348' title='bbox 1113 6004 1159 6045; x_wconf 79' lang='lat'>511.</span> 
     </span>
    </p>
   </div>
   <div class='ocr_carea' id='block_1_4' title="bbox 1082 603 1579 652">
    <p class='ocr_par' dir='ltr' id='par_1_5' title="bbox 1082 603 1579 652">
     <span class='ocr_line' id='line_1_58' title="bbox 1082 603 1579 652; baseline -0.008 0"><span class='ocrx_word' id='word_1_349' title='bbox 1082 607 1146 652; x_wconf 78' lang='lat' dir='ltr'>ltu.</span> <span class='ocrx_word' id='word_1_350' title='bbox 1171 605 1261 650; x_wconf 63' lang='lat' dir='ltr'>rust.</span> <span class='ocrx_word' id='word_1_351' title='bbox 1286 603 1325 647; x_wconf 84' lang='lat' dir='ltr'>DE</span> <span class='ocrx_word' id='word_1_352' title='bbox 1347 605 1375 648; x_wconf 86' lang='lat' dir='ltr'>P·</span> <span class='ocrx_word' id='word_1_353' title='bbox 1400 605 1428 650; x_wconf 71' lang='lat' dir='ltr'>tt.</span> <span class='ocrx_word' id='word_1_354' title='bbox 1454 607 1536 652; x_wconf 56' lang='lat' dir='ltr'>Palus</span> <span class='ocrx_word' id='word_1_355' title='bbox 1558 606 1579 651; x_wconf 90' lang='lat' dir='ltr'>l.</span> 
     </span>
    </p>
   </div>
   <div class='ocr_carea' id='block_1_5' title="bbox 1362 723 2107 906">
    <p class='ocr_par' dir='ltr' id='par_1_6' title="bbox 1362 723 2107 906">
     <span class='ocr_line' id='line_1_59' title="bbox 1364 723 2107 806; baseline 0.016 -24"><span class='ocrx_word' id='word_1_356' title='bbox 1364 723 1545 800; x_wconf 91' lang='lat' dir='ltr'>perfunctus</span> <span class='ocrx_word' id='word_1_357' title='bbox 1575 727 1636 801; x_wconf 90' lang='lat' dir='ltr'>sit,</span> <span class='ocrx_word' id='word_1_358' title='bbox 1663 745 1724 806; x_wconf 75' lang='lat' dir='ltr'>aque</span> <span class='ocrx_word' id='word_1_359' title='bbox 1746 729 1838 791; x_wconf 91' lang='lat' dir='ltr'>etiam</span> <span class='ocrx_word' id='word_1_360' title='bbox 1868 731 1997 792; x_wconf 90' lang='lat' dir='ltr'>nomine</span> <span class='ocrx_word' id='word_1_361' title='bbox 2018 731 2107 794; x_wconf 94' lang='lat' dir='ltr'>illum</span> 
     </span>
     <span class='ocr_line' id='line_1_60' title="bbox 1362 815 2107 906; baseline 0.019 -30"><span class='ocrx_word' id='word_1_362' title='bbox 1362 815 1548 881; x_wconf 82' lang='lat' dir='ltr'>fraternitati</span> <span class='ocrx_word' id='word_1_363' title='bbox 1566 827 1635 883; x_wconf 93' lang='lat' dir='ltr'>tuae</span> <span class='ocrx_word' id='word_1_364' title='bbox 1653 823 1821 900; x_wconf 86' lang='lat' dir='ltr'>diligenter</span> <span class='ocrx_word' id='word_1_365' title='bbox 1842 827 2107 906; x_wconf 90' lang='lat' dir='ltr'>commendamus,</span> 
     </span>
    </p>
   </div>
   <div class='ocr_carea' id='block_1_6' title="bbox 1360 909 2107 3998">
    <p class='ocr_par' dir='ltr' id='par_1_7' title="bbox 1360 909 2107 3708">
     <span class='ocr_line' id='line_1_61' title="bbox 1363 909 2106 998; baseline 0.019 -28"><span class='ocrx_word' id='word_1_366' title='bbox 1363 909 1499 987; x_wconf 89' lang='lat' dir='ltr'>benigne</span> <span class='ocrx_word' id='word_1_367' title='bbox 1520 915 1644 976; x_wconf 86' lang='lat' dir='ltr'>reniam</span> <span class='ocrx_word' id='word_1_368' title='bbox 1665 917 1806 980; x_wconf 90' lang='lat' dir='ltr'>dedimus</span> <span class='ocrx_word' id='word_1_369' title='bbox 1827 917 1863 980; x_wconf 90' lang='lat' dir='ltr'>ad</span> <span class='ocrx_word' id='word_1_370' title='bbox 1886 927 1916 981; x_wconf 92' lang='lat' dir='ltr'>te</span> <span class='ocrx_word' id='word_1_371' title='bbox 1936 924 2106 998; x_wconf 90' lang='lat' dir='ltr'>remeandi,</span> 
     </span>
     <span class='ocr_line' id='line_1_62' title="bbox 1363 1009 2106 1082; baseline 0.023 -20"><span class='ocrx_word' id='word_1_372' title='bbox 1363 1019 1395 1066; x_wconf 90' lang='lat' dir='ltr'>ac</span> <span class='ocrx_word' id='word_1_373' title='bbox 1418 1014 1590 1082; x_wconf 90' lang='lat' dir='ltr'>opportuno</span> <span class='ocrx_word' id='word_1_374' title='bbox 1613 1009 1801 1072; x_wconf 86' lang='lat' dir='ltr'>instructum</span> <span class='ocrx_word' id='word_1_375' title='bbox 1825 1012 1936 1075; x_wconf 92' lang='lat' dir='ltr'>viatico</span> <span class='ocrx_word' id='word_1_376' title='bbox 1957 1031 2030 1076; x_wconf 90' lang='lat' dir='ltr'>cum</span> <span class='ocrx_word' id='word_1_377' title='bbox 2052 1033 2106 1079; x_wconf 94' lang='lat' dir='ltr'>no-</span> 
     </span>
     <span class='ocr_line' id='line_1_63' title="bbox 1362 1100 2107 1187; baseline 0.016 -26"><span class='ocrx_word' id='word_1_378' title='bbox 1362 1100 1423 1162; x_wconf 79' lang='lat' dir='ltr'>strat</span> <span class='ocrx_word' id='word_1_379' title='bbox 1440 1101 1657 1165; x_wconf 88' lang='lat' dir='ltr'>benedictione</span> <span class='ocrx_word' id='word_1_380' title='bbox 1678 1105 1862 1168; x_wconf 91' lang='lat' dir='ltr'>dimisimus.</span> <span class='ocrx_word' id='word_1_381' title='bbox 1887 1107 1934 1169; x_wconf 97' lang='lat' dir='ltr'>llli</span> <span class='ocrx_word' id='word_1_382' title='bbox 1950 1117 2107 1187; x_wconf 89' lang='lat' dir='ltr'>praeterea</span> 
     </span>
     <span class='ocr_line' id='line_1_64' title="bbox 1363 1195 2107 1276; baseline 0.016 -21"><span class='ocrx_word' id='word_1_383' title='bbox 1363 1195 1547 1257; x_wconf 89' lang='lat' dir='ltr'>munuscula</span> <span class='ocrx_word' id='word_1_384' title='bbox 1563 1195 1679 1276; x_wconf 92' lang='lat' dir='ltr'>aliquot</span> <span class='ocrx_word' id='word_1_385' title='bbox 1702 1201 1882 1276; x_wconf 89' lang='lat' dir='ltr'>praesertim</span> <span class='ocrx_word' id='word_1_386' title='bbox 1897 1203 1932 1264; x_wconf 92' lang='lat' dir='ltr'>ad</span> <span class='ocrx_word' id='word_1_387' title='bbox 1948 1219 2107 1266; x_wconf 91' lang='lat' dir='ltr'>sacrorum</span> 
     </span>
     <span class='ocr_line' id='line_1_65' title="bbox 1362 1288 2106 1374; baseline 0.017 -27"><span class='ocrx_word' id='word_1_388' title='bbox 1362 1303 1455 1348; x_wconf 91' lang='lat' dir='ltr'>usum</span> <span class='ocrx_word' id='word_1_389' title='bbox 1480 1288 1514 1348; x_wconf 91' lang='lat' dir='ltr'>ad</span> <span class='ocrx_word' id='word_1_390' title='bbox 1538 1296 1568 1349; x_wconf 90' lang='lat' dir='ltr'>te</span> <span class='ocrx_word' id='word_1_391' title='bbox 1589 1289 1771 1367; x_wconf 85' lang='lat' dir='ltr'>perferenda</span> <span class='ocrx_word' id='word_1_392' title='bbox 1803 1293 2006 1371; x_wconf 87' lang='lat' dir='ltr'>tradidimus,</span> <span class='ocrx_word' id='word_1_393' title='bbox 2029 1314 2106 1374; x_wconf 91' lang='lat' dir='ltr'>quae</span> 
     </span>
     <span class='ocr_line' id='line_1_66' title="bbox 1362 1379 2106 1463; baseline 0.015 -21"><span class='ocrx_word' id='word_1_394' title='bbox 1362 1379 1417 1442; x_wconf 90' lang='lat' dir='ltr'>tibi</span> <span class='ocrx_word' id='word_1_395' title='bbox 1439 1381 1553 1458; x_wconf 91' lang='lat' dir='ltr'>pignus</span> <span class='ocrx_word' id='word_1_396' title='bbox 1583 1389 1678 1446; x_wconf 90' lang='lat' dir='ltr'>erunt</span> <span class='ocrx_word' id='word_1_397' title='bbox 1700 1401 1870 1463; x_wconf 86' lang='lat' dir='ltr'>propensae</span> <span class='ocrx_word' id='word_1_398' title='bbox 1891 1388 1974 1450; x_wconf 92' lang='lat' dir='ltr'>illius</span> <span class='ocrx_word' id='word_1_399' title='bbox 1996 1390 2106 1453; x_wconf 86' lang='lat' dir='ltr'>volun·</span> 
     </span>
     <span class='ocr_line' id='line_1_67' title="bbox 1364 1474 2106 1553; baseline 0.018 -20"><span class='ocrx_word' id='word_1_400' title='bbox 1364 1474 1443 1549; x_wconf 89' lang='lat' dir='ltr'>tatis,</span> <span class='ocrx_word' id='word_1_401' title='bbox 1457 1491 1517 1552; x_wconf 90' lang='lat' dir='ltr'>qua</span> <span class='ocrx_word' id='word_1_402' title='bbox 1534 1483 1692 1553; x_wconf 91' lang='lat' dir='ltr'>paternam</span> <span class='ocrx_word' id='word_1_403' title='bbox 1708 1485 1845 1542; x_wconf 90' lang='lat' dir='ltr'>nostram</span> <span class='ocrx_word' id='word_1_404' title='bbox 1861 1481 2018 1542; x_wconf 83' lang='lat' dir='ltr'>caritatem</span> <span class='ocrx_word' id='word_1_405' title='bbox 2034 1485 2106 1546; x_wconf 91' lang='lat' dir='ltr'>ube-</span> 
     </span>
     <span class='ocr_line' id='line_1_68' title="bbox 1363 1567 2104 1656; baseline 0.016 -29"><span class='ocrx_word' id='word_1_406' title='bbox 1363 1567 1494 1630; x_wconf 89' lang='lat' dir='ltr'>rioribus</span> <span class='ocrx_word' id='word_1_407' title='bbox 1510 1569 1726 1645; x_wconf 87' lang='lat' dir='ltr'>largitionibus</span> <span class='ocrx_word' id='word_1_408' title='bbox 1747 1571 1802 1633; x_wconf 91' lang='lat' dir='ltr'>tibi</span> <span class='ocrx_word' id='word_1_409' title='bbox 1824 1573 1988 1652; x_wconf 90' lang='lat' dir='ltr'>aliquando</span> <span class='ocrx_word' id='word_1_410' title='bbox 2010 1578 2104 1656; x_wconf 83' lang='lat' dir='ltr'>expli-</span> 
     </span>
     <span class='ocr_line' id='line_1_69' title="bbox 1361 1665 2105 1740; baseline 0.016 -18"><span class='ocrx_word' id='word_1_411' title='bbox 1361 1675 1431 1722; x_wconf 93' lang='lat' dir='ltr'>care</span> <span class='ocrx_word' id='word_1_412' title='bbox 1451 1669 1644 1740; x_wconf 81' lang='lat' dir='ltr'>exoptamus.</span> <span class='ocrx_word' id='word_1_413' title='bbox 1679 1665 1825 1727; x_wconf 79' lang='lat' dir='ltr'>Ceterum</span> <span class='ocrx_word' id='word_1_414' title='bbox 1856 1684 1927 1729; x_wconf 93' lang='lat' dir='ltr'>cum</span> <span class='ocrx_word' id='word_1_415' title='bbox 1955 1669 2034 1732; x_wconf 82' lang='lat' dir='ltr'>nillil</span> <span class='ocrx_word' id='word_1_416' title='bbox 2059 1671 2105 1734; x_wconf 94' lang='lat' dir='ltr'>in-</span> 
     </span>
     <span class='ocr_line' id='line_1_70' title="bbox 1363 1757 2105 1834; baseline 0.019 -20"><span class='ocrx_word' id='word_1_417' title='bbox 1363 1761 1467 1826; x_wconf 88' lang='lat' dir='ltr'>terea,</span> <span class='ocrx_word' id='word_1_418' title='bbox 1497 1758 1579 1834; x_wconf 93' lang='lat' dir='ltr'>quod</span> <span class='ocrx_word' id='word_1_419' title='bbox 1607 1757 1644 1818; x_wconf 91' lang='lat' dir='ltr'>ab</span> <span class='ocrx_word' id='word_1_420' title='bbox 1676 1759 1858 1822; x_wconf 89' lang='lat' dir='ltr'>auctoritate</span> <span class='ocrx_word' id='word_1_421' title='bbox 1879 1765 1982 1826; x_wconf 81' lang='lat' dir='ltr'>nostrai</span> <span class='ocrx_word' id='word_1_422' title='bbox 2004 1767 2037 1826; x_wconf 92' lang='lat' dir='ltr'>in</span> <span class='ocrx_word' id='word_1_423' title='bbox 2061 1769 2105 1829; x_wconf 92' lang='lat' dir='ltr'>tui</span> 
     </span>
     <span class='ocr_line' id='line_1_71' title="bbox 1362 1850 2106 1936; baseline 0.019 -28"><span class='ocrx_word' id='word_1_424' title='bbox 1362 1850 1545 1926; x_wconf 89' lang='lat' dir='ltr'>praesidium</span> <span class='ocrx_word' id='word_1_425' title='bbox 1569 1850 1618 1910; x_wconf 85' lang='lat' dir='ltr'>vel</span> <span class='ocrx_word' id='word_1_426' title='bbox 1640 1852 1782 1914; x_wconf 90' lang='lat' dir='ltr'>solatium</span> <span class='ocrx_word' id='word_1_427' title='bbox 1805 1857 1938 1918; x_wconf 89' lang='lat' dir='ltr'>conferri</span> <span class='ocrx_word' id='word_1_428' title='bbox 1960 1859 2066 1936; x_wconf 90' lang='lat' dir='ltr'>possit,</span> <span class='ocrx_word' id='word_1_429' title='bbox 2089 1879 2106 1922; x_wconf 95' lang='lat' dir='ltr'>a</span> 
     </span>
     <span class='ocr_line' id='line_1_72' title="bbox 1362 1940 2106 2027; baseline 0.017 -25"><span class='ocrx_word' id='word_1_430' title='bbox 1362 1950 1392 2002; x_wconf 89' lang='lat' dir='ltr'>te</span> <span class='ocrx_word' id='word_1_431' title='bbox 1413 1940 1579 2003; x_wconf 90' lang='lat' dir='ltr'>desiderari</span> <span class='ocrx_word' id='word_1_432' title='bbox 1595 1943 1739 2020; x_wconf 87' lang='lat' dir='ltr'>velimus,</span> <span class='ocrx_word' id='word_1_433' title='bbox 1762 1947 1799 2008; x_wconf 90' lang='lat' dir='ltr'>ab</span> <span class='ocrx_word' id='word_1_434' title='bbox 1821 1947 1885 2025; x_wconf 92' lang='lat' dir='ltr'>ipso</span> <span class='ocrx_word' id='word_1_435' title='bbox 1906 1960 2106 2027; x_wconf 90' lang='lat' dir='ltr'>procuratore</span> 
     </span>
     <span class='ocr_line' id='line_1_73' title="bbox 1363 2034 2107 2112; baseline 0.019 -18"><span class='ocrx_word' id='word_1_436' title='bbox 1363 2041 1415 2094; x_wconf 93' lang='lat' dir='ltr'>tuo</span> <span class='ocrx_word' id='word_1_437' title='bbox 1437 2034 1503 2096; x_wconf 92' lang='lat' dir='ltr'>fuse</span> <span class='ocrx_word' id='word_1_438' title='bbox 1527 2036 1580 2097; x_wconf 91' lang='lat' dir='ltr'>tibi</span> <span class='ocrx_word' id='word_1_439' title='bbox 1602 2037 1862 2112; x_wconf 88' lang='lat' dir='ltr'>significabuntur</span> <span class='ocrx_word' id='word_1_440' title='bbox 1883 2043 1981 2104; x_wconf 84' lang='lat' dir='ltr'>officia</span> <span class='ocrx_word' id='word_1_441' title='bbox 1996 2051 2027 2106; x_wconf 92' lang='lat' dir='ltr'>et</span> <span class='ocrx_word' id='word_1_442' title='bbox 2042 2054 2107 2108; x_wconf 90' lang='lat' dir='ltr'>stu-</span> 
     </span>
     <span class='ocr_line' id='line_1_74' title="bbox 1361 2127 2104 2218; baseline 0.02 -32"><span class='ocrx_word' id='word_1_443' title='bbox 1361 2127 1426 2203; x_wconf 87' lang='lat' dir='ltr'>dia,</span> <span class='ocrx_word' id='word_1_444' title='bbox 1450 2128 1562 2207; x_wconf 91' lang='lat' dir='ltr'>quibus</span> <span class='ocrx_word' id='word_1_445' title='bbox 1584 2146 1639 2191; x_wconf 87' lang='grc'>333</span> <span class='ocrx_word' id='word_1_446' title='bbox 1662 2131 1792 2193; x_wconf 90' lang='lat' dir='ltr'>maiores</span> <span class='ocrx_word' id='word_1_447' title='bbox 1813 2136 1999 2200; x_wconf 85' lang='lat' dir='ltr'>orthodoxos</span> <span class='ocrx_word' id='word_1_448' title='bbox 2021 2140 2104 2218; x_wconf 92' lang='lat' dir='ltr'>prin-</span> 
     </span>
     <span class='ocr_line' id='line_1_75' title="bbox 1361 2221 2105 2312; baseline 0.017 -31"><span class='ocrx_word' id='word_1_449' title='bbox 1361 2221 1443 2298; x_wconf 89' lang='lat' dir='ltr'>cipes</span> <span class='ocrx_word' id='word_1_450' title='bbox 1464 2222 1678 2298; x_wconf 73' lang='lat' dir='ltr'>excitavimus,</span> <span class='ocrx_word' id='word_1_451' title='bbox 1701 2235 1735 2286; x_wconf 92' lang='lat' dir='ltr'>ut</span> <span class='ocrx_word' id='word_1_452' title='bbox 1753 2226 1954 2291; x_wconf 82' lang='lat' dir='ltr'>fraternitatis</span> <span class='ocrx_word' id='word_1_453' title='bbox 1970 2239 2040 2294; x_wconf 89' lang='lat' dir='ltr'>tuae</span> <span class='ocrx_word' id='word_1_454' title='bbox 2055 2251 2105 2312; x_wconf 93' lang='lat' dir='ltr'>pa-</span> 
     </span>
     <span class='ocr_line' id='line_1_76' title="bbox 1363 2315 2105 2406; baseline 0.018 -30"><span class='ocrx_word' id='word_1_455' title='bbox 1363 2315 1530 2377; x_wconf 89' lang='lat' dir='ltr'>trocinium</span> <span class='ocrx_word' id='word_1_456' title='bbox 1551 2333 1644 2393; x_wconf 91' lang='lat' dir='ltr'>quam</span> <span class='ocrx_word' id='word_1_457' title='bbox 1666 2319 1758 2381; x_wconf 86' lang='lat' dir='ltr'>enixe</span> <span class='ocrx_word' id='word_1_458' title='bbox 1778 2323 1963 2401; x_wconf 90' lang='lat' dir='ltr'>suscipiant,</span> <span class='ocrx_word' id='word_1_459' title='bbox 1987 2333 2017 2388; x_wconf 90' lang='lat' dir='ltr'>et</span> <span class='ocrx_word' id='word_1_460' title='bbox 2039 2330 2105 2406; x_wconf 92' lang='lat' dir='ltr'>qui·</span> 
     </span>
     <span class='ocr_line' id='line_1_77' title="bbox 1361 2407 2105 2489; baseline 0.019 -20"><span class='ocrx_word' id='word_1_461' title='bbox 1361 2407 1553 2488; x_wconf 81' lang='lat' dir='ltr'>bustumque</span> <span class='ocrx_word' id='word_1_462' title='bbox 1574 2419 1723 2489; x_wconf 92' lang='lat' dir='ltr'>poterunt</span> <span class='ocrx_word' id='word_1_463' title='bbox 1749 2415 1919 2478; x_wconf 89' lang='lat' dir='ltr'>rationibus</span> <span class='ocrx_word' id='word_1_464' title='bbox 1941 2435 1974 2479; x_wconf 89' lang='grc'>33</span> <span class='ocrx_word' id='word_1_465' title='bbox 1995 2422 2105 2484; x_wconf 90' lang='lat' dir='ltr'>mediis</span> 
     </span>
     <span class='ocr_line' id='line_1_78' title="bbox 1363 2503 2103 2581; baseline 0.019 -19"><span class='ocrx_word' id='word_1_466' title='bbox 1363 2508 1392 2562; x_wconf 93' lang='lat' dir='ltr'>te</span> <span class='ocrx_word' id='word_1_467' title='bbox 1414 2508 1561 2581; x_wconf 88' lang='lat' dir='ltr'>tuamque</span> <span class='ocrx_word' id='word_1_468' title='bbox 1591 2503 1776 2581; x_wconf 87' lang='lat' dir='ltr'>dignitatem</span> <span class='ocrx_word' id='word_1_469' title='bbox 1800 2509 1881 2570; x_wconf 92' lang='lat' dir='ltr'>tueri</span> <span class='ocrx_word' id='word_1_470' title='bbox 1903 2515 2103 2576; x_wconf 87' lang='lat' dir='ltr'>contendant.</span> 
     </span>
     <span class='ocr_line' id='line_1_79' title="bbox 1362 2594 2106 2674; baseline 0.017 -18"><span class='ocrx_word' id='word_1_471' title='bbox 1362 2594 1404 2656; x_wconf 89' lang='lat' dir='ltr'>Te</span> <span class='ocrx_word' id='word_1_472' title='bbox 1425 2597 1563 2672; x_wconf 78' lang='lat' dir='ltr'>alemum,</span> <span class='ocrx_word' id='word_1_473' title='bbox 1588 2613 1659 2659; x_wconf 87' lang='lat' dir='ltr'>ven.</span> <span class='ocrx_word' id='word_1_474' title='bbox 1684 2599 1789 2674; x_wconf 88' lang='lat' dir='ltr'>frater,</span> <span class='ocrx_word' id='word_1_475' title='bbox 1813 2609 1877 2663; x_wconf 90' lang='lat' dir='ltr'>toto</span> <span class='ocrx_word' id='word_1_476' title='bbox 1899 2607 1990 2667; x_wconf 89' lang='lat' dir='ltr'>corde</span> <span class='ocrx_word' id='word_1_477' title='bbox 2011 2623 2045 2668; x_wconf 88' lang='grc'>33</span> <span class='ocrx_word' id='word_1_478' title='bbox 2058 2608 2106 2668; x_wconf 94' lang='lat' dir='ltr'>in-</span> 
     </span>
     <span class='ocr_line' id='line_1_80' title="bbox 1362 2689 2107 2777; baseline 0.016 -27"><span class='ocrx_word' id='word_1_479' title='bbox 1362 2689 1438 2750; x_wconf 90' lang='lat' dir='ltr'>timo</span> <span class='ocrx_word' id='word_1_480' title='bbox 1460 2691 1633 2768; x_wconf 85' lang='lat' dir='ltr'>pontificiae</span> <span class='ocrx_word' id='word_1_481' title='bbox 1650 2693 1783 2755; x_wconf 90' lang='lat' dir='ltr'>caritatis</span> <span class='ocrx_word' id='word_1_482' title='bbox 1797 2697 1907 2758; x_wconf 84' lang='lat' dir='ltr'>affectu</span> <span class='ocrx_word' id='word_1_483' title='bbox 1929 2701 2107 2777; x_wconf 90' lang='lat' dir='ltr'>complecti-</span> 
     </span>
     <span class='ocr_line' id='line_1_81' title="bbox 1361 2784 2104 2870; baseline 0.02 -28"><span class='ocrx_word' id='word_1_484' title='bbox 1361 2797 1450 2858; x_wconf 83' lang='lat' dir='ltr'>mur3</span> <span class='ocrx_word' id='word_1_485' title='bbox 1468 2784 1522 2845; x_wconf 92' lang='lat' dir='ltr'>tibi</span> <span class='ocrx_word' id='word_1_486' title='bbox 1537 2785 1645 2847; x_wconf 89' lang='lat' dir='ltr'>multis</span> <span class='ocrx_word' id='word_1_487' title='bbox 1660 2803 1732 2849; x_wconf 93' lang='lat' dir='ltr'>cum</span> <span class='ocrx_word' id='word_1_488' title='bbox 1749 2788 1890 2868; x_wconf 82' lang='lat' dir='ltr'>lacrymis</span> <span class='ocrx_word' id='word_1_489' title='bbox 1905 2806 1978 2869; x_wconf 88' lang='lat' dir='ltr'>prae</span> <span class='ocrx_word' id='word_1_490' title='bbox 1993 2796 2104 2870; x_wconf 88' lang='lat' dir='ltr'>gaudio</span> 
     </span>
     <span class='ocr_line' id='line_1_82' title="bbox 1361 2879 2105 2962; baseline 0.016 -24"><span class='ocrx_word' id='word_1_491' title='bbox 1361 2879 1558 2941; x_wconf 87' lang='lat' dir='ltr'>manantibus</span> <span class='ocrx_word' id='word_1_492' title='bbox 1590 2889 1749 2958; x_wconf 91' lang='lat' dir='ltr'>paternam</span> <span class='ocrx_word' id='word_1_493' title='bbox 1781 2893 1812 2946; x_wconf 93' lang='lat' dir='ltr'>et</span> <span class='ocrx_word' id='word_1_494' title='bbox 1833 2887 2028 2962; x_wconf 85' lang='lat' dir='ltr'>apostolicam</span> <span class='ocrx_word' id='word_1_495' title='bbox 2050 2906 2105 2950; x_wconf 93' lang='lat' dir='ltr'>no-</span> 
     </span>
     <span class='ocr_line' id='line_1_83' title="bbox 1360 2972 2104 3060; baseline 0.019 -29"><span class='ocrx_word' id='word_1_496' title='bbox 1360 2978 1458 3032; x_wconf 88' lang='lat' dir='ltr'>stram</span> <span class='ocrx_word' id='word_1_497' title='bbox 1479 2972 1726 3036; x_wconf 89' lang='lat' dir='ltr'>benedictionem</span> <span class='ocrx_word' id='word_1_498' title='bbox 1748 2988 1944 3054; x_wconf 90' lang='lat' dir='ltr'>peramanter</span> <span class='ocrx_word' id='word_1_499' title='bbox 1967 2980 2104 3060; x_wconf 86' lang='lat' dir='ltr'>imperti-</span> 
     </span>
     <span class='ocr_line' id='line_1_84' title="bbox 1362 3065 2104 3149; baseline 0.018 -25"><span class='ocrx_word' id='word_1_500' title='bbox 1362 3080 1454 3141; x_wconf 91' lang='lat' dir='ltr'>mur;</span> <span class='ocrx_word' id='word_1_501' title='bbox 1478 3065 1639 3144; x_wconf 84' lang='lat' dir='ltr'>Deumque</span> <span class='ocrx_word' id='word_1_502' title='bbox 1661 3069 1693 3130; x_wconf 89' lang='lat' dir='ltr'>u.</span> <span class='ocrx_word' id='word_1_503' title='bbox 1712 3070 1765 3143; x_wconf 86' lang='lat' dir='ltr'>lt,</span> <span class='ocrx_word' id='word_1_504' title='bbox 1789 3072 1842 3149; x_wconf 93' lang='lat' dir='ltr'>qui</span> <span class='ocrx_word' id='word_1_505' title='bbox 1864 3071 1995 3148; x_wconf 88' lang='lat' dir='ltr'>gloriam</span> <span class='ocrx_word' id='word_1_506' title='bbox 2016 3093 2104 3137; x_wconf 91' lang='lat' dir='ltr'>suam</span> 
     </span>
     <span class='ocr_line' id='line_1_85' title="bbox 1361 3157 2105 3243; baseline 0.019 -25"><span class='ocrx_word' id='word_1_507' title='bbox 1361 3157 1393 3218; x_wconf 91' lang='lat' dir='ltr'>in</span> <span class='ocrx_word' id='word_1_508' title='bbox 1410 3165 1439 3219; x_wconf 93' lang='lat' dir='ltr'>te</span> <span class='ocrx_word' id='word_1_509' title='bbox 1454 3159 1672 3237; x_wconf 90' lang='lat' dir='ltr'>manifestavit,</span> <span class='ocrx_word' id='word_1_510' title='bbox 1689 3163 1868 3241; x_wconf 88' lang='lat' dir='ltr'>suppliciter</span> <span class='ocrx_word' id='word_1_511' title='bbox 1882 3181 2057 3243; x_wconf 78' lang='lat' dir='ltr'>exoramus,</span> <span class='ocrx_word' id='word_1_512' title='bbox 2071 3179 2105 3232; x_wconf 92' lang='lat' dir='ltr'>ut</span> 
     </span>
     <span class='ocr_line' id='line_1_86' title="bbox 1361 3251 2103 3337; baseline 0.018 -27"><span class='ocrx_word' id='word_1_513' title='bbox 1361 3251 1425 3328; x_wconf 91' lang='lat' dir='ltr'>ipse</span> <span class='ocrx_word' id='word_1_514' title='bbox 1442 3260 1470 3314; x_wconf 93' lang='lat' dir='ltr'>te</span> <span class='ocrx_word' id='word_1_515' title='bbox 1485 3251 1665 3315; x_wconf 87' lang='lat' dir='ltr'>caelestibus</span> <span class='ocrx_word' id='word_1_516' title='bbox 1679 3255 2103 3337; x_wconf 89' lang='lat' dir='ltr'>benedictionibuscumulet,</span> 
     </span>
     <span class='ocr_line' id='line_1_87' title="bbox 1361 3345 2103 3428; baseline 0.018 -24"><span class='ocrx_word' id='word_1_517' title='bbox 1361 3353 1513 3421; x_wconf 90' lang='lat' dir='ltr'>quatenus</span> <span class='ocrx_word' id='word_1_518' title='bbox 1535 3345 1566 3408; x_wconf 91' lang='lat' dir='ltr'>in</span> <span class='ocrx_word' id='word_1_519' title='bbox 1590 3347 1671 3408; x_wconf 83' lang='lat' dir='ltr'>terri</span> <span class='ocrx_word' id='word_1_520' title='bbox 1693 3349 1825 3412; x_wconf 89' lang='lat' dir='ltr'>feliciter</span> <span class='ocrx_word' id='word_1_521' title='bbox 1842 3349 1895 3413; x_wconf 88' lang='lat' dir='ltr'>diu</span> <span class='ocrx_word' id='word_1_522' title='bbox 1910 3353 2005 3428; x_wconf 81' lang='lat' dir='ltr'>vivae,</span> <span class='ocrx_word' id='word_1_523' title='bbox 2022 3373 2055 3416; x_wconf 92' lang='lat' dir='ltr'>ac</span> <span class='ocrx_word' id='word_1_524' title='bbox 2070 3355 2103 3417; x_wconf 90' lang='lat' dir='ltr'>iu</span> 
     </span>
     <span class='ocr_line' id='line_1_88' title="bbox 1361 3437 2102 3524; baseline 0.015 -26"><span class='ocrx_word' id='word_1_525' title='bbox 1361 3437 1443 3498; x_wconf 92' lang='lat' dir='ltr'>caelo</span> <span class='ocrx_word' id='word_1_526' title='bbox 1465 3438 1510 3514; x_wconf 83' lang='lat' dir='ltr'>ei,</span> <span class='ocrx_word' id='word_1_527' title='bbox 1533 3455 1611 3516; x_wconf 88' lang='lat' dir='ltr'>quae</span> <span class='ocrx_word' id='word_1_528' title='bbox 1633 3443 1810 3518; x_wconf 90' lang='lat' dir='ltr'>repromisit</span> <span class='ocrx_word' id='word_1_529' title='bbox 1832 3443 2035 3521; x_wconf 90' lang='lat' dir='ltr'>diligentibus</span> <span class='ocrx_word' id='word_1_530' title='bbox 2060 3465 2102 3524; x_wconf 89' lang='lat' dir='ltr'>se,</span> 
     </span>
     <span class='ocr_line' id='line_1_89' title="bbox 1362 3529 2103 3618; baseline 0.018 -29"><span class='ocrx_word' id='word_1_531' title='bbox 1362 3529 1609 3594; x_wconf 89' lang='lat' dir='ltr'>immarcescibili</span> <span class='ocrx_word' id='word_1_532' title='bbox 1642 3535 1775 3596; x_wconf 88' lang='lat' dir='ltr'>iustitiae</span> <span class='ocrx_word' id='word_1_533' title='bbox 1805 3539 1915 3600; x_wconf 83' lang='lat' dir='ltr'>euroni</span> <span class='ocrx_word' id='word_1_534' title='bbox 1948 3539 2103 3618; x_wconf 90' lang='lat' dir='ltr'>donatus,</span> 
     </span>
     <span class='ocr_line' id='line_1_90' title="bbox 1362 3625 1896 3708; baseline 0.017 -24"><span class='ocrx_word' id='word_1_535' title='bbox 1362 3625 1478 3700; x_wconf 88' lang='lat' dir='ltr'>gaudiis</span> <span class='ocrx_word' id='word_1_536' title='bbox 1499 3625 1668 3703; x_wconf 87' lang='lat' dir='ltr'>perfruaris</span> <span class='ocrx_word' id='word_1_537' title='bbox 1689 3629 1896 3708; x_wconf 83' lang='lat' dir='ltr'>sempiternis.</span> 
     </span>
    </p>

    <p class='ocr_par' dir='ltr' id='par_1_8' title="bbox 1361 3720 2105 3998">
     <span class='ocr_line' id='line_1_91' title="bbox 1402 3720 2105 3804; baseline 0.014 -24"><span class='ocrx_word' id='word_1_538' title='bbox 1402 3721 1512 3781; x_wconf 91' lang='lat' dir='ltr'>ilatum</span> <span class='ocrx_word' id='word_1_539' title='bbox 1544 3720 1575 3781; x_wconf 95' lang='lat' dir='ltr'>in</span> <span class='ocrx_word' id='word_1_540' title='bbox 1608 3723 1687 3784; x_wconf 77' lang='lat' dir='ltr'>Arce</span> <span class='ocrx_word' id='word_1_541' title='bbox 1718 3724 1890 3804; x_wconf 83' lang='lat' dir='ltr'>Gandulplri</span> <span class='ocrx_word' id='word_1_542' title='bbox 1924 3729 2105 3792; x_wconf 78' lang='lat' dir='ltr'>dlltaneusis</span> 
     </span>
     <span class='ocr_line' id='line_1_92' title="bbox 1361 3811 2105 3886; baseline 0.016 -12"><span class='ocrx_word' id='word_1_543' title='bbox 1361 3811 1507 3875; x_wconf 89' lang='lat' dir='ltr'>dioecesis</span> <span class='ocrx_word' id='word_1_544' title='bbox 1528 3815 1585 3877; x_wconf 87' lang='lat' dir='ltr'>sub</span> <span class='ocrx_word' id='word_1_545' title='bbox 1606 3816 1724 3876; x_wconf 88' lang='lat' dir='ltr'>annulo</span> <span class='ocrx_word' id='word_1_546' title='bbox 1745 3817 1906 3881; x_wconf 88' lang='lat' dir='ltr'>Piscatoris</span> <span class='ocrx_word' id='word_1_547' title='bbox 1925 3821 1973 3883; x_wconf 91' lang='lat' dir='ltr'>die</span> <span class='ocrx_word' id='word_1_548' title='bbox 1989 3839 2040 3884; x_wconf 81' lang='lat' dir='ltr'>na.</span> <span class='ocrx_word' id='word_1_549' title='bbox 2059 3825 2105 3886; x_wconf 94' lang='lat' dir='ltr'>iu-</span> 
     </span>
     <span class='ocr_line' id='line_1_93' title="bbox 1361 3907 2031 3998; baseline 0.013 -30"><span class='ocrx_word' id='word_1_550' title='bbox 1361 3907 1404 3968; x_wconf 89' lang='lat' dir='ltr'>nii</span> <span class='ocrx_word' id='word_1_551' title='bbox 1428 3923 1567 3970; x_wconf 80' lang='grc'><strong>333333.</strong></span> <span class='ocrx_word' id='word_1_552' title='bbox 1592 3909 1731 3971; x_wconf 89' lang='lat' dir='ltr'>Pontifm.</span> <span class='ocrx_word' id='word_1_553' title='bbox 1756 3913 1854 3998; x_wconf 86' lang='lat' dir='ltr'>nostri</span> <span class='ocrx_word' id='word_1_554' title='bbox 1875 3931 1956 3977; x_wconf 92' lang='lat' dir='ltr'>anuo</span> <span class='ocrx_word' id='word_1_555' title='bbox 1980 3934 2031 3977; x_wconf 85' lang='lat' dir='ltr'>nr.</span> 
     </span>
    </p>
   </div>
   <div class='ocr_carea' id='block_1_7' title="bbox 1705 4482 1752 4543">
    <p class='ocr_par' dir='ltr' id='par_1_9' title="bbox 1705 4482 1752 4543">
     <span class='ocr_line' id='line_1_94' title="bbox 1705 4482 1752 4543; baseline 0.021 -1"><span class='ocrx_word' id='word_1_556' title='bbox 1705 4482 1752 4543; x_wconf 90' lang='lat' dir='ltr'>Ll.</span> 
     </span>
    </p>
   </div>
   <div class='ocr_carea' id='block_1_8' title="bbox 1363 4665 2104 5872">
    <p class='ocr_par' dir='ltr' id='par_1_10' title="bbox 1363 4665 2104 5872">
     <span class='ocr_line' id='line_1_95' title="bbox 1363 4665 2103 4747; baseline 0.019 -22"><span class='ocrx_word' id='word_1_557' title='bbox 1363 4665 1467 4726; x_wconf 77' lang='lat' dir='ltr'>filecto</span> <span class='ocrx_word' id='word_1_558' title='bbox 1503 4665 1746 4747; x_wconf 84' lang='lat' dir='ltr'>Arcltiepiscopo</span> <span class='ocrx_word' id='word_1_559' title='bbox 1784 4670 1890 4734; x_wconf 84' lang='lat' dir='ltr'>Genua</span> <span class='ocrx_word' id='word_1_560' title='bbox 1927 4675 2103 4740; x_wconf 80' lang='grc'><strong>3333333333</strong></span> 
     </span>
     <span class='ocr_line' id='line_1_96' title="bbox 1399 4759 2099 4845; baseline 0.017 -27"><span class='ocrx_word' id='word_1_561' title='bbox 1399 4773 1478 4834; x_wconf 76' lang='lat' dir='ltr'>pactae</span> <span class='ocrx_word' id='word_1_562' title='bbox 1500 4759 1570 4820; x_wconf 84' lang='lat' dir='ltr'>eius</span> <span class='ocrx_word' id='word_1_563' title='bbox 1591 4763 1810 4837; x_wconf 83' lang='lat' dir='ltr'>paaacdrrescor</span> <span class='ocrx_word' id='word_1_564' title='bbox 1830 4769 1963 4845; x_wconf 82' lang='lat' dir='ltr'>praeerit</span> <span class='ocrx_word' id='word_1_565' title='bbox 1986 4778 2099 4832; x_wconf 84' lang='lat' dir='ltr'>rorttru</span> 
     </span>
     <span class='ocr_line' id='line_1_97' title="bbox 1405 4851 2102 4932; baseline 0.02 -22"><span class='ocrx_word' id='word_1_566' title='bbox 1405 4851 1604 4914; x_wconf 71' lang='lat' dir='ltr'>licitatorem</span> <span class='ocrx_word' id='word_1_567' title='bbox 1629 4856 1847 4932; x_wconf 83' lang='lat' dir='ltr'>Apostolicuau</span> <span class='ocrx_word' id='word_1_568' title='bbox 1876 4869 1905 4922; x_wconf 95' lang='grc'>33</span> <span class='ocrx_word' id='word_1_569' title='bbox 1935 4863 2102 4924; x_wconf 80' lang='grc'><strong>333333333-</strong></span> 
     </span>
     <span class='ocr_line' id='line_1_98' title="bbox 1399 4942 2102 5023; baseline 0.018 -22"><span class='ocrx_word' id='word_1_570' title='bbox 1399 4942 1476 5014; x_wconf 86' lang='lat' dir='ltr'>rios,</span> <span class='ocrx_word' id='word_1_571' title='bbox 1492 4943 1581 5006; x_wconf 87' lang='lat' dir='ltr'>illius·</span> <span class='ocrx_word' id='word_1_572' title='bbox 1594 4950 1725 5023; x_wconf 84' lang='lat' dir='ltr'>proinde</span> <span class='ocrx_word' id='word_1_573' title='bbox 1742 4951 1865 5013; x_wconf 85' lang='lat' dir='ltr'>decretu</span> <span class='ocrx_word' id='word_1_574' title='bbox 1880 4954 1976 5015; x_wconf 82' lang='grc'><strong>33333</strong></span> <span class='ocrx_word' id='word_1_575' title='bbox 1991 4954 2102 5017; x_wconf 62' lang='lat' dir='ltr'>&amp;Sede</span> 
     </span>
     <span class='ocr_line' id='line_1_99' title="bbox 1401 5037 2099 5124; baseline 0.02 -30"><span class='ocrx_word' id='word_1_576' title='bbox 1401 5037 1534 5099; x_wconf 82' lang='lat' dir='ltr'>rescisso</span> <span class='ocrx_word' id='word_1_577' title='bbox 1546 5037 1585 5102; x_wconf 81' lang='grc'>33</span> <span class='ocrx_word' id='word_1_578' title='bbox 1600 5058 1633 5102; x_wconf 91' lang='grc'>33</span> <span class='ocrx_word' id='word_1_579' title='bbox 1649 5045 1834 5107; x_wconf 77' lang='lat' dir='ltr'>reprebendo</span> <span class='ocrx_word' id='word_1_580' title='bbox 1850 5062 1914 5106; x_wconf 87' lang='grc'><strong>3333</strong></span> <span class='ocrx_word' id='word_1_581' title='bbox 1928 5049 2099 5124; x_wconf 82' lang='lat' dir='ltr'>pauecipit.</span> 
     </span>
     <span class='ocr_line' id='line_1_100' title="bbox 1402 5127 2101 5214; baseline 0.011 -22"><span class='ocrx_word' id='word_1_582' title='bbox 1402 5127 1505 5192; x_wconf 86' lang='lat' dir='ltr'>Mouet</span> <span class='ocrx_word' id='word_1_583' title='bbox 1538 5134 1630 5196; x_wconf 86' lang='lat' dir='ltr'>illum</span> <span class='ocrx_word' id='word_1_584' title='bbox 1662 5137 1795 5214; x_wconf 86' lang='lat' dir='ltr'>iusuper</span> <span class='ocrx_word' id='word_1_585' title='bbox 1827 5155 1865 5199; x_wconf 87' lang='grc'>33</span> <span class='ocrx_word' id='word_1_586' title='bbox 1902 5139 2101 5202; x_wconf 76' lang='lat' dir='ltr'>ficariorum</span> 
     </span>
     <span class='ocr_line' id='line_1_101' title="bbox 1400 5227 2100 5305; baseline 0.017 -21"><span class='ocrx_word' id='word_1_587' title='bbox 1400 5227 1653 5299; x_wconf 75' lang='lat' dir='ltr'>Apostolicorum</span> <span class='ocrx_word' id='word_1_588' title='bbox 1682 5231 1943 5294; x_wconf 83' lang='lat' dir='ltr'>iurisdictionem</span> <span class='ocrx_word' id='word_1_589' title='bbox 1975 5234 2100 5305; x_wconf 77' lang='lat' dir='ltr'>luadiit,</span> 
     </span>
     <span class='ocr_line' id='line_1_102' title="bbox 1400 5325 2104 5398; baseline 0.02 -22"><span class='ocrx_word' id='word_1_590' title='bbox 1400 5334 1437 5377; x_wconf 90' lang='grc'>33</span> <span class='ocrx_word' id='word_1_591' title='bbox 1459 5325 1496 5379; x_wconf 86' lang='grc'>33</span> <span class='ocrx_word' id='word_1_592' title='bbox 1519 5331 1639 5383; x_wconf 84' lang='grc'><strong>3333333</strong></span> <span class='ocrx_word' id='word_1_593' title='bbox 1666 5325 1804 5386; x_wconf 77' lang='lat' dir='ltr'>ficarios·</span> <span class='ocrx_word' id='word_1_594' title='bbox 1827 5327 1863 5386; x_wconf 88' lang='lat' dir='ltr'>de</span> <span class='ocrx_word' id='word_1_595' title='bbox 1889 5327 1981 5398; x_wconf 84' lang='lat' dir='ltr'>lbra,</span> <span class='ocrx_word' id='word_1_596' title='bbox 2004 5329 2033 5388; x_wconf 85' lang='lat' dir='ltr'>si</span> <span class='ocrx_word' id='word_1_597' title='bbox 2048 5329 2104 5390; x_wconf 87' lang='lat' dir='ltr'>ud-</span> 
     </span>
     <span class='ocr_line' id='line_1_103' title="bbox 1400 5411 2103 5499; baseline 0.014 -28"><span class='ocrx_word' id='word_1_598' title='bbox 1400 5411 1462 5472; x_wconf 85' lang='lat' dir='ltr'>buc</span> <span class='ocrx_word' id='word_1_599' title='bbox 1483 5415 1551 5475; x_wconf 86' lang='lat' dir='ltr'>siut</span> <span class='ocrx_word' id='word_1_600' title='bbox 1566 5417 1601 5476; x_wconf 88' lang='lat' dir='ltr'>iu</span> <span class='ocrx_word' id='word_1_601' title='bbox 1618 5419 1801 5496; x_wconf 80' lang='lat' dir='ltr'>ropionibus</span> <span class='ocrx_word' id='word_1_602' title='bbox 1822 5419 1958 5482; x_wconf 80' lang='lat' dir='ltr'>Vtccrtts</span> <span class='ocrx_word' id='word_1_603' title='bbox 1975 5428 2103 5499; x_wconf 51' lang='grc'><strong>3333333-</strong></span> 
     </span>
     <span class='ocr_line' id='line_1_104' title="bbox 1400 5505 2104 5577; baseline 0.016 -11"><span class='ocrx_word' id='word_1_604' title='bbox 1400 5505 1472 5566; x_wconf 87' lang='lat' dir='ltr'>licis</span> <span class='ocrx_word' id='word_1_605' title='bbox 1493 5505 1657 5571; x_wconf 81' lang='lat' dir='ltr'>subiectis.</span> <span class='ocrx_word' id='word_1_606' title='bbox 1681 5511 1770 5575; x_wconf 86' lang='lat' dir='ltr'>Iubet</span> <span class='ocrx_word' id='word_1_607' title='bbox 1794 5513 1918 5576; x_wconf 82' lang='lat' dir='ltr'>delatum</span> <span class='ocrx_word' id='word_1_608' title='bbox 1934 5523 1972 5576; x_wconf 89' lang='lat' dir='ltr'>ut</span> <span class='ocrx_word' id='word_1_609' title='bbox 1987 5517 2104 5577; x_wconf 80' lang='lat' dir='ltr'>cerasti-</span> 
     </span>
     <span class='ocr_line' id='line_1_105' title="bbox 1401 5599 2102 5684; baseline 0.014 -25"><span class='ocrx_word' id='word_1_610' title='bbox 1401 5599 1585 5664; x_wconf 85' lang='lat' dir='ltr'>tutiouibus</span> <span class='ocrx_word' id='word_1_611' title='bbox 1606 5605 1790 5682; x_wconf 76' lang='lat' dir='ltr'>ploratificiis,</span> <span class='ocrx_word' id='word_1_612' title='bbox 1807 5609 1977 5684; x_wconf 80' lang='lat' dir='ltr'>praecipue</span> <span class='ocrx_word' id='word_1_613' title='bbox 1998 5610 2102 5669; x_wconf 82' lang='grc'><strong>33333-</strong></span> 
     </span>
     <span class='ocr_line' id='line_1_106' title="bbox 1398 5694 2103 5778; baseline 0.014 -26"><span class='ocrx_word' id='word_1_614' title='bbox 1398 5694 1498 5754; x_wconf 77' lang='grc'><strong>333333</strong></span> <span class='ocrx_word' id='word_1_615' title='bbox 1520 5695 1556 5755; x_wconf 89' lang='lat' dir='ltr'>dc</span> <span class='ocrx_word' id='word_1_616' title='bbox 1577 5697 1696 5758; x_wconf 86' lang='lat' dir='ltr'>ritibus</span> <span class='ocrx_word' id='word_1_617' title='bbox 1711 5699 1905 5772; x_wconf 80' lang='grc'><strong>3333333333,</strong></span> <span class='ocrx_word' id='word_1_618' title='bbox 1923 5709 2049 5778; x_wconf 81' lang='lat' dir='ltr'>putreat,</span> <span class='ocrx_word' id='word_1_619' title='bbox 2066 5719 2103 5764; x_wconf 88' lang='grc'>33</span> 
     </span>
     <span class='ocr_line' id='line_1_107' title="bbox 1400 5787 1801 5872; baseline 0.012 -24"><span class='ocrx_word' id='word_1_620' title='bbox 1400 5787 1481 5848; x_wconf 80' lang='lat' dir='ltr'>ulica</span> <span class='ocrx_word' id='word_1_621' title='bbox 1501 5803 1615 5864; x_wconf 84' lang='lat' dir='ltr'>parere</span> <span class='ocrx_word' id='word_1_622' title='bbox 1636 5797 1726 5852; x_wconf 77' lang='lat' dir='ltr'>citrei</span> <span class='ocrx_word' id='word_1_623' title='bbox 1747 5792 1801 5872; x_wconf 84' lang='lat' dir='ltr'>(l).</span> 
     </span>
    </p>
   </div>
   <div class='ocr_carea' id='block_1_9' title="bbox 0 0 2444 6982">
    <p class='ocr_par' dir='ltr' id='par_1_11' title="bbox 0 0 2444 6982">
     <span class='ocr_line' id='line_1_108' title="bbox 0 0 2444 6982; baseline 0 0"><span class='ocrx_word' id='word_1_624' title='bbox 0 0 2444 6982; x_wconf 95' lang='lat' dir='ltr'> </span> 
     </span>
    </p>
   </div>
  </div>
 </body>
</html>
