4848 6990
327 557 381 612 An.
395 559 426 612 O.
448 557 515 611 1696
570 553 625 616 161

546 688 696 766 scriptum
727 687 878 750 dictarum
911 686 1146 766 apostolicarum
1177 684 1294 746 littera-

545 796 630 853 rum,
653 785 777 842 etcum
799 779 1047 842 restrictionibus
1068 779 1101 840 in
1124 779 1183 840 illis
1204 794 1295 857 appo-

546 873 624 946 sitis,
647 880 678 935 et
699 889 763 934 nou
785 873 885 947 aliter,
908 872 951 934 eis
972 889 1045 934 usae
1065 871 1203 933 luerunt.

315 978 528 1134 praeffffaffiatttitq
585 967 604 1040 ἓ
625 965 653 1027 2.
679 966 758 1029 Cum
779 973 895 1038 autem,
918 966 996 1028 sicut
1017 965 1125 1026 eadem
1142 964 1294 1043 expositio

328 1097 441 1142 ararum,
462 1083 527 1132 atta·
545 1059 761 1136 subiungebat,
790 1066 826 1122 ut
853 1059 1018 1136 praemissa
1049 1057 1169 1120 firmius
1195 1057 1292 1118 subsi-

316 1139 527 1252 fflggmffffi·
545 1159 625 1214 stant
648 1160 678 1213 et
692 1159 929 1225 conserventur,
947 1149 1100 1230 praetatus
1115 1150 1293 1213 Franciscus

546 1245 773 1308 commissarius
802 1244 952 1320 generalis
981 1244 1101 1318 Curiae,
1124 1244 1293 1322 praedictas

547 1338 714 1402 Clementis
735 1354 768 1399 ac
789 1337 874 1399 Pauli
896 1345 927 1398 et
954 1339 1223 1416 praedecessorum
1245 1336 1294 1397 lit·

548 1439 637 1504 teras,
659 1445 732 1492 cum
753 1429 897 1492 clausulis
915 1430 948 1490 in
965 1431 1081 1492 eisdem
1096 1429 1294 1503 contentis,a

548 1525 637 1586 nobis
658 1524 812 1599 innovari,
828 1532 858 1587 et
874 1540 982 1586 omues
997 1524 1128 1586 aliorum
1142 1523 1295 1584 Romano-

547 1634 619 1680 rum
640 1617 824 1680 Pontificum
846 1633 1058 1679 successorum
1081 1616 1294 1678 concessiones

548 1711 583 1773 ad
605 1709 744 1772 favorem
768 1710 922 1772 dictorum
942 1708 1105 1784 Ordinum,
1128 1724 1294 1786 congrega-

549 1803 683 1877 tionum,
705 1803 1007 1876 confraternitatum,
1031 1802 1180 1876 locorum,
1203 1803 1297 1864 bene-

549 1895 712 1970 factorum,
735 1905 766 1958 et
787 1896 916 1956 aliarum
938 1896 1101 1973 utriusque
1121 1909 1212 1956 sexus
1227 1911 1296 1973 per-

549 1987 1295 2066 sonarumpraedictaeobedientiaeseudirectio-

552 2083 585 2142 ni
605 2081 814 2144 subiectarum
834 2080 1001 2160 expeditas,
1024 2081 1204 2158 apostolicae
1224 2097 1295 2143 con·

552 2173 737 2236 firmationis
762 2179 884 2236 nostrae
911 2174 1082 2250 patrocinio
1110 2173 1299 2235 communiri

552 2267 725 2346 plurimum
745 2266 912 2329 desideret:
938 2282 1004 2340 nos,
1028 2265 1123 2344 ipsius
1144 2266 1297 2328 Francisci

551 2360 754 2423 commissarii
779 2360 932 2436 generalis
958 2359 1059 2420 3111133
1088 2359 1167 2420 votis
1188 2359 1243 2420 hac
1266 2359 1297 2418 in

553 2470 599 2528 re,
620 2461 772 2532 quantum
793 2468 864 2514 curu
880 2453 1010 2513 Domino
1025 2467 1199 2530 possumus,
1216 2451 1299 2510 lavo-

554 2547 693 2610 rabiliter
713 2562 852 2608 annuere
873 2545 1025 2620 volentes,
1048 2560 1183 2623 eumque
1202 2563 1217 2606 a
1233 2546 1300 2624 qui·

553 2640 658 2702 1113113
679 2639 1017 2714 excommunicationis,
1040 2639 1249 2716 suspensionis
1268 2647 1299 2700 et

554 2731 723 2807 interdicti,
739 2731 867 2809 aliisque
888 2731 1108 2805 ecclesiasticis,
1124 2732 1298 2808 sententiis,

557 2825 696 2887 censuris
718 2833 748 2888 et
769 2825 886 2903 poenis,
907 2843 923 2886 a
944 2825 1013 2888 iure
1033 2824 1084 2885 vel
1104 2823 1141 2885 ab
1161 2824 1300 2900 homine,

557 2918 665 2998 quavis
686 2919 845 2980 occasione
866 2918 915 2978 vel
937 2917 1024 2980 33333
1048 2916 1125 2992 13113,
1145 2917 1170 2978 31
1191 2917 1303 2995 quibus

556 3011 786 3090 quomodolibet
813 3010 978 3072 innodatus
1006 3010 1126 3084 existit,
1156 3010 1191 3072 ad
1213 3010 1303 3072 estec-

556 3115 624 3166 tum
639 3104 849 3181 praesentium
864 3103 1022 3164 dumtaxat
1036 3105 1300 3180 consequendum,

557 3197 669 3258 barum
689 3196 767 3258 serie
789 3196 981 3258 absolventes
1001 3202 1033 3257 et
1047 3196 1223 3258 absolutum
1237 3196 1303 3258 tore

558 3295 737 3363 censentes,
772 3289 1046 3367 supplicationibus
1077 3289 1144 3351 eius
1175 3289 1301 3350 nomine

558 3381 646 3444 nobis
666 3397 760 3460 super
779 3385 837 3444 boc
862 3382 1022 3444 humiliter
1047 3382 1194 3461 porrectis
1216 3381 1302 3443 incli-

559 3475 635 3549 nati,
658 3477 694 3538 de
715 3475 941 3538 venerabilium
971 3475 1103 3537 iratrum
1123 3483 1303 3536 nostrorum

560 3567 591 3632 S.
608 3568 644 3630 11.
661 3569 696 3630 Ε.
714 3569 925 3635 darutnauum
946 3569 1078 3646 negotiis
1099 3575 1129 3630 et
1150 3567 1303 3630 consulta-

560 3661 696 3722 tionibus
718 3661 940 3740 Episcoporum
959 3669 989 3722 et
1004 3660 1205 3738 Regularium
1219 3676 1303 3737 prae-

559 3753 732 3832 positorum
762 3754 900 3828 oonsilio,
933 3760 963 3815 et
994 3753 1109 3814 attenta
1140 3752 1301 3827 relatione,

561 3861 654 3924 quam
675 3847 859 3910 venerabilis
880 3847 971 3908 etiam
986 3845 1080 3907 trater
1095 3853 1200 3908 noster
1214 3844 1304 3907 ttae-

561 3955 656 4000 rauus
676 3939 843 4019 Episcopus
864 3939 1041 4001 Portuensis
1063 3939 1093 4002 S.
1111 3938 1146 4000 ll.
1172 3939 1207 4000 tt.
1233 3939 1303 4001 Oar-

561 4031 671 4094 diualis
686 4031 769 4110 Cybo
784 4040 990 4110 nuncupatus,
1003 4031 1075 4094 dicti
1090 4031 1210 4094 Ordinis
1225 4031 1302 4109 apud

562 4140 618 4187 nos
639 4131 669 4186 et
690 4124 833 4187 Sanctam
862 4125 971 4188 Sedem
999 4131 1165 4202 protector,
1188 4124 1305 4187 eisdem

564 4217 773 4281 Cardinalibus
800 4234 893 4297 super
913 4218 1085 4296 praemissis
1113 4217 1195 4292 13311,
1219 4233 1306 4296 prae-

563 4311 656 4373 dictas
677 4311 846 4376 Clementis
871 4311 1055 4390 incipientes
1077 4309 1175 4372 Retio
1196 4309 1305 4372 Pasto-

563 4404 645 4466 rotis
666 4412 737 4481 ete,
761 4422 794 4468 ac
822 4405 917 4480 Pauli,
947 4420 1079 4482 quarum
1105 4403 1234 4466 initium
1256 4405 1305 4466 ln-

563 4495 873 4573 111331133113313.,
896 4509 927 4561 et
956 4498 1071 4560 Urbani
1098 4496 1308 4574 praedecesso-

564 4605 648 4666 rum,
664 4607 741 4668 quae
755 4591 909 4668 incipiunt
930 4592 968 4654 In
982 4589 1214 4667 plenitudinem
1234 4597 1305 4664 etc,

564 4683 760 4762 aliorumque
790 4683 1001 4746 Romanorum
1028 4683 1214 4746 Pontificum
1240 4699 1308 4746 suc·

565 4792 720 4839 cessorum
741 4775 785 4855 (l)
807 4777 924 4840 litteras
945 4793 1038 4856 super
1064 4777 1239 4856 praemissis
1260 4794 1307 4838 re-

565 4872 699 4948 spective
714 4878 879 4946 emanatas,
896 4870 1063 4934 dummodo
1079 4878 1182 4932 tamen
1196 4871 1259 4931 sint
1275 4870 1308 4932 iu

566 4979 636 5038 usu,
659 4979 715 5026 uec
735 4963 798 5024 sint
818 4972 988 5039 revocatae,
1004 4972 1056 5025 aut
1076 4963 1133 5024 sub
1147 4963 1247 5042 atique
1262 4979 1307 5024 re-

565 5056 726 5118 vocatione
747 5057 995 5134 comprehensae,
1017 5057 1172 5132 sacrisque
1187 5055 1308 5116 333331-

565 5149 633 5224 bus,
656 5157 687 5210 et
709 5149 840 5213 Consilii
861 5149 1036 5212 Tridentini
1051 5149 1193 5224 decretis,
1210 5163 1243 5210 33
1258 5163 1311 5226 po-

566 5241 743 5303 sterioribus
765 5241 1037 5304 constitutionibus
1058 5248 1089 5303 et
1110 5240 1309 5302 ordinationi-

566 5335 624 5396 bus
634 5334 1082 5413 apostolicis,regularibusque
1092 5331 1214 5397 Ordinis
1225 5350 1309 5412 prae-

567 5427 640 5489 dicti
658 5427 808 5491 institutis
823 5443 886 5490 uon
901 5427 1114 5504 adversentur,
1131 5427 1310 5490 auctoritate

567 5520 744 5600 apostolici,
773 5529 880 5586 tenore
901 5521 1125 5600 praesentium,
1149 5521 1312 5583 coufirma-

569 5629 639 5676 mus
666 5621 696 5675 et
723 5617 942 5693 approbamus,
975 5615 1097 5692 illisque
1124 5613 1310 5676 inviolabilis

570 5707 750 5786 apostolicae
766 5709 920 5772 firmitatis
934 5709 1030 5771 robur
1044 5708 1213 5782 adiicimus3
1230 5707 1311 5766 salva

612 5919 641 5976 (1)
656 5918 765 5966 Videtur
778 5921 916 5978 legendum
928 5923 1171 5975 praedecessorum.

1065 567 1129 612 lllll·
1155 567 1245 612 PONT·
1270 567 1310 610 btt
1331 567 1360 610 P·
1385 567 1414 610 tt.
1439 568 1520 612 PARS
1543 566 1563 610 1.

2145 539 2199 591 An.
2214 543 2244 594 O.
2266 543 2330 598 1696

1349 693 1453 747 tamen
1464 685 1813 763 semperinpraemissis
1825 685 2007 748 auctoritate
2018 683 2106 747 Con·

1348 778 1538 854 gregationis
1560 777 1780 840 Cardinatium.

1388 871 1406 944 ἓ
1428 870 1456 930 3.
1481 872 1699 944 113331333133,
1715 871 1836 932 easdem
1854 879 2036 950 praesentes
2052 869 2107 932 lit·
2157 870 2299 921 ctauauna.

1349 973 1428 1026 teras
1459 979 1581 1040 semper
1611 964 1733 1038 firmas,
1766 963 1879 1026 validas
1907 971 1938 1026 et
1959 966 2108 1028 efficaces

1349 1058 1482 1118 existere
1503 1066 1533 1117 et
1559 1056 1635 1130 iore,
1659 1073 1793 1136 suosque
1824 1057 1976 1135 plenarios
1996 1066 2031 1120 et
2056 1057 2107 1118 in·

1350 1159 1451 1228 tegros
1473 1149 1598 1212 31133133
1629 1150 1733 1211 3311111
1754 1157 1785 1212 31
1806 1151 1958 1226 obtinere,
1975 1168 2009 1214 ac
2027 1149 2105 1222 iltis,

1349 1244 1384 1305 ad
1406 1259 1481 1321 quos
1503 1249 1618 1320 spectat
1640 1249 1670 1304 et
1698 1259 1753 1320 pro
1776 1250 1916 1321 tempore
1936 1244 2106 1323 spectabit,

1348 1337 1527 1414 plenissime
1553 1334 1730 1410 suffragari,
1759 1335 1864 1414 sicque
1890 1337 1922 1398 13
1951 1335 2108 1414 praemis·

1348 1432 1389 1492 sis
1410 1445 1465 1508 per
1486 1445 1698 1507 quoscumque
1729 1428 1842 1492 iudices
1874 1430 2050 1492 ordinarios
2074 1437 2108 1490 et

1349 1524 1514 1600 delegatos,
1544 1523 1638 1584 etiam
1666 1539 1826 1584 causarum
1852 1524 1956 1601 palatii
1978 1531 2107 1602 aposto-

1350 1616 1400 1678 lici
1421 1616 1584 1688 auditores,
1616 1614 1740 1676 iudicari
1764 1623 1794 1677 et
1815 1616 1938 1677 definiri
1970 1617 2103 1690 debere,

1349 1726 1382 1772 ac
1402 1710 1528 1770 irritum
1557 1716 1588 1769 31
1619 1707 1710 1770 13333
1731 1709 1755 1769 31
1784 1724 1871 1770 33333
1898 1725 1992 1787 super
2013 1710 2066 1770 his
2090 1726 2107 1770 a

1350 1819 1517 1881 quoquam,
1541 1801 1648 1878 quavis
1676 1803 1867 1876 auctoritate,
1890 1803 2027 1864 scienter
2050 1803 2107 1864 vel

1351 1898 1540 1974 ignoranter,
1563 1895 1730 1970 contigerit
1752 1895 1906 1956 attentari.
1928 1897 1961 1956 ln
1976 1902 2108 1958 contra-

1349 1991 1435 2052 rium
1462 1988 1645 2051 iacientibus
1667 2003 1731 2049 nou
1758 1989 1950 2052 obstantibus
1971 1989 2106 2067 quibus·

1351 2099 1495 2160 cumque.

1391 2177 1410 2250 5
1430 2177 1459 2238 1.
1479 2176 1632 2238 Volumus
1647 2183 1752 2237 autem
1767 2184 1802 2238 ut
1815 2177 1995 2238 earumdem
2011 2191 2106 2254 prae-
2171 2182 2246 2228 rides
2266 2189 2335 2231 trau-

1351 2271 1488 2332 sentium
1504 2270 1678 2330 litterarum
1693 2270 1908 2346 transumptis,
1921 2285 1976 2331 seu
1991 2285 2105 2332 exem·
2126 2239 2294 2292 sumptorum.

1352 2363 1420 2442 plis,
1443 2363 1537 2426 etiam
1559 2363 1715 2440 impressis
1734 2377 1828 2423 manu
1843 2362 1970 2424 alicuius
1985 2363 2106 2424 notarii

1352 2456 1466 2534 publici
1492 2455 1683 2532 subscriptis,
1710 2461 1740 2514 31
1761 2455 1862 2531 sigillo
1890 2471 2039 2532 personae
2070 2455 2105 2516 in

1353 2548 1555 2610 ecclesiastica
1576 2547 1726 2622 dignitate
1747 2547 1930 2608 constitutae
1955 2547 2105 2622 munitis,

1354 2640 1461 2702 eadem
1482 2656 1606 2718 prorsus
1629 2639 1703 2700 fides
1724 2639 1840 2716 ubique
1860 2639 2011 2715 locorum,
2039 2648 2108 2702 tam

1356 2735 1386 2796 13
1409 2733 1521 2795 iudicio
1543 2747 1635 2811 quam
1654 2740 1740 2794 extra
1756 2733 1833 2794 illud
1848 2732 2004 2806 habeatur,
2021 2749 2107 2810 quae

1354 2827 1426 2904 ipsis
1447 2825 1658 2904 praesentibus
1679 2825 1844 2888 baberetur
1857 2825 1882 2886 si
1897 2824 1998 2888 131331
2013 2825 2105 2888 exhi-

1355 2920 1435 2980 bitae
1455 2919 1506 2979 131
1528 2927 1678 2979 ostensae.

1395 3013 1507 3074 Datum
1522 3011 1646 3084 Romae,
1663 3011 1741 3088 apud
1758 3009 1788 3073 S.
1803 3010 1926 3072 llariam
1941 3011 2105 3084 Maiorem,

1355 3105 1412 3168 sub
1439 3103 1555 3166 annulo
1584 3103 1753 3178 Piscatoris,
1782 3104 1830 3166 die
1858 3122 1887 3164 v.
1915 3105 2105 3182 septembris

1357 3212 1567 3272 nucumve,
1588 3197 1784 3274 pontificatus
1806 3198 2007 3259 3331113333
2029 3214 2061 3258 x.

1397 3386 1415 3459 ἓ
1436 3385 1465 3446 2.
1490 3381 1689 3444 Postmodum
1704 3397 1778 3444 vero
1793 3398 1848 3460 pro
1863 3389 1949 3460 parte
1963 3383 2107 3446 eiusdem
2141 3442 2146 3452 ,
2164 3387 2202 3433 Ab
2217 3387 2262 3434 noe
2272 3387 2322 3483 tgn-
2398 3361 2399 3426 1

1357 3477 1510 3542 1113331331
1538 3476 1627 3538 uobis
1655 3475 1803 3552 exposito,
1827 3441 2324 3554 3331133333111-11118111111111
2398 3475 2399 3542 l

1357 3571 1395 3632 lis
1421 3569 1680 3648 praetendebatur
1708 3569 1741 3628 iu
1767 3567 1900 3646 praelata
1927 3571 2106 3631 communi·
2126 3550 2326 3650 {ffisfflcloffi'gffij

1357 3664 1477 3725 catione
1498 3661 1751 3740 privilegiorum,
1784 3661 2050 3738 indulgentiarum
2073 3671 2106 3724 et
2126 3653 2326 3763 9151131ξῇξῇξῖ

1358 3757 1539 3833 gratiarum,
1562 3754 1740 3816 memoratis
1768 3755 1905 3833 personis
1933 3755 2107 3833 praedictae
2126 3761 2327 3807 ttstttterisrou·

1358 3849 1550 3912 obedientiae
1571 3864 1626 3909 seu
1653 3847 1814 3910 directioni
1845 3848 2000 3922 subiectis,
2022 3849 2107 3910 sicut
2126 3811 2326 3914 ffiegfflttetoca

1358 3943 1584 4020 praemittitur,
1616 3941 1770 4014 33333333,
1803 3941 1936 4002 31131133
1966 3957 2109 4019 compre-

1359 4035 1453 4097 hendi
1474 4036 1538 4096 loca
1560 4042 1591 4095 et
1612 4034 1751 4096 ecclesias
1774 4035 2017 4110 Terraesanctae,
2034 4035 2107 4097 alia-

1359 4145 1493 4207 rumque
1514 4129 1648 4206 partium
1669 4127 1802 4188 Orientis
1830 4129 2032 4190 existentium
2056 4145 2109 4188 ex·

1360 4229 1408 4282 113
1429 4221 1613 4296 Ierusalem3
1638 4219 1767 4297 ideoque
1788 4236 1842 4298 pro
1864 4221 1929 4282 eius
1950 4229 2035 4298 parte
2052 4237 2108 4282 no·

1361 4313 1406 4376 bis
1420 4313 1588 4392 supplicato
1604 4321 1638 4374 ut
1654 4311 1716 4374 loca
1732 4322 1762 4374 et
1777 4313 1917 4374 ecclesias
1929 4313 2108 4375 huiusmodi

1361 4407 1398 4468 ab
1417 4405 1525 4467 eidem
1546 4405 1827 4466 communicatione
1841 4405 1971 4466 minime
1985 4405 2109 4466 excludi

1362 4499 1599 4561 declararemus:
1624 4513 1680 4558 nos
1700 4497 1872 4575 supplicem
1894 4498 2034 4560 libellum
2054 4513 2109 4558 33-

1364 4592 1409 4654 bis
1430 4606 1523 4669 super
1539 4589 1713 4668 praemissis
1727 4599 1906 4668 porrectum
1921 4592 1956 4654 ad
1973 4591 2110 4666 Congre-

1365 4684 1523 4761 gallonem
1538 4682 1764 4745 venerabilium
1780 4684 1893 4761 pariter
1907 4682 2040 4746 fratrum
2055 4700 2112 4744 uo-

1363 4783 1501 4838 strorum
1533 4775 1672 4838 eiusdem
1704 4775 1735 4839 S.
1766 4775 1802 4836 ll.
1834 4777 1868 4838 Ε.
1900 4777 2110 4840 cardinalium

1364 4869 1494 4932 Concitii
1509 4868 1686 4930 Tridentini
1708 4870 1914 4948 interpretum
1930 4869 2111 4930 remisimus

1364 4977 1420 5040 pro
1441 4967 1524 5023 voto.
1550 4963 1614 5041 ipsa
1635 4978 1708 5026 vero
1738 4963 1947 5026 cardinalium
1975 4963 2110 5037 Congre-

1365 5056 1445 5133 gatio
1477 5071 1532 5134 per
1563 5073 1656 5120 suum
1687 5058 1847 5119 decretum
1874 5055 1923 5118 die
1950 5073 2013 5116 xvv.
2042 5055 2111 5117 iulii

1365 5165 1505 5211 uocxcv.
1522 5159 1711 5222 emanatum,
1728 5149 1923 5226 praeinsertis
1938 5149 2111 5210 innocentii

1366 5243 1603 5320 praedecessoris
1625 5242 1735 5302 11113113
1751 5241 1920 5320 perpensis,
1937 5240 2067 5314 censuit,
2084 5239 2109 5301 si

1367 5335 1408 5396 113
1429 5334 1517 5396 nobis
1539 5333 1711 5411 placuisset,
1727 5335 1878 5412 praedicta
1893 5333 1956 5395 loca
1971 5341 2001 5393 et
2016 5332 2111 5394 eccle-

1366 5428 1423 5488 sias
1445 5427 1689 5503 Terraesanctae,
1711 5427 1901 5504 aliarumque
1917 5427 2051 5504 partium
2066 5425 2111 5506 (i)

1367 5519 1500 5583 Orientis
1516 5527 1604 5582 extra
1618 5521 1796 5592 ierusalem,
1813 5535 1878 5582 esse
1892 5513 2110 5596 comprehensa

1366 5630 1422 5676 seu
1443 5613 1679 5692 comprehensas
1700 5615 1732 5674 13
1754 5614 1842 5676 dictis
1864 5612 2045 5691 privilegiis,
2063 5614 2111 5674 iu-

1367 5705 1461 5768 dultis
1489 5714 1520 5766 31
1548 5705 1768 5782 indulgentiis,
1796 5705 1924 5768 serratis
1952 5706 2109 5767 tamenin

1337 5921 1342 5974 Ι
1408 5919 1437 5976 (tt
1452 5921 1545 5964 vocem
1557 5922 1682 5973 partiam
1696 5916 1753 5963 add.
1769 5917 1830 5964 edit.
1847 5917 1945 5962 taurin.
