4844 6990
1036 552 1178 610 cennens
1199 553 1256 606 xlv.

372 683 508 764 palione,
531 699 565 745 ac
586 679 617 746 S.
640 677 745 744 blatris
760 680 911 746 Ecclesiae
932 682 1119 744 exaltatione

372 780 436 858 pias
457 779 492 840 ad
515 779 612 841 Deum
635 793 740 857 preces
762 777 970 851 elinndereut,
988 778 1019 839 in
1035 776 1118 840 Nati-

373 873 477 934 vitatis
501 874 533 933 t).
551 871 589 932 N.
608 873 675 932 lesu
690 871 821 944 Christi,
840 871 991 932 Paschatis
1006 871 1120 932 Resur-

372 966 519 1028 rectiouis
540 965 728 1040 Dominicae,
751 979 809 1026 nec
830 981 893 1026 nou
917 963 1064 1028 SSPetri
1088 971 1119 1026 et

371 1060 457 1122 Pauli
478 1057 795 1139 apostotorum-testis
809 1057 927 1129 diebus,
949 1056 1118 1135 plenariam

371 1153 514 1214 omnium
535 1159 728 1230 peccatorum
741 1167 869 1212 suorum
891 1149 1117 1224 indulgentiam

371 1255 402 1308 et
424 1247 641 1308 remissionem
663 1245 905 1308 misericorditer
927 1243 959 1304 in
987 1241 1118 1303 Domino

371 1341 594 1414 concessimus,
617 1348 649 1402 et
674 1339 747 1400 alias
773 1345 865 1416 prout
887 1338 920 1398 in
949 1335 1062 1398 nostris
1085 1335 1116 1394 in

370 1435 435 1515 pari
447 1435 543 1496 torma
554 1434 832 1496 Brevisdiexxvn.
843 1431 1113 1494 iuniinoccxxxv.

370 1529 502 1606 desuper
523 1527 672 1605 expeditis
687 1526 797 1598 literis,
811 1541 885 1604 quas
900 1525 1056 1604 perpetuis
1070 1522 1119 1584 iu-

370 1621 448 1684 turis
461 1621 651 1698 temporibus
665 1619 766 1680 valere
781 1619 957 1693 statuimus,
970 1633 1118 1695 quarum-

370 1729 432 1792 que
453 1722 595 1776 tenorem
607 1711 819 1792 praesentibus
835 1729 889 1790 pro
904 1711 996 1789 plene
1010 1718 1041 1772 et
1054 1709 1117 1773 sul-

1840 539 1898 611 483
1950 545 2004 604 An.
2018 547 2048 603 O.
2070 541 2139 602 1736

1174 681 1213 742 rii
1234 679 1348 760 publici
1370 679 1565 760 subscriptis,
1591 690 1622 745 et
1644 682 1749 760 sigillo
1770 699 1918 764 personae

1175 777 1380 850 indignitate
1407 775 1607 838 ecetesiasttca
1639 779 1825 840 constitutae
1850 796 1919 842 mu·

1174 868 1260 941 uitis,
1276 869 1383 931 eadem
1394 882 1519 945 prorsus
1538 867 1613 930 fides
1634 869 1825 946 adhibeatur,
1842 889 1920 952 quae

1173 960 1372 1023 adhiberetur
1393 961 1464 1038 ipsis
1486 963 1697 1040 praesentibus
1711 963 1736 1024 si
1752 963 1853 1027 lorent
1868 981 1919 1028 ex·

1173 1055 1287 1117 hibitae
1314 1056 1365 1118 vel
1385 1063 1534 1117 ostensae.

1212 1150 1325 1211 Datum
1349 1148 1479 1222 Romae,
1509 1148 1587 1227 apud
1617 1149 1649 1212 S.
1674 1149 1800 1212 blariam
1829 1151 1919 1214 blaio-

1174 1258 1239 1303 rem
1261 1241 1447 1303 subannulo
1466 1241 1637 1314 Piscatoris,
1664 1241 1713 1304 die
1738 1259 1802 1304 xvv.
1815 1247 1919 1308 martii

1174 1349 1387 1409 nnccxxxvr,
1404 1334 1602 1412 pontificatus
1624 1336 1722 1398 nostri
1743 1353 1825 1398 anno
1847 1355 1889 1399 vr.

1481 1713 1608 1776 XXXV.

370 1806 511 1867 ticienter
531 1821 675 1882 expresso
696 1812 727 1866 et
747 1804 786 1866 de
810 1804 906 1866 verbo
926 1804 962 1865 ad
983 1804 1116 1866 verbum
1206 1835 1208 1842 ·

370 1899 488 1962 inserto
509 1898 614 1962 haberi
636 1899 800 1972 volumus,
830 1897 956 1960 uberius
977 1897 1116 1958 contine-

371 1999 434 2054 tur.

195 2095 352 2158 uniusmodi
411 2086 430 2160 ἕ
450 2087 479 2148 3.
504 2084 593 2147 Nunc
607 2092 711 2146 autem
727 2101 784 2146 nos
795 2083 958 2146 memorati
972 2081 1117 2144 catechis-

127 2159 353 2250 ssl'xssaffsr't'al’tr'lll
372 2179 416 2242 mi
437 2187 509 2252 etc,
532 2177 688 2240 doctrinae
709 2178 893 2240 christianae
908 2193 1000 2238 usum
1013 2184 1043 2237 et
1057 2175 1117 2237 ire·

129 2256 263 2302 mmm·
371 2272 532 2351 quentiaut
555 2278 714 2349 tantopere
731 2269 1009 2333 commendabilem
1025 2286 1058 2330 ac
1072 2286 1118 2328 sa-

371 2365 515 2438 lutarem,
528 2379 568 2426 ne
580 2363 683 2425 fideles
694 2362 956 2424 circumferantur
970 2369 1116 2440 tanquam

371 2457 491 2536 parvuli
511 2457 696 2518 fluctuantes
717 2455 804 2516 omni
830 2463 925 2517 vento
947 2455 1115 2529 doctrinae,

370 2552 423 2613 sed
454 2551 545 2612 tirmo
577 2549 647 2611 fidei
677 2548 882 2610 fundamento
916 2545 1116 2608 adhaerentes

370 2643 606 2706 coaedificentur
628 2641 892 2702 inhabitaculum
913 2639 966 2701 Dei
989 2640 1020 2700 in
1051 2639 1117 2717 Spi-

371 2737 434 2798 ritu
456 2735 585 2810 Sancto,
614 2735 730 2812 ubique
755 2733 893 2795 locorum
915 2749 948 2793 ac
973 2731 1116 2808 gentium

370 2829 550 2908 propagari,
574 2827 733 2904 magisque
755 2825 874 2888 indies
896 2826 1002 2901 augeri
1024 2824 1116 2886 enixe

370 2920 829 3000 cupientes,supplicationibus
851 2919 945 2980 etiam
966 2918 1118 2996 plurimo-

371 3031 501 3078 rumex
528 3028 621 3075 veun.
650 3001 796 3074 iratribus
823 3009 1065 3090 hrchiepiscopis
1087 3019 1117 3072 et

371 3106 529 3186 Episcopis
542 3113 629 3166 extra
643 3104 761 3166 ltaliam
785 3103 960 3165 huiusmodi
983 3105 1117 3166 existen-

372 3201 464 3274 tibus,
487 3214 544 3260 nec
559 3213 622 3258 uon
638 3197 822 3259 dilectorum
845 3196 982 3258 tiliorum
1004 3195 1116 3258 officia-

371 3293 449 3355 lium
485 3299 517 3352 et
547 3287 739 3353 contratrum
769 3288 1117 3350 archiconiraternitatis

370 3385 532 3448 Doctrinae
555 3382 745 3446 Christianae
763 3382 796 3442 in
812 3381 893 3442 Urbe
914 3381 1045 3460 praelati
1062 3383 1117 3444 du-

371 3479 446 3540 dum
466 3475 647 3538 auctoritate
667 3473 829 3553 apostolici
850 3482 967 3536 erectae
989 3474 1118 3536 nomine

371 3569 460 3632 uobis
480 3583 572 3646 super
593 3567 650 3629 hoc
672 3566 834 3629 humiliter
861 3567 1009 3645 porrectis
1030 3567 1119 3630 incli-

372 3662 448 3737 nati,
471 3659 701 3723 concessionem
724 3658 989 3734 indulgentiarum
1003 3667 1035 3719 et
1050 3674 1118 3738 pec-

372 3764 512 3818 catorum
543 3753 760 3814 remissionem
791 3750 1118 3830 poenitentiarumque

373 3848 593 3910 relaxationem
624 3845 823 3919 docentibus,
846 3852 878 3905 et
898 3844 1009 3906 adultis
1037 3844 1119 3905 addi-

371 3940 529 4003 scentibus
550 3938 771 4001 catechismum
782 3953 837 4000 seu
852 3936 1023 3998 doctrinam
1038 3937 1119 3998 chri-

371 4034 505 4096 stianam
525 4031 557 4092 in
579 4031 673 4105 Urbe,
691 4030 773 4092 ltalia
794 4046 828 4092 ac
849 4029 961 4091 insulis
981 4030 1120 4096 adiacen-

372 4127 491 4188 tibusa
518 4125 605 4188 uobis
633 4124 761 4198 iactam,
790 4123 869 4184 sicut
894 4123 1117 4200 praemittitur,

373 4219 593 4298 expeditasque
615 4217 747 4293 desuper
769 4215 871 4276 literas
893 4223 1013 4276 nostras
1033 4231 1121 4292 prae-

372 4311 479 4385 dictas,
501 4313 538 4372 ad
559 4310 721 4372 universos
739 4308 954 4370 christifideles
979 4309 1119 4372 ubicum-

373 4420 434 4484 que
455 4404 593 4466 locarum
608 4418 693 4464 nunc
708 4409 738 4464 et
752 4417 808 4480 pro
824 4412 963 4479 tempore
984 4403 1118 4466 existen-

373 4507 436 4572 tes,
467 4497 616 4558 eumdem
650 4495 872 4557 catechismum
907 4495 1119 4560 doctrinamve

373 4589 572 4652 christianam
599 4587 743 4650 similiter
774 4587 918 4650 docentes
943 4595 974 4650 et
999 4590 1118 4652 adultos

374 4682 576 4755 addiscentes,
598 4681 717 4741 servata
745 4683 926 4743 earumdem
957 4681 1118 4746 literarum

375 4785 553 4836 nostrarum
579 4773 677 4835 iormd
698 4783 728 4834 et
753 4774 964 4851 dispositione,
988 4779 1119 4839 auctori·

374 4875 436 4930 tate
451 4865 624 4946 apostolica,
643 4877 749 4930 tenore
763 4869 987 4946 praesentium,
1003 4870 1036 4931 in
1051 4886 1119 4949 per-

374 4969 505 5046 petuum
536 4959 732 5022 extendimus
763 4960 908 5023 similiter
935 4969 966 5024 et
993 4965 1118 5041 amplia-

375 5071 454 5118 mus.
1060 5083 1068 5095 ·

190 5173 356 5223 osmundus
414 5151 433 5225 ὅ
453 5150 482 5210 d.
507 5148 577 5212 Non
592 5151 784 5214 obstantibus
796 5159 902 5214 nostra
917 5153 955 5214 de
970 5168 1033 5214 nou
1048 5171 1120 5216 con·

143 5227 257 5286 “mm
374 5243 518 5307 cedendis
532 5243 736 5321 indulgentiis
747 5247 782 5307 ad
799 5247 895 5308 instar
906 5246 1034 5325 aliisque
1048 5264 1119 5310 con-

373 5337 588 5400 stitutionibus
612 5346 644 5398 et
665 5339 909 5401 ordinationibus
934 5339 1117 5419 apostolicis,

374 5435 547 5513 ceterisque
562 5434 725 5496 contrariis
740 5433 997 5512 quibuscumque.

171 5547 357 5605 suncampus
414 5531 483 5604 §b
507 5524 660 5591 Volumus
684 5535 847 5590 autemut
872 5530 1008 5608 ipsarum
1033 5547 1119 5610 prae-

144 5615 196 5706 3³¹¹?ss
205 5605 356 5652 creaturan-
374 5626 512 5688 sentium
534 5624 696 5688 literarum
716 5625 930 5704 transumptis,
946 5642 1000 5687 seu
1015 5641 1119 5687 exem·

374 5721 444 5800 plis,
467 5719 560 5782 etiam
581 5719 750 5800 impressis,
773 5735 868 5782 manu
889 5719 1018 5782 alicuius
1033 5726 1118 5780 nota·

416 5935 445 5994 (1)
460 5935 497 5980 Ex
511 5936 586 5984 Aren.
601 5939 673 5984 Brea.
776 5947 779 5954 ·

1175 1898 1351 1976 Confirmet
1374 1899 1613 1979 indulgentium
1634 1899 1811 1978 plenarium
1828 1904 1916 1968 oSS.

1213 1991 1251 2054 D.
1280 1991 1320 2054 Ν.
1354 1991 1510 2056 Clemente
1542 1991 1604 2056 PP.
1637 1993 1706 2057 XII.
1741 2011 1919 2059 concessam

1212 2085 1431 2148 missioooriis
1454 2084 1645 2164 Gopecct'bis
1664 2085 1766 2150 Gallis
1789 2090 1824 2150 iu
1845 2105 1919 2167 por·

1214 2178 1301 2242 tibus
1324 2179 1503 2258 infidelium
1525 2179 1753 2252 sciscentibus,
1774 2188 1844 2243 tem
1866 2183 1917 2244 die

1213 2289 1272 2350 qno
1295 2272 1336 2334 od
1365 2273 1434 2349 ipse
1457 2273 1524 2334 teca
1556 2272 1747 2334 missionum
1772 2289 1919 2352 percece-

1212 2367 1294 2436 riot,
1319 2372 1389 2426 tum
1411 2365 1446 2426 in
1467 2365 1610 2428 articulo
1630 2369 1744 2428 mortis
1766 2366 1822 2449 (l).

1367 2533 1553 2617 otenfins
1577 2535 1726 2604 PP.th

1312 2657 1776 2726 mmmmmmm

1214 2833 1400 2896 Caelestiam
1421 2849 1591 2896 munerum
1609 2835 1768 2897 thesauros
1784 2833 1920 2899 libenter
1965 2858 2136 2905 rroosmvum.

1174 2927 1374 3006 impertimur
1405 2927 1453 3001 iis,
1476 2943 1552 3005 quos
1582 2927 1715 2990 salutem
1742 2929 1919 2993 animarum

1172 3030 1204 3082 et
1226 3019 1394 3096 gentilium
1422 3021 1658 3082 couversionem
1687 3035 1852 3100 procurare
1873 3023 1919 3084 iu·

1174 3111 1357 3188 colligimus.

1212 3203 1280 3280 §l
1305 3204 1384 3266 Gom
1416 3204 1538 3283 itaque,
1567 3205 1647 3268 sicut
1676 3207 1806 3270 dilectus
1839 3210 1919 3274 itlius
1973 3231 2149 3279 procuratoris

1173 3297 1369 3360 Cherubinus
1391 3298 1428 3360 de
1449 3295 1562 3372 Neres,
1578 3297 1673 3360 irater
1693 3314 1836 3378 expresse
1850 3319 1920 3381 pro-
1937 3295 2030 3342 pm

1173 3389 1269 3452 lessus
1300 3389 1421 3452 Ordinis
1449 3389 1606 3452 hlinorum
1634 3389 1738 3453 Sancti
1766 3393 1917 3456 Francisci

1174 3481 1420 3561 capuccinorum
1445 3491 1700 3562 nuncupatorum
1721 3485 1753 3547 in
1781 3485 1918 3550 Romani

1174 3575 1265 3639 Curia
1287 3573 1471 3636 missionum
1497 3575 1698 3637 orientalium
1724 3583 1754 3639 et
1779 3580 1917 3642 occiden-

1174 3667 1281 3729 talium
1303 3683 1336 3730 ac
1364 3668 1630 3730 missionariorum
1658 3669 1816 3733 Gallorum
1838 3673 1919 3735 eius·

1173 3762 1244 3823 dem
1256 3759 1377 3823 Ordinis
1388 3767 1578 3840 procurator,
1590 3761 1677 3823 nobis
1690 3779 1789 3842 nuper
1803 3769 1917 3845 exponi

1174 3853 1256 3928 iecit,
1278 3861 1310 3915 et
1336 3853 1467 3916 diversis
1494 3856 1583 3930 regni
1610 3855 1724 3918 Galliae
1749 3859 1918 3935 provinciis

1173 3945 1294 4010 Ordinis
1315 3945 1491 4008 huiusmodi
1514 3946 1618 4024 plures
1639 3948 1775 4025 religiosi
1803 3951 1862 4012 viri
1884 3953 1917 4014 in

1175 4040 1318 4116 gentium
1339 4039 1541 4102 conversione
1562 4040 1697 4102 maxime
1719 4041 1871 4119 laborent,
1887 4054 1919 4106 et

1175 4132 1278 4195 Sancti
1301 4131 1432 4210 Spiritus
1454 4133 1550 4208 gratia
1578 4133 1715 4196 multum
1737 4137 1915 4213 proficiant:

1214 4226 1276 4301 §2
1294 4223 1366 4300 Nos,
1383 4226 1534 4288 eiusmodi
1546 4227 1594 4303 pia
1608 4228 1709 4289 studia
1726 4227 1837 4290 intimo
1853 4246 1918 4292 cor·
1969 4256 2150 4314 mammea,

1174 4319 1220 4380 dis
1241 4317 1352 4380 aflectu
1373 4319 1546 4396 plurimum
1568 4319 1820 4397 complectentes,
1836 4322 1920 4384 illos·
1938 4309 2151 4410 ffissfflhfflW*

1174 4429 1235 4491 que
1248 4411 1428 4490 specialibus
1440 4412 1595 4473 favoribus
1607 4419 1638 4474 et
1654 4413 1759 4488 gratiis
1774 4417 1918 4494 prosequi

1175 4505 1327 4580 volentes
1352 4505 1506 4565 univorsis
1533 4503 1606 4566 dicti
1625 4505 1747 4568 Ordinis
1768 4507 1919 4584 religiosis

1175 4599 1354 4661 earumdem
1382 4597 1613 4675 provinciarum
1640 4597 1766 4673 Galliae,
1789 4600 1843 4677 qui
1864 4615 1919 4679 pro

1175 4691 1289 4754 Christi
1315 4706 1421 4752 amore
1442 4698 1472 4752 et
1493 4690 1686 4753 obedientiae
1714 4691 1827 4753 merito
1848 4707 1937 4760 con-.

1175 4783 1310 4844 versioni
1332 4782 1499 4860 gentilium
1514 4782 1546 4844 in
1563 4781 1706 4861 praelatis
1721 4784 1920 4846 orientalium

1174 4885 1206 4939 et
1226 4871 1463 4939 occidentalium
1489 4877 1627 4955 partibus
1655 4869 1866 4956 procurandae
1887 4893 1920 4938 se

1174 4970 1376 5043 accinxerint,
1389 4969 1438 5031 die
1451 4985 1512 5047 quo
1528 4968 1564 5030 ad
1580 4969 1642 5048 ipsa
1657 4969 1720 5032 loca
1735 4970 1920 5032 missionum

1175 5063 1386 5142 pervenerint,
1406 5063 1431 5123 si
1454 5061 1645 5124 mntesstone
1666 5063 1789 5142 praevia
1803 5077 1919 5124 sacram

1173 5155 1429 5217 communionem
1443 5156 1645 5234 sumpserint,
1655 5171 1777 5217 necnon
1792 5155 1825 5216 iu
1837 5171 1921 5216 mor-

1175 5248 1213 5310 tis
1233 5248 1376 5323 articulo,
1397 5249 1422 5309 si
1444 5249 1571 5310 contriti
1586 5265 1620 5311 ac
1642 5248 1784 5323 confessi,
1797 5265 1830 5309 ac
1848 5263 1920 5310 cum

1174 5345 1329 5422 proposito
1349 5341 1529 5418 confitendi,
1553 5343 1584 5404 in
1607 5343 1720 5405 itinere
1739 5357 1794 5404 seu
1810 5342 1842 5402 in
1857 5343 1920 5419 ipsi

1174 5437 1379 5498 conversione
1389 5435 1586 5511 decesserint,
1596 5435 1766 5515 plenariam
1776 5434 1920 5496 omnium

1174 5535 1370 5606 peccatorum
1397 5545 1528 5592 suorum
1556 5528 1783 5606 indulgentiam
1810 5535 1842 5588 et
1872 5543 1919 5589 re·

1176 5621 1356 5686 missionem
1378 5621 1619 5684 misericorditer
1640 5623 1672 5684 in
1694 5620 1826 5683 Domino
1848 5635 1920 5686 con·

1174 5716 1313 5781 cedimus
1333 5723 1364 5777 et
1386 5715 1566 5794 elargimur.
