4844 6990
352 559 405 614 An.
420 562 450 615 G.
471 561 540 612 1736
590 558 649 620 [180

570 712 626 775 per
646 695 719 756 alios
741 694 904 772 Episcopos
925 698 955 753 et
976 691 1115 753 locorum
1141 687 1316 753 ordinarios

570 789 679 850 similis
700 787 942 866 quaestuationis
964 784 1120 846 facultates
1141 783 1174 844 in
1196 780 1317 858 scriptis

570 883 755 959 acceperint,
778 881 828 942 vel
851 881 886 942 ad
911 880 1003 942 fidem
1019 877 1056 940 de
1072 889 1154 938 novo
1175 873 1318 936 conversi

570 976 702 1037 aliorum
734 973 1001 1035 schismaticorum
1034 970 1112 1031 iram
1135 975 1167 1030 et
1194 966 1317 1029 insidias

571 1068 709 1144 ellugere
728 1066 828 1129 conati
850 1065 924 1138 sint,
937 1065 986 1125 vel
1008 1065 1044 1126 ad
1065 1062 1211 1124 ellectum
1233 1075 1316 1136 repa·

570 1161 657 1222 randi
669 1161 810 1224 ecclesias
824 1160 861 1220 ab
875 1159 1052 1220 infidelibus
1067 1157 1193 1230 dirutas,
1207 1162 1237 1216 et
1252 1168 1315 1214 non

571 1254 762 1316 obstantibus
784 1253 851 1314 aliis
879 1252 1128 1330 quibuscumque
1152 1246 1317 1326 praetexti-

570 1347 626 1408 bus
649 1354 680 1408 et
701 1347 814 1408 causis:
841 1347 935 1406 immo
958 1344 1059 1423 potius
1082 1357 1188 1404 omnes
1210 1349 1241 1401 et
1255 1339 1318 1400 sin·

571 1439 657 1515 gulas
679 1439 782 1500 literas
804 1438 971 1517 patentales
989 1456 1004 1500 a
1020 1449 1217 1515 quocumque
1231 1447 1317 1511 prae-

570 1531 649 1607 sule,
671 1532 766 1593 etiam
791 1532 913 1610 speciali
940 1531 1012 1592 nota
1039 1528 1149 1604 digno,
1173 1535 1203 1588 et
1226 1541 1241 1584 a
1265 1525 1319 1586 tri-

571 1625 736 1687 bunalibus
772 1625 883 1688 Curiae
921 1625 1076 1686 Romanae
1112 1629 1144 1681 et
1178 1619 1317 1680 eiusdem

572 1710 1318 1795 S.CongregationisdeiidePropaganda(dum-

572 1814 662 1878 modo
675 1813 829 1876 contentis
851 1813 883 1872 in
899 1810 1053 1890 praesenti
1069 1811 1191 1870 decreto
1205 1805 1319 1883 specia-

571 1909 643 1970 liter
657 1915 687 1970 et
703 1921 845 1986 expresse
861 1922 923 1966 non
940 1905 1032 1966 luerit
1048 1905 1230 1977 derogatum
1246 1915 1316 1961 curn

571 2002 732 2080 posteriori
755 2001 849 2078 data),
865 1999 967 2060 statim
991 2013 1024 2058 ac
1047 1997 1078 2058 in
1101 2009 1210 2057 eorum
1232 1993 1317 2056 Ordi-

571 2097 730 2158 nariorum
747 2109 858 2154 manus
874 2091 1087 2170 pervenerint,
1100 2089 1134 2150 acl
1149 2087 1179 2150 S.
1193 2089 1230 2148 de
1245 2087 1318 2148 Fide

570 2187 766 2265 Propagandi
790 2185 1070 2261 congregationem
1093 2181 1315 2244 transmittant.

571 2283 610 2344 Et
631 2297 671 2345 ue
692 2288 797 2343 contra
826 2279 1066 2358 praemissorum
1093 2276 1237 2338 omnium
1266 2273 1317 2334 oh-

570 2375 758 2437 servantiam
779 2373 904 2449 allegari
926 2372 1020 2449 possit
1042 2371 1154 2432 lutaris
1172 2367 1317 2447 tempori-

571 2471 627 2532 bus
659 2467 848 2544 ignorantia,
881 2467 988 2526 eadem
1017 2463 1167 2526 Sanctitas
1195 2461 1254 2524 Sua
1280 2460 1318 2522 tle

570 2562 700 2624 consilio
728 2560 909 2620 corumdem
938 2557 969 2620 S.
989 2557 1024 2618 ll.
1046 2557 1081 2618 E.
1106 2552 1317 2618 Cardinalium

571 2655 688 2730 voluit,
712 2663 746 2717 ut
774 2654 847 2714 huic
868 2653 1006 2724 decreto,
1025 2657 1083 2712 aut
1104 2649 1197 2709 etiam
1219 2647 1317 2708 literis

570 2748 606 2809 ad
629 2750 695 2809 eins
717 2748 846 2809 formam
869 2745 1020 2822 expeditis
1034 2759 1090 2804 sou
1106 2741 1315 2818 expediendis,

569 2841 635 2902 sive
655 2841 778 2917 scriptis
797 2841 864 2899 sive
885 2837 1042 2914 impressis
1064 2837 1100 2896 ab
1122 2835 1260 2896 eiusdem
1277 2841 1319 2894 ta-

570 2951 644 2997 men
667 2935 698 2997 S.
723 2931 977 3010 Congregationis
998 2929 1154 2991 Praefecto
1176 2927 1316 3003 signatis

570 3029 737 3105 sigilloque
757 3027 847 3088 solito
868 3024 1014 3098 munitis,
1044 3023 1118 3084 fides
1140 3023 1247 3084 eadem
1268 3019 1318 3082 ad-

571 3121 729 3194 hibeatur,
748 3134 826 3197 quae
842 3118 912 3196 ipsis
927 3115 1129 3193 originalibus
1151 3122 1317 3192 praestare·

571 3221 633 3288 tur,
647 3229 711 3274 non
728 3212 919 3274 obstantibus
933 3210 1193 3288 quibuscumque.
1207 3207 1317 3270 Datum

571 3305 685 3366 Romae
699 3305 747 3366 die
764 3321 805 3364 xv.
819 3303 965 3364 lebruarii
981 3317 1181 3364 nnccxxvn.:
1200 3300 1231 3360 P.
1246 3298 1318 3361 Gar·

571 3397 681 3459 dinelis
696 3399 733 3459 de
744 3396 868 3458 Alteriis
880 3393 1065 3456 Praefectus.
1083 3391 1316 3470 Loco†Sigilli.

572 3491 609 3552 V.
633 3491 748 3553 Gerrus
770 3489 969 3553 secretarius.

357 3692 553 3758 secretaque
613 3679 682 3754 §2
706 3679 749 3740 hc
770 3677 965 3756 postmodum
993 3693 1036 3738 re.
1061 3691 1122 3737 me.
1147 3673 1320 3736 Alexander

343 3747 555 3849 fgssaflfflssvllffi'
574 3774 651 3850 Papa
672 3769 749 3832 Vlll.
773 3771 985 3850 praedecessor
1004 3769 1097 3832 etiam
1120 3775 1227 3830 noster
1248 3783 1319 3846 sup-

574 3863 790 3945 plicationibus
817 3879 872 3941 pro
901 3871 988 3939 parte
1016 3871 1091 3926 tunc
1116 3861 1231 3939 pariter
1257 3861 1321 3921 exi-

573 3959 684 4021 stentis
702 3956 850 4020 bernardi
866 3956 984 4034 losephi
999 3973 1014 4016 a
1030 3957 1096 4018 lesu
1111 3955 1203 4016 diaria
1218 3953 1319 4014 fratris

573 4067 717 4130 expresse
731 4050 858 4125 professi
872 4050 994 4113 Ordinis
1009 4049 1164 4111 llinorum
1181 4047 1212 4110 S.
1226 4049 1319 4110 Frau-

573 4147 644 4210 cisci
666 4147 704 4208 de
725 4145 935 4218 Orservantit,
965 4141 1215 4204 Reformatorum
1239 4156 1319 4202 nun-

574 4246 768 4319 cupatorum,
782 4254 815 4299 ac
836 4235 1039 4298 commissarii
1061 4243 1091 4296 et
1113 4234 1320 4313 procuratoris

575 4333 728 4410 generalis
744 4333 776 4394 iu
791 4329 927 4392 nomana
943 4328 1036 4392 Curia
1052 4329 1163 4389 Terrae
1179 4327 1317 4400 Sanctae,

574 4426 632 4488 sibi
652 4440 745 4503 super
767 4424 824 4484 hoc
846 4423 1007 4484 humiliter
1023 4421 1168 4500 porrectis
1192 4419 1320 4482 inclina·

575 4529 636 4594 tus,
654 4533 791 4596 persnas
806 4517 837 4576 in
852 4515 947 4576 simili
958 4513 1056 4576 lorini
1068 4514 1174 4575 Brevis
1186 4513 1236 4574 die
1251 4529 1318 4574 xxr.

575 4613 707 4674 octobris
729 4625 848 4672 nocxc.
872 4608 1027 4686 expeditas
1049 4606 1151 4668 literas
1173 4607 1255 4668 idem
1271 4611 1320 4668 de-

575 4713 708 4778 cretum,
736 4711 799 4765 toto
824 4703 908 4764 illius
931 4707 1046 4763 tenore·
1064 4701 1191 4774 inserto,
1214 4717 1322 4779 appro-

575 4798 659 4859 bavit
680 4807 711 4859 et
726 4795 934 4868 confirmavit,
958 4810 990 4854 ac
1004 4793 1081 4854 alius
1097 4803 1188 4870 prout
1204 4795 1235 4856 in
1251 4793 1320 4856 nle-

574 4891 685 4954 xandri
706 4887 943 4968 praedecessoris
965 4886 1064 4948 literis
1086 4887 1228 4964 praelatis
1247 4887 1322 4950 uhe-

574 4986 641 5046 rius
662 4984 852 5046 continetur.

615 5077 683 5152 §lt
709 5077 787 5140 Cum
819 5083 923 5138 autem
944 5075 981 5136 ad
1009 5074 1202 5154 Apostolatus
1223 5076 1320 5137 nostri

575 5172 719 5234 notitiam
734 5168 925 5247 pervenerit,
938 5185 1001 5230 uon
1016 5169 1122 5230 deesse
1136 5169 1217 5230 hisce
1228 5169 1322 5230 etiarn

575 5265 767 5340 temporibus
788 5261 919 5324 Graecos
940 5261 1160 5336 schismaticos,
1177 5261 1230 5338 qui
1250 5261 1321 5322 sub·

575 5359 650 5420 dolis
664 5357 781 5419 artibus
795 5374 828 5418 ac
843 5356 1003 5417 ementitis
1019 5356 1228 5433 praetextibus
1242 5356 1322 5416 cbri-

574 5453 754 5514 stilidelium
772 5451 920 5530 pietatem
934 5449 1216 5512 circumvenientes
1230 5450 1262 5510 in
1278 5450 1322 5509 di·

575 5545 673 5606 versis
693 5543 849 5606 catholicis
871 5543 1050 5619 regionibus
1072 5544 1216 5619 pecunias
1231 5560 1323 5620 quao-

574 5647 677 5700 stuare
697 5653 752 5698 seu
778 5636 990 5714 eleemosynas
1021 5636 1168 5712 colligere
1199 5651 1322 5712 praesu-

577 5741 678 5806 munt,
696 5733 794 5810 iisque
816 5733 853 5794 ad
875 5747 983 5793 eorum
1004 5731 1135 5793 schisma
1158 5730 1321 5793 confoven-

574 5826 649 5887 dum
665 5841 848 5904 erroresque
859 5825 1046 5904 pertinacius
1062 5825 1252 5901 retinendos,
1266 5841 1322 5888 nec

576 5936 640 5981 non
662 5919 696 5980 ad
719 5921 815 6000 ipsius
836 5936 929 5982 verae
956 5919 1027 5982 tidei
1049 5928 1079 5981 et
1100 5919 1322 5981 catholicorum

358 5102 453 5146 lterum
469 5099 557 5146 condr-

345 5158 400 5201 mat
414 5153 534 5200 Clemens.

1093 571 1156 615 lUll.
1182 569 1273 614 honr.
1298 568 1338 612 DE
1361 567 1389 612 1⁸.
1413 567 1442 612 F.
1467 566 1549 612 t‘nns
1573 566 1592 610 l.

2152 541 2212 594 An.
2227 543 2259 594 C.
2279 543 2335 595 titt

1374 686 1544 764 perniciem
1559 693 1667 750 contra
1682 689 1866 751 eorumdem
1879 687 2019 750 bdelium
2034 703 2123 749 men-

1376 790 1438 842 tem
1461 797 1494 841 ac
1516 780 1723 843 intentionem
1753 783 1899 859 nequiter
1926 781 2119 854 abutuntur;

1375 875 1446 936 hinc
1467 883 1528 950 est,
1552 874 1633 953 quod
1657 892 1713 937 nos
1743 876 1872 938 hrmiori
1896 875 2010 938 decreti
2033 881 2064 936 et
2085 874 2121 935 li·

1375 976 1513 1030 terarum
1535 969 1741 1046 praelatarum
1767 969 1943 1031 executioni
1965 977 1997 1030 et
2018 968 2122 1031 obser-

1374 1062 1502 1136 vationi,
1525 1071 1678 1140 quantum
1700 1078 1769 1124 cum
1793 1063 1924 1123 Domino
1946 1077 2120 1140 possumus,

1374 1155 1567 1234 prospicere,
1589 1156 1746 1235 simulque
1778 1158 1934 1218 damnatas
1960 1161 2123 1233 quaestua-

1374 1249 1474 1310 tiones
1495 1265 1549 1310 seu
1571 1249 1841 1326 eleemosynarum
1859 1248 1999 1310 collectas
2015 1247 2122 1310 huius·

1375 1343 1457 1404 modi
1492 1343 1644 1420 impedire
1675 1359 1709 1405 ac
1742 1343 1931 1421 proscribere
1962 1341 2119 1416 volentes,

1375 1443 1464 1498 motu
1485 1436 1620 1514 proprio,
1643 1453 1676 1498 ac
1697 1453 1736 1496 ex
1757 1437 1840 1498 certa
1860 1434 1988 1498 scientia
2005 1442 2037 1497 et
2057 1450 2123 1495 ma·

1374 1529 1441 1589 turt
1454 1527 1676 1590 deliberatione
1691 1527 1816 1602 nostris,
1830 1529 1929 1606 deque
1940 1527 2122 1605 apostolicae

1375 1622 1532 1698 potestatis
1547 1621 1753 1698 plenitudine,
1767 1621 1994 1698 praeinsertum
2016 1619 2121 1681 decre-

1375 1721 1441 1776 tum
1457 1714 1494 1774 ab
1508 1714 1688 1776 innocentio
1704 1722 1894 1788 emanatum,
1911 1713 2122 1792 praelatusque

1375 1807 1477 1868 literas
1498 1823 1591 1885 super
1612 1809 1752 1872 ciusdem
1768 1807 1882 1870 decreti
1904 1805 2122 1885 approbatione

1374 1907 1404 1960 et
1425 1899 1659 1962 confirmatione
1682 1901 1719 1962 ah
1744 1900 1920 1962 Alexandro
1944 1901 2122 1978 praedeces-

1373 1991 2122 2072 soribuseditas,sicutpraemittitur,cumomni-

1375 2084 1431 2146 bus
1453 2091 1482 2144 et
1504 2085 1635 2161 singulis
1658 2085 1689 2148 in
1705 2086 1748 2146 eis
1770 2086 1941 2164 respective
1963 2085 2121 2148 cuntentis

1374 2177 1485 2238 harum
1507 2178 1587 2238 serie
1609 2178 1811 2256 approbamus
1826 2193 1948 2256 quoqne
1964 2184 1995 2240 et
2009 2178 2121 2240 condr-

1374 2285 1495 2332 mamus
1516 2287 1549 2332 ac
1570 2271 1769 2346 innovamus,
1790 2271 1912 2348 illisque
1935 2270 2121 2333 inviolabilis

1374 2363 1555 2442 apostolicae
1578 2364 1732 2426 firmitatis
1754 2365 1860 2439 robur,
1884 2365 1948 2424 vim
1971 2370 2001 2425 et
2023 2356 2122 2426 effica-¹

1374 2457 1452 2518 ciam
1474 2458 1683 2534 adiungimus.

1414 2549 1482 2624 §ln
1506 2551 1666 2614 Praeterea
1688 2552 1804 2614 eisdem
1826 2553 1856 2616 S.
1872 2553 1907 2614 R.
1923 2553 1957 2614 ll.
1976 2551 2133 2616 Cardine,
2186 2565 2345 2619 curensem.

2140 2630 2195 2676 que
2220 2620 2346 2672 tcgattset

1374 2644 1464 2718 libus,
1488 2646 1581 2707 etiam
1604 2647 1641 2707 de
1663 2645 1758 2706 latere
1779 2645 2119 2722 Legatis,Patriarchis,
2141 2673 2254 2718 nuncin
2289 2675 2346 2729 A„
2407 2655 2408 2694 ρ

1374 2737 1628 2817 hrclriepiscopis,
1653 2740 1829 2818 Episcopis,
1852 2743 2012 2820 dictaeque
2034 2740 2120 2803 Sedis
2140 2725 2245 2772 ⁸1⁰¹¹⁶¹⁵
2267 2736 2295 2772 ³⁰
2314 2730 2347 2772 ¹³⁶·
2407 2755 2408 2814 3

1374 2828 1514 2906 Nunciis,
1536 2832 1703 2895 Abbatibus
1729 2850 1763 2894 ac
1785 2835 1924 2898 locorum
1952 2833 2121 2899 Ordinariis
2141 2833 2207 2879 xatas
2225 2834 2348 2878 commun
2407 2835 2408 2838 ’

2141 2780 2282 2826 etesiarum
2297 2781 2348 2824 ere

2142 2892 2196 2942 tur,
2205 2887 2296 2932 Graecis
2305 2898 2346 2931 nou

1374 2925 1633 3003 quibuscumque,
1651 2928 1683 2988 in
1698 2927 1815 2991 virtute
1835 2936 1957 2990 sauctae
1978 2927 2121 2990 obedien·
2141 2939 2347 3050 ffixgrgaesqffi

1375 3019 1443 3091 tiae,
1466 3035 1500 3080 ac
1520 3018 1578 3080 sub
1598 3020 1707 3098 poenis
1728 3029 1833 3081 nostro
1854 3037 1887 3083 ac
1908 3021 2121 3082 Romanorum
2142 3058 2204 3092 nam
2238 3057 2250 3092 s
2269 3053 2348 3092 ecran—
2407 3037 2408 3084 t

1374 3111 1557 3175 Pontificum
1573 3129 1786 3176 successorum
1802 3122 1980 3176 nostrorum
1995 3102 2122 3176 arbitrio
2141 3101 2349 3210 {tguffissffll

1375 3205 1550 3280 reservatis,
1574 3214 1672 3282 motu,
1689 3207 1816 3269 scientia
1837 3225 1870 3268 ac
1887 3208 2045 3286 potestatis
2061 3207 2124 3285 ple·
2141 3208 2208 3256 snas
2223 3207 2335 3254 ecnnere.
2407 3213 2408 3256 t

1375 3297 1519 3359 nitudine
1542 3299 1665 3375 paribus
1688 3310 1796 3362 tenore
1812 3301 2021 3378 praesentium
2037 3315 2123 3379 prae·

1375 3391 1505 3469 cipimus
1528 3399 1558 3452 et
1579 3391 1773 3468 mandamns,
1798 3401 1832 3455 ut
1854 3409 1917 3456 non
1939 3394 2041 3456 solum
2057 3411 2124 3456 om·

1376 3500 1430 3546 nes
1452 3493 1484 3546 et
1498 3484 1635 3561 singulas
1652 3486 1766 3562 literas,
1783 3495 1934 3565 patentes,
1951 3488 2122 3564 facultates,

1376 3579 1524 3652 licentias,
1537 3579 1702 3658 scripturas
1718 3589 1748 3642 et
1764 3583 1949 3643 documenta
1963 3590 2125 3660 quaestua-

1377 3673 1495 3732 tionem
1517 3687 1571 3732 seu
1593 3673 1753 3734 collectam
1775 3673 2045 3752 eleemosynarum
2067 3677 2125 3738 hu-

1377 3764 1509 3826 iusmodi
1531 3767 1748 3842 quoquomodo
1775 3768 2011 3843 concernentia,
2045 3785 2124 3846 quae

1376 3854 1505 3916 Graecos
1537 3857 1688 3934 praelatos
1718 3859 1831 3921 hahere
1863 3877 1895 3922 ac
1923 3861 2125 3924 circumferre

1376 3953 1593 4027 compererint,
1606 3952 1662 4014 sibi
1680 3955 1756 4015 tradi
1772 3969 1805 4014 ac
1820 3955 1995 4030 consignari
2011 3954 2124 4018 iaciant

1376 4055 1406 4108 et
1427 4047 1461 4106 ad
1485 4054 1689 4108 memoratam
1717 4047 1998 4124 congregationem
2020 4047 2126 4110 Cardi-

1377 4141 1496 4202 nalium
1519 4140 1654 4216 negociis
1668 4139 1882 4218 Propagandae
1898 4141 1981 4203 Fidei
1997 4157 2124 4220 praepo-

1376 4235 1507 4296 sitorum
1524 4234 1746 4307 transmittant,
1765 4241 1798 4295 ut
1814 4234 1999 4312 praefertur,
2013 4249 2124 4296 verum

1377 4343 1501 4389 omnem
1518 4341 1642 4405 quoque
1660 4327 1818 4404 pecuniam
1830 4342 1884 4388 seu
1897 4327 2121 4406 eleemosynas,

1377 4438 1450 4500 quas
1472 4419 1595 4481 eosdem
1614 4419 1743 4482 Graecos
1755 4435 1793 4481 ex
1808 4420 1950 4482 enarrata
1965 4431 2126 4498 quaestua-

1379 4515 1462 4576 tione
1472 4513 1538 4574 sive
1549 4513 1674 4575 collecti
1686 4512 1956 4590 eleemosynarum
1971 4515 2125 4592 accepisse

1377 4605 1650 4685 deprehenderint,
1673 4606 1737 4665 sive
1764 4621 1857 4684 penes
1880 4607 1960 4683 ipsos
1981 4605 2124 4681 Graecos,

1377 4701 1442 4760 sive
1463 4715 1557 4778 penes
1578 4699 1650 4759 alias
1672 4699 1895 4777 cuiuscumque
1917 4699 2044 4775 gradus,
2067 4708 2125 4762 sta·

1380 4801 1427 4854 tus
1449 4802 1479 4854 et
1501 4791 1686 4854 conditionis
1708 4807 1863 4869 personas,
1887 4793 1982 4854 etiam
2004 4793 2037 4854 in
2064 4792 2124 4854 lor·

1378 4887 1428 4948 mal
1457 4886 1601 4964 depositi,
1635 4885 1809 4959 extiterint,
1831 4886 1935 4948 statim
1962 4894 2124 4964 sequestro

1378 4989 1553 5059 supponant
1574 4995 1622 5053 ac,
1646 4986 1763 5057 quanto
1791 4979 1882 5040 citius
1908 4979 1976 5040 fieri
1998 4979 2123 5057 poterit,

1379 5074 1461 5136 mitti
1483 5073 1599 5150 pariter
1620 5081 1731 5134 curent
1753 5072 1788 5134 ad
1815 5071 2022 5149 supradictam
2045 5075 2126 5138 hon·

1379 5169 1592 5244 gregationem
1620 5165 1845 5239 Cardinalium,
1869 5183 1884 5225 a
1906 5178 1968 5243 qua
1991 5175 2127 5244 postmo-

1378 5263 1452 5323 durn
1474 5261 1603 5338 pecunia
1621 5277 1676 5320 seu
1691 5260 1904 5337 eleemosynae
1927 5259 2078 5336 praelatae
2092 5261 2125 5322 iu

1378 5354 1574 5416 commodum
1587 5353 1797 5416 etutilitatem
1810 5353 2125 5430 propagationiseius-

1378 5450 1446 5510 dem
1464 5447 1535 5508 hdei
1557 5447 1722 5508 catholicae
1737 5445 1823 5508 iuxta
1839 5446 1934 5524 ipsius
1950 5447 2126 5523 Congrege-

1378 5543 1471 5604 tionis
1486 5557 1607 5603 morem
1622 5551 1653 5602 et
1668 5543 1859 5616 institutum,
1876 5548 1907 5602 et
1923 5556 1987 5602 nou
2003 5541 2036 5602 in
2051 5541 2125 5602 alios

1378 5653 1468 5710 usus,
1493 5637 1614 5713 integre
1635 5642 1861 5698 convertantur
1881 5642 1913 5697 et
1933 5642 2116 5711 erogentur.

1417 5731 1485 5805 ᾖξ’).
1509 5731 1725 5806 Deceruentes,
1747 5729 1869 5792 easdem
1891 5737 2066 5806 praesentes
2090 5729 2125 5789 li·
2145 5727 2344 5844 mgffiignffp
2407 5731 2408 5794 l

1379 5831 1456 5884 teras
1471 5839 1594 5900 semper
1609 5824 1723 5898 sirmas,
1736 5823 1852 5885 validas
1867 5831 1898 5884 et
1912 5821 2047 5884 efficaces
2062 5839 2125 5883 ext·
2145 5850 2231 5898 mm,

1376 5927 1458 5979 sterc
1480 5925 1511 5979 et
1533 5916 1609 5991 lore,
1625 5933 1759 5994 suosque
1774 5917 1927 5996 plenarios
1942 5921 1973 5976 et
1989 5916 2125 5994 integros
