4848 6990
337 562 390 616 An·
405 565 435 618 ⁰·
458 563 526 618 1⁶88
578 563 635 630 tlt
1075 586 1141 633 ron.
1164 583 1256 631 nour.
1279 583 1320 630 nu
1341 581 1370 630 r.
1394 581 1424 630 n.
1448 582 1530 632 rans
1552 582 1573 630 1.
1692 537 1696 544 ⁵
2132 565 2233 622 Aac.
2254 567 2328 621 1e88

554 700 637 764 Urbe
667 700 819 765 celebrato
850 703 887 766 de
918 719 999 766 anno
1030 719 1215 767 noonxxxv.
1244 719 1299 782 per
1352 707 1416 764 tate
1435 699 1493 764 alia
1519 701 1683 777 roboratis,
1708 701 1832 766 statutis
1852 709 1884 766 et
1905 702 2102 768 consuetudi·

552 793 636 856 aliud
656 795 816 858 decretum
842 795 958 860 ibidem
988 795 1108 860 editum
1128 797 1187 860 sub
1206 796 1298 860 titulo
1353 795 1456 871 nibus,
1482 795 1654 875 privilegiis
1682 813 1817 875 quoque,
1843 796 1974 860 indultis
2000 805 2031 860 et
2052 797 2101 860 lit·

552 903 607 966 pro
628 888 784 950 llexicana
810 890 969 968 provincia
989 891 1048 952 sub
1069 907 1101 952 n.
1124 905 1156 950 x.
1180 890 1298 952 tenoris
1352 890 1427 952 teris
1447 889 1620 968 apostolicis
1644 889 1677 950 in
1699 889 1890 954 contrarium
1921 891 2101 969 praemisso·

551 980 605 1058 qui
615 981 771 1060 sequitur:
786 983 1298 1046 sinnovaturetcontirmaturde·
1352 998 1426 1044 rum
1452 982 1683 1060 quomodolibet
1713 983 1882 1058 concessis,
1910 983 2100 1046 confirmatis

550 1081 672 1137 cretum
692 1076 944 1140 reverendissimi
964 1077 1070 1141 Olivae
1084 1083 1191 1140 contra
1205 1091 1298 1138 usum
1352 1083 1384 1137 et
1405 1076 1579 1152 innovatis;
1602 1075 1714 1153 quibus
1735 1076 1881 1138 omnibus
1903 1085 1934 1140 et
1953 1075 2098 1153 singulis,

550 1165 634 1243 pallii
655 1174 685 1230 et
707 1169 803 1244 galeri
824 1170 856 1232 iu
886 1170 1043 1232 llexicana
1066 1177 1099 1232 et
1126 1169 1298 1232 llecboaca·
1351 1167 1479 1230 illorum
1500 1175 1623 1230 tenores
1644 1169 1858 1247 praesentibus
1879 1185 1936 1248 pro
1957 1169 2048 1249 plene
2068 1177 2100 1232 et

550 1260 641 1321 nensi
661 1262 830 1340 provinciis
843 1281 873 1323 a.
1351 1261 1542 1324 sufficienter
1565 1263 1716 1340 expressis
1743 1277 1777 1324 ac
1797 1261 1835 1324 de
1855 1262 1951 1324 verbo
1971 1262 2009 1324 ad
2030 1277 2098 1326 vcr-

319 1344 533 1447 maffgpffifflgig
590 1353 658 1428 52.
683 1355 762 1417 Cum
782 1364 898 1432 autem,
918 1357 998 1420 sicut
1019 1358 1126 1420 eadem
1148 1355 1296 1436 expositio
1351 1354 1426 1417 bum
1458 1355 1580 1416 insertis
1611 1354 1771 1429 babentes,
1801 1354 1862 1416 illis
1893 1354 1967 1417 allas
1988 1355 2021 1417 in
2042 1371 2098 1418 suo

320 1456 453 1497 arctorum.
548 1445 773 1524 subiungebat,
809 1449 992 1512 eorumdem
1026 1449 1223 1512 decretorum
1244 1448 1297 1510 ob·
1351 1445 1461 1508 robore
1488 1448 1698 1526 permansuris
1726 1450 1763 1510 ad
1791 1447 2031 1526 praemissorum
2056 1449 2099 1510 el·

547 1541 757 1604 servantiam
780 1543 941 1628 praedictis
954 1543 1123 1622 provinciis
1136 1542 1297 1620 bucusque
1351 1539 1479 1616 lectum,
1506 1543 1561 1604 bac
1582 1542 1649 1604 vice
1676 1543 1847 1616 dumtaxat,
1869 1542 2044 1619 specialiter
2067 1549 2098 1604 et

548 1631 689 1708 neglecta
708 1633 814 1709 luerit,
837 1643 868 1697 et
888 1637 927 1698 de
947 1636 1102 1713 praesenti
1127 1635 1221 1696 etiam
1242 1649 1296 1696 ne·
1349 1649 1493 1712 expresse
1517 1635 1716 1711 derogamus;
1742 1635 1916 1713 ceterisque
1937 1635 2099 1697 contrariis

548 1723 695 1802 giigatur,
717 1727 848 1808 ideoque
869 1729 952 1792 idem
973 1727 1166 1807 supradictus
1187 1743 1297 1806 procu·
1349 1725 1608 1806 quibuscumque.

547 1825 631 1881 rator
652 1821 816 1897 generalis,
831 1836 893 1901 quo
914 1822 966 1884 illa
989 1823 1109 1884 firmius
1128 1821 1296 1883 subsistant
1390 1821 1458 1897 §tt
1483 1819 1634 1886 Volumus
1649 1829 1755 1886 autem
1769 1831 1804 1886 ut
1817 1824 1998 1886 earumdem
2012 1837 2097 1902 prae·
2115 1888 2128 1924 s
2149 1824 2237 1926 gignes
2258 1830 2339 1872 tran-

548 1918 579 1973 et
594 1921 761 1976 serventur
775 1916 921 1992 exactius,
938 1916 1119 1995 apostolicae
1133 1915 1297 1978 confirma·
1349 1917 1487 1979 sentium
1504 1916 1680 1980 litterarum
1695 1918 1909 1995 transumptis,
1924 1933 1980 1980 seu
1993 1931 2098 1980 exem·
2129 1888 2147 1926 ¹¹
2175 1885 2192 1936 ¹³
2222 1890 2290 1927 ‘¹¹¹⁰'

547 2004 640 2066 tionis
660 2015 784 2069 nostrae
803 2009 973 2088 patrocinio
1000 2009 1190 2071 communiri
1211 2025 1296 2071 sum·
1349 2009 1420 2088 plis,
1443 2010 1534 2072 ctiam
1557 2009 1725 2088 impressis,
1747 2025 1843 2072 manu
1864 2009 1994 2072 alicuius
2012 2017 2098 2072 nota·

546 2113 673 2177 mopere
700 2101 869 2164 desideret:
899 2119 967 2178 nos,
996 2102 1062 2165 eius
1084 2103 1164 2164 votis
1186 2103 1294 2165 bacin
1349 2102 1387 2163 rii
1409 2101 1523 2180 publici
1548 2103 1740 2182 subscriptis,
1766 2111 1798 2166 et
1818 2103 1921 2180 sigillo
1948 2117 2099 2182 personae

546 2207 591 2267 re,
614 2202 770 2272 quantum
801 2212 874 2258 cum
902 2196 1035 2258 Domino
1055 2211 1230 2274 possumus,
1252 2195 1294 2257 la·
1348 2195 1382 2258 in
1404 2196 1603 2259 ecclesiastica
1624 2196 1774 2273 dignitate
1795 2197 1980 2260 constitutae
1993 2197 2098 2260 muni·

545 2285 725 2348 vorabiliter
749 2303 891 2350 annuere
916 2288 1069 2363 volentes,
1092 2289 1256 2368 ipsumque
1278 2306 1294 2349 a
1350 2288 1398 2362 tis,
1421 2288 1527 2352 eadem
1558 2305 1683 2368 prorsus
1714 2289 1789 2352 fides
1820 2289 1937 2368 ubique
1957 2288 2097 2352 locorum

544 2378 705 2456 quibusvis
725 2380 1065 2456 excommunicationis,
1083 2381 1293 2461 suspensionis
1347 2382 1459 2443 tamin
1481 2382 1594 2445 iudicio
1614 2398 1708 2462 quam
1729 2389 1815 2446 extra
1837 2381 1915 2446 illud
1935 2383 2095 2457 habeatur,

543 2479 575 2532 ot
597 2470 766 2548 interdicti,
788 2473 918 2552 aliisque
937 2473 1148 2537 ecclesiasticis
1168 2481 1294 2537 senten·
1348 2491 1426 2552 quae
1448 2475 1520 2554 ipsis
1540 2476 1751 2554 praesentibus
1772 2474 1939 2538 baberetur
1953 2476 1979 2536 si
1993 2474 2097 2537 lorent

543 2563 605 2638 tiis,
627 2567 767 2628 censuris
788 2574 820 2629 et
841 2568 959 2645 poenis,
983 2583 999 2627 a
1021 2568 1089 2630 iure
1110 2568 1161 2630 vel
1181 2569 1218 2630 ab
1238 2569 1293 2629 bo·
1346 2568 1503 2630 exhibitae
1521 2568 1573 2630 vel
1593 2573 1746 2631 ostensae.

543 2656 640 2733 mine,
666 2659 774 2738 quavis
799 2661 958 2722 occasione
982 2661 1032 2723 vel
1054 2663 1143 2724 causa
1165 2660 1244 2735 latis,
1267 2661 1293 2722 si
1387 2661 1499 2724 Datum
1513 2661 1638 2740 Romae,
1651 2662 1732 2740 apud
1747 2662 1921 2726 Saliariam
1936 2663 2095 2738 llaiorem,

542 2749 654 2828 quibus
678 2751 909 2830 quomodolibet
930 2753 1097 2818 innodatus
1117 2755 1233 2829 existit,
1255 2755 1290 2816 ad
1346 2754 1404 2816 sub
1424 2753 1541 2816 annulo
1562 2755 1734 2830 Piscatoris,
1760 2756 1811 2818 die
1835 2771 1936 2818 xxvn.
1964 2756 2096 2818 ianuarii

542 2842 688 2906 ellectum
702 2846 914 2924 praesentium
929 2847 1087 2910 dumtaxat
1102 2861 1293 2925 consequen·
1347 2861 1583 2922 noemmin,
1606 2847 1802 2927 pontificatus
1822 2849 1922 2912 nostri
1937 2863 2019 2912 anno
2034 2864 2092 2910 xu.

542 2936 630 3011 dum,
644 2937 757 3000 barum
769 2939 849 3000 serie
863 2938 1056 3002 absolventes
1071 2947 1102 3001 et
1116 2939 1292 3002 absolutum

542 3027 609 3091 lore
635 3039 813 3106 censentes,
842 3031 1118 3111 supplicationibus
1144 3034 1210 3096 eius
1236 3048 1293 3094 no-

542 3122 630 3186 mine
650 3125 738 3186 nobis
758 3141 851 3205 super
871 3126 929 3189 boc
960 3125 1123 3190 humiliter
1142 3127 1291 3204 porrectis
1652 3133 1781 3198 llllllV.

543 3215 695 3292 inclinati,
717 3219 907 3296 praeinserta
931 3219 1052 3283 decreta
1074 3227 1104 3282 et
1126 3221 1292 3296 ordinatio

544 3325 610 3384 nes,
632 3312 816 3374 auctoritate
832 3313 1007 3391 apostolici,
1024 3321 1133 3376 tenore
1147 3329 1291 3392 praesen·
1348 3317 1523 3398 Confirmat
1545 3320 1704 3383 decretum
1727 3320 1915 3384 Gordioolis
1939 3323 2093 3398 protecto·

541 3401 635 3477 tium,
667 3405 889 3468 confirmamus
910 3413 941 3468 et
968 3408 1181 3486 approbamus,
1214 3407 1290 3469 illis·
1385 3413 1432 3473 ris
1457 3413 1588 3475 Ordinis
1610 3415 1876 3478 Praedicatorttm
1903 3414 1991 3475 circo
2013 3413 2094 3476 orsi-

542 3511 603 3574 que
624 3497 811 3560 inviolabilis
830 3500 1012 3578 apostolicae
1026 3501 1181 3563 firmitatis
1195 3501 1290 3564 robur
1384 3507 1567 3585 prationem
1592 3507 1672 3570 dotis
1699 3523 1757 3586 pro
1789 3507 2003 3570 Uolucrritotc
2022 3513 2091 3584 ctu-

541 3587 714 3665 adiicimus,
735 3609 769 3652 ac
796 3607 905 3654 omnes
932 3601 964 3656 et
988 3594 1129 3670 singulos
1160 3593 1238 3656 iuris
1258 3601 1290 3656 et
1384 3599 1513 3662 diorum
1541 3601 1572 3664 S.
1599 3601 1797 3664 Fordirtoadi
1818 3601 1855 3662 io
1882 3599 1985 3664 indiis
2013 3599 2092 3662 occi·

541 3681 612 3744 lacti
634 3681 782 3759 delectus,
797 3685 823 3746 si
845 3686 898 3764 qui
913 3688 1044 3766 desuper
1058 3687 1289 3765 quomodolibet
1384 3691 1566 3756 dentalibus
1588 3693 1644 3774 (l).

540 3774 783 3853 intervenerint,
805 3780 997 3858 supplemus.

350 3861 494 3910 clausurae.
540 3893 542 3900 ,
579 3867 599 3943 ἓ
619 3869 648 3931 3.
672 3869 881 3934 Decernentes
905 3873 1094 3952 praeinserta
1115 3875 1237 3936 decreta
1256 3881 1288 3937 et
1513 3864 1767 3933 tuttocettttus
1791 3865 1850 3933 ΡΡ.
1876 3865 1922 3932 ΧΙ.

540 3963 762 4040 ordinationes,
778 3981 812 4026 ac
831 3967 953 4029 easdem
975 3973 1151 4046 praesentes
1170 3967 1288 4029 litteras
1481 3989 1518 4054 ad
1539 3987 1670 4055 puppam
1693 3988 1736 4054 per
1767 3987 1948 4055 memoriam,

538 4074 663 4138 semper
682 4060 799 4135 firmas,
815 4059 930 4123 validas
951 4067 983 4122 et
1002 4059 1137 4123 efficaces
1153 4061 1287 4123 existere

539 4157 570 4213 et
596 4152 673 4227 lore,
695 4169 829 4232 suosque
856 4153 1011 4232 plenarios
1033 4160 1064 4214 et
1086 4154 1224 4229 integros
1245 4153 1288 4215 el·
1381 4161 1440 4236 gl.
1454 4160 1572 4242 Nuper,
1585 4180 1639 4243 pro
1651 4171 1737 4243 parte
1748 4162 1851 4226 dilecti
1863 4163 1919 4227 lilii
1930 4163 2038 4240 Ignatii
2051 4164 2089 4227 (le
2126 4167 2266 4214 reuocare
2281 4179 2329 4216 ex-

538 4244 637 4308 lectus
654 4246 759 4307 sortiri
784 4254 815 4306 et
833 4246 984 4322 obtinere,
1004 4263 1038 4308 ac
1058 4247 1129 4321 illis,
1152 4247 1189 4308 ad
1210 4263 1286 4326 quos
1340 4254 1489 4328 Qucssaqa
1511 4258 1681 4320 connitaris
1697 4265 1728 4319 ec
1742 4257 1949 4336 procuratoris
1964 4257 2090 4336 provin·
2107 4221 2208 4275 ⁹⁰⁵¹‘'⁰'

538 4345 653 4416 spectat
674 4345 705 4400 et
726 4355 782 4417 pro
804 4347 943 4418 tempore
963 4339 1123 4418 spectabit,
1139 4341 1172 4401 in
1187 4340 1286 4402 omni·
1340 4349 1404 4409 ciae
1426 4349 1456 4411 S.
1481 4349 1663 4412 Gatlrarinae
1684 4351 1815 4428 virginis
1838 4357 1868 4412 et
1890 4351 2035 4428 martyris
2050 4349 2088 4412 de

538 4430 596 4491 bus
616 4437 649 4492 et
668 4448 723 4510 per
743 4433 846 4493 omnia
866 4431 1048 4511 plenissime
1067 4433 1239 4510 suffragari,
1255 4441 1286 4494 ct
1339 4441 1430 4516 Ouito
1449 4443 1482 4504 in
1498 4443 1591 4505 lndiis
1605 4443 1849 4506 Occidentalibus
1864 4443 1985 4506 Ordinis
1999 4443 2089 4506 Prae-

538 4523 576 4584 ab
597 4523 658 4586 illis
689 4527 871 4604 respective,
894 4526 952 4588 sub
981 4527 1087 4604 poenis
1114 4527 1147 4588 in
1168 4527 1286 4590 eisdem
1339 4535 1512 4598 dicatorum
1527 4537 1559 4598 in
1574 4537 1657 4598 sacrat
1672 4536 1824 4614 theologia
1839 4537 1992 4614 magistri,
2009 4539 2089 4600 Con·

537 4615 670 4678 decretis
690 4627 797 4680 contra
818 4627 1060 4695 transgressores
1081 4621 1219 4697 inllictis,
1238 4623 1285 4684 in·
1340 4630 1514 4706 gregationi
1528 4629 1753 4691 venerabilium
1765 4631 1898 4692 fratrum
1910 4639 2088 4694 nostrorum

536 4711 726 4780 violabiliter
746 4713 915 4789 observari,
937 4715 1042 4794 sicque
1062 4714 1095 4774 in
1111 4716 1286 4793 praemissis
1341 4721 1372 4782 S.
1395 4720 1430 4781 ll.
1449 4721 1483 4782 lt.
1508 4721 1719 4783 Cardinallum
1741 4721 1873 4798 negotiis
1889 4727 1919 4782 et
1934 4720 2087 4783 consulta·

537 4821 593 4883 per
616 4822 829 4885 quoscumque
855 4807 970 4869 iudices
991 4809 1161 4871 ordinarios
1183 4817 1213 4870 et
1234 4811 1286 4872 de·
1339 4813 1475 4875 tionibus
1497 4813 1720 4893 Episcoporum
1737 4821 1769 4876 et
1783 4814 1986 4892 Regularium
2000 4831 2086 4893 prae-

537 4897 669 4974 legatos,
695 4899 789 4960 etiam
814 4917 975 4963 causarum
1000 4901 1102 4980 palatii
1128 4901 1284 4980 apostolici
1339 4906 1454 4982 positae
1486 4907 1635 4985 exposito,
1668 4909 1749 4986 quod
1777 4907 1863 4986 (cum
1893 4907 1980 4969 nobis
2001 4906 2084 4980 alias,

537 4988 707 5064 auditores,
740 4989 868 5052 iudicari
898 4997 928 5051 et
954 4991 1077 5053 definiri
1101 4991 1228 5067 debere,
1251 5009 1285 5054 ac
1339 5013 1452 5076 nempe
1482 5015 1564 5061 anno
1592 5000 2086 5080 unccxxx1.,proparteipsius

537 5081 661 5144 irritum
683 5091 714 5144 et
735 5082 829 5143 inane
849 5083 875 5144 si
895 5101 982 5146 secus
1002 5099 1096 5161 super
1115 5085 1163 5145 bis
1178 5101 1194 5144 a
1209 5101 1284 5163 quo·
1339 5091 1450 5168 lgnatii
1465 5095 1671 5171 procuratoris
1682 5095 1790 5156 luisset
1805 5094 1992 5172 expositum,
2004 5092 2087 5170 quod

536 5191 640 5252 quam,
654 5177 761 5254 quavis
776 5177 1117 5252 auctoritate,scientc1·
1131 5179 1181 5240 vel
1198 5179 1284 5255 igno·
1338 5183 1416 5245 dicta
1431 5187 1589 5264 provincia
1603 5187 1773 5263 collegium
1786 5187 1844 5248 sub
1860 5186 1950 5248 titulo
1965 5185 1998 5246 B.
2013 5185 2087 5246 ller-

536 5275 652 5343 ranter,
674 5270 841 5346 contigerit
861 5272 1018 5332 attentari.
1338 5278 1464 5341 dinandi
1486 5279 1567 5356 regis
1595 5280 1746 5354 catholici,
1775 5279 1879 5342 Sancti
1900 5278 2084 5356 nuncupati,

304 5367 516 5464 d⁰⁰⁰¹tlri⁰f¹¹ffl
575 5360 642 5435 §ia
667 5362 735 5424 Non
756 5363 948 5426 obstantibus
963 5367 1148 5443 praemissis,
1164 5385 1198 5430 ac
1211 5385 1284 5431 con·
1338 5370 1370 5431 iu
1391 5371 1515 5434 civitate
1536 5372 1677 5446 Onitensi
1697 5374 1752 5434 suat
1772 5371 1911 5450 inspersa
1925 5387 1980 5449 pro
1995 5370 2087 5433 colle-

322 5427 443 5476 ⁰³⁰⁸²²²¹⁰'
535 5455 749 5517 stitutionibus
769 5464 800 5518 et
822 5457 1070 5520 ordinationibus
1097 5461 1281 5538 apostolicis,
1338 5463 1469 5539 gialibus
1498 5465 1704 5528 saecularibus
1724 5465 1782 5528 sub
1802 5465 1958 5542 regimine
1978 5471 2009 5526 et
2030 5479 2087 5540 gu-

535 5563 657 5610 necnon
679 5551 910 5629 provinciarum
933 5559 964 5614 et
984 5551 1105 5614 Ordinis
1136 5555 1284 5632 praelato-
1338 5557 1446 5618 bornio
1469 5558 1686 5634 religiosorum
1700 5559 1772 5620 dicti
1787 5558 1922 5633 Ordinis,
1938 5557 1993 5637 qui
2008 5556 2086 5620 inibi

535 5657 618 5716 rum,
640 5643 748 5704 aliisve
774 5644 947 5722 quibusvis,
971 5645 1065 5707 etiam
1094 5647 1281 5724 iuramento,
1337 5650 1512 5712 doctrinam
1543 5650 1675 5712 doctoris
1705 5651 1862 5729 apostolici
1892 5653 1923 5714 S.
1951 5650 2087 5712 Thomae

534 5736 772 5799 confirmatione
792 5739 967 5817 apostolici,
985 5740 1037 5801 vel
1057 5741 1164 5819 quavis
1186 5743 1283 5803 firmi·
1337 5741 1375 5804 de
1396 5741 1519 5821 Aquino
1550 5743 1707 5819 docerent,
1737 5743 1866 5806 fundare
1893 5742 2086 5822 intendebat)

1043 5879 1093 5906 ····:·

578 5955 608 6017 tl)
623 5957 660 5998 lix
674 5957 777 6012 Regest.
793 5956 821 6000 in
836 5955 911 6002 Arch.
927 5959 999 6003 Brev.
