4844 6990
86 597 144 650 An.
160 597 193 651 0.
214 593 284 649 ttae

74 1083 225 1138 derogatio.

978 599 1119 649 cennens
1141 599 1198 644 xli·
1780 569 1838 635 467
1887 569 1940 620 An.
1955 568 1986 621 O.
2007 567 2076 620 1735

314 725 439 802 debere,
461 741 495 787 ao
510 723 635 786 irritum
649 731 681 784 et
695 723 787 784 inane
804 723 830 783 si
854 737 941 784 secus
965 735 1059 798 super

316 820 364 880 his
378 836 393 880 a
408 833 576 896 quoquam,
592 817 699 894 quavis
718 815 910 890 auctoritate,
927 813 1059 876 scienter

315 911 368 972 vel
394 910 589 986 ignoranter,
613 907 780 983 contigerit
801 906 956 968 attentari.

125 1023 297 1072 obstandum
355 1004 374 1078 5
395 1003 425 1063 t.
448 1002 518 1074 Non
533 1001 727 1063 obstantibus
741 998 1015 1062 constitutionibus
1030 1001 1060 1057 et

316 1095 563 1158 ordinationibus
583 1093 769 1171 apostolicis,
798 1107 932 1166 necnon,
955 1095 1062 1168 quate-

316 1205 376 1250 nus
398 1203 473 1265 opus
485 1187 536 1260 sit,
549 1186 647 1248 dictae
659 1184 914 1261 congregationis
929 1182 1061 1244 fratrum

316 1279 424 1341 aliisve
445 1278 619 1362 quibusvis,
634 1279 727 1340 etiam
745 1278 934 1348 iuramento,
950 1274 1062 1336 confrr-

317 1371 455 1432 matione
470 1370 642 1448 apostolica,
656 1369 707 1430 vel
721 1369 829 1446 quavis
844 1368 991 1429 firmitate
1005 1365 1061 1426 alia

317 1463 479 1543 roboratis,
500 1463 622 1525 statutis
642 1457 674 1524 et
687 1461 978 1531 consuetudinibus,
1001 1458 1061 1536 pri-

318 1554 440 1630 vilegiis
461 1569 595 1636 quoque,
608 1553 739 1615 indultis
761 1560 791 1614 et
812 1552 924 1614 litteris
945 1557 1065 1628 aposto-

317 1646 384 1708 licis
405 1649 437 1707 in
460 1647 651 1710 contrarium
669 1645 909 1724 praemissorum
934 1657 1063 1720 quomo·

318 1738 435 1801 dolibet
455 1740 617 1813 concessis,
640 1738 829 1800 confirmatis
843 1745 874 1800 et
889 1735 1062 1812 innovatis,

319 1830 431 1908 quibus
442 1831 587 1896 omnibus
601 1837 633 1892 et
646 1828 789 1906 siugulis,
803 1829 929 1890 illorum
943 1835 1064 1890 tenores

318 1927 531 2004 praesentibus
554 1943 610 2004 pro
632 1926 723 2004 plene
746 1933 777 1986 et
797 1925 989 1988 sufficienter
1012 1939 1066 1986 ex-

319 2019 431 2096 pressis
452 2036 486 2084 ao
506 2019 545 2080 de
565 2019 660 2080 verbo
675 2018 711 2078 ad
726 2019 858 2080 verbum
874 2017 998 2080 insertis
1014 2018 1064 2078 ba-

320 2112 439 2186 bentes,
462 2111 522 2179 illis
543 2111 617 2172 alias
641 2113 673 2172 in
701 2125 758 2172 suo
785 2111 896 2171 robore
922 2125 1065 2188 perman-

319 2204 415 2277 suris,
437 2205 471 2270 ad
494 2205 735 2282 praemissorum
757 2203 914 2276 effectum,
930 2203 985 2263 hac
999 2203 1066 2262 vice

320 2297 490 2370 dumtaxat,
518 2296 691 2374 specialiter
718 2305 750 2356 et
772 2310 915 2372 expresse
941 2294 1067 2370 deroga-

320 2403 405 2463 mus;
433 2388 605 2466 ceterisque
624 2387 786 2449 contrariis
806 2387 1064 2464 quibuscumque.

360 2480 472 2546 Datum
501 2481 632 2556 Romae,
658 2480 738 2557 apud
768 2479 798 2542 S.
820 2480 946 2542 llariam
975 2479 1066 2541 11110-

320 2587 404 2646 rem,
436 2573 493 2637 sub
525 2573 643 2634 annulo
665 2572 836 2645 Piscatoris,
849 2571 899 2632 die
913 2588 968 2631 vn.
986 2581 1068 2632 octo-

322 2664 384 2726 bris
410 2680 609 2740 nuocmm,
631 2665 827 2744 pontificatus
843 2665 942 2726 nostri
957 2679 1006 2724 an.
1022 2680 1066 2724 vr.

363 2888 392 2943 (1)
408 2889 445 2936 Ex
459 2887 529 2932 netis
544 2886 641 2944 synodi
654 2887 774 2933 albanen.
787 2889 907 2934 Marouit.
918 2888 945 2933 in
955 2889 1067 2934 archivo

323 2956 346 2998 S.
363 2957 439 3010 cong.
455 2954 486 2997 de
501 2956 574 3010 Prop.
591 2953 659 2998 nida.
679 2957 716 2998 lex
730 2953 823 3000 iisdem
837 2955 1016 3012 depromimus
1031 2967 1068 3000 se-

321 3019 536 3133 ffiesstneismlgteras
550 3023 631 3076 apost.
647 3020 680 3066 ad
694 3020 875 3066 patriarcham
890 3025 916 3066 et
930 3021 1067 3068 Praesules

418 3223 565 3270 Venerabili
578 3224 662 3272 aaut
676 3223 786 3274 foeeplso
802 3223 978 3266 Patriarcbae

501 3289 662 3331 autiocheno
675 3290 887 3344 Maronitarum,

543 3421 687 3465 CLEMENS
701 3421 781 3464 Para
795 3422 847 3464 xla.

566 3557 725 3601 Venerabilis
738 3558 832 3606 frater,

410 3627 525 3668 salutem
538 3629 562 3667 et
575 3625 749 3676 apostolarum
767 3624 977 3672 denedicttonem.

362 3758 433 3813 Quod
447 3757 547 3814 inclyta
561 3757 613 3802 ista
627 3759 674 3802 tua
689 3755 764 3800 Natio
779 3753 971 3798 Maronitarum
984 3749 1068 3796 veluti

324 3837 385 3876 rosa
405 3825 476 3870 inter
498 3823 587 3881 spinas
609 3825 636 3868 et
656 3820 827 3866 firmissimus
846 3819 873 3863 in
895 3818 981 3863 medio
1000 3815 1068 3862 mari

323 3893 436 3950 populus
449 3892 541 3936 contra
555 3889 672 3934 furentes
686 3889 725 3934 101
740 3886 934 3932 haereticorum
945 3883 1070 3928 schisma·

324 3958 437 4006 ticorunr
451 3959 478 4001 et
492 3955 639 4002 infidelium
654 3955 750 3999 misere
760 3953 845 3998 adhuc
855 3951 1067 3997 patriarchatum

323 4023 515 4072 antiochenum
537 4020 729 4078 exagitantium
751 4019 834 4066 undas
853 4018 970 4064 obiectus
985 4027 1069 4062 sacro·

324 4093 416 4138 sancta
430 4088 579 4134 catholicae
594 4087 654 4132 fidei
667 4097 683 4131 a
697 4087 776 4130 Beato
793 4087 870 4130 Petro
884 4084 1068 4140 Apostolorum

325 4157 444 4212 Principe
465 4155 548 4200 semel
568 4156 690 4210 acceptae
708 4153 832 4208 dogmata
846 4151 951 4206 integra
966 4160 1070 4206 semper·

325 4225 352 4268 et
365 4224 465 4268 intacta
479 4221 631 4278 adspirante
646 4220 691 4265 Dei
705 4219 793 4276 gratia
806 4217 970 4272 custodierit,
982 4217 1070 4272 singn-

325 4288 377 4335 lari
391 4287 582 4334 venerabilium
603 4287 717 4331 fratrum
736 4285 951 4332 patriarcharum
965 4283 1070 4340 praede-

324 4365 459 4401 cessorum
473 4357 580 4398 tuorum
594 4353 627 4398 ad
642 4351 809 4397 excolendam
820 4350 924 4396 vineam
935 4349 1014 4395 istam
1025 4349 1070 4394 Dei

326 4421 441 4468 sabaoth
454 4418 657 4476 advigilantium
672 4417 810 4464 sedulitati
824 4419 850 4462 et
864 4417 997 4462 constanti
1007 4428 1070 4472 erga

324 4486 501 4544 apostolicam
516 4487 583 4530 harre
596 4487 742 4529 Romanam
758 4484 849 4528 Sedent
859 4482 977 4528 omnium
988 4483 1071 4528 Eccle-

325 4554 426 4600 siarum
441 4555 552 4598 Matrem
567 4553 593 4596 et
608 4551 761 4607 Magistrum
776 4551 885 4607 eiusque
895 4561 943 4606 pro
953 4552 1071 4606 tempore

325 4625 456 4667 Romanos
477 4617 614 4664 Pontifices
634 4619 813 4664 antecessores
834 4620 938 4662 nostros
953 4615 1072 4662 obedien-

324 4688 378 4734 tiae
392 4687 506 4731 refertur
525 4687 669 4742 acceptum.
691 4687 728 4728 Ex
742 4683 829 4729 literis
843 4686 933 4728 autem
948 4681 1070 4727 fraterni·

325 4753 389 4800 tatis
410 4755 471 4798 tuae
485 4751 518 4797 ad
539 4763 586 4796 nos
605 4751 675 4796 datis
696 4761 763 4795 nova
776 4752 802 4794 et
816 4749 994 4794 luculentiora
1009 4748 1072 4806 vigi-

325 4820 426 4866 lantiae
446 4821 473 4864 st
494 4817 658 4864 reverentiae
682 4817 837 4861 documenta
861 4815 1071 4861 contestantibus

326 4887 406 4944 probe
420 4885 605 4941 intelligimus,
616 4894 694 4940 quam
706 4881 795 4940 gravis
809 4881 906 4928 iniecta
920 4881 955 4926 sit
968 4893 1032 4927 cura
1041 4887 1072 4926 ut

328 4953 445 4998 saletam
460 4949 594 4996 nonnullis
609 4950 687 4994 rebus
702 4949 730 4992 in
744 4946 948 4992 ecclesiasticam
959 4947 1070 5004 discipli·

328 5029 390 5065 nam
413 5017 511 5062 sensim
526 5027 556 5062 ac
570 5025 707 5072 perperam
728 5014 838 5059 invectis
852 5025 869 5060 a
889 5014 1023 5070 primaevo
1036 5014 1074 5058 iu·

329 5086 425 5132 1111110
438 5085 465 5129 11
479 5082 617 5140 splendore
635 5081 712 5137 longe
726 5079 821 5126 alienis
842 5091 978 5137 compares
992 5091 1074 5126 reme·

329 5154 403 5199 dium
423 5151 492 5209 quod
506 5159 553 5206 per
573 5147 768 5194 fraternitatem
790 5150 865 5193 tuam
886 5147 1007 5193 adhiberl
1022 5159 1073 5194 nou

329 5231 405 5278 posse
419 5217 559 5273 significas.
575 5217 719 5271 Eapropter
733 5217 852 5259 nostram
862 5225 937 5272 opem
947 5213 1073 5270 imploras

330 5298 361 5334 ac
374 5283 495 5330 demissis
510 5282 631 5340 precibus
647 5281 772 5339 exposcis,
788 5284 818 5327 ut
832 5281 990 5338 apostolicae
1004 5281 1075 5326 beni-

331 5353 441 5412 gnitatis
455 5353 481 5396 et
494 5349 663 5396 auctoritatis
683 5351 790 5395 nostrae
810 5357 900 5406 partes
921 5348 970 5393 tibi
985 5349 1074 5394 deesse

332 5420 441 5467 minime
454 5419 601 5476 patiemur,
616 5419 695 5474 atque
709 5415 820 5461 insimul
829 5415 917 5460 isthuc
926 5415 1074 5472 adlegimus

331 5487 457 5533 dilectum
472 5484 557 5530 fllium
571 5483 710 5539 losephum
721 5480 867 5526 simonium
875 5485 1075 5538 hssemannum,

331 5556 447 5601 alterum
461 5551 637 5596 Bibliothecae
646 5551 752 5594 nostrae
763 5549 926 5605 apostolieae
935 5549 1076 5594 vaticanae

332 5621 494 5668 Praefectum
508 5621 535 5664 et
544 5617 695 5663 Praelatum
705 5618 825 5661 nostrum
836 5613 1020 5670 domesticum,
1030 5615 1076 5674 qui

332 5691 424 5735 nostro
433 5687 539 5732 nomine
548 5697 615 5742 quae
624 5685 652 5730 in
662 5685 737 5729 clero
746 5685 773 5728 et
782 5683 892 5730 Natione
902 5683 955 5729 ista
964 5682 1075 5730 fortasse

332 5755 488 5813 corrigenda
501 5756 548 5800 aut
562 5751 730 5798 reformanda
743 5749 846 5796 noverit
860 5761 973 5795 unacum
984 5749 1076 5795 frater·

333 5823 418 5868 nitate
432 5825 480 5867 tua
499 5822 578 5878 atque
591 5819 653 5865 aliis
673 5816 868 5864 venerabilibus
888 5817 1017 5862 fratribus
1031 5821 1076 5861 Ar-

333 5887 505 5948 chtepiseopis
519 5889 545 5932 et
559 5885 691 5944 Episcopls
705 5885 810 5930 fortiter
819 5884 988 5943 suaviterque
998 5883 1077 5929 corri-

334 5957 380 6018 gat
389 5959 469 6016 atque
478 5955 609 6002 reformet.
620 5959 764 6002 Immensae
773 5955 889 6016 primum
900 5951 1077 6018 omnipotenti

1422 709 1547 774 XXVII.

1116 898 1422 978 allegorumenam
1444 897 1531 973 apud
1553 895 1734 960 Maronitas
1750 893 1858 956 1111111

1156 991 1320 1070 1111111111
1355 991 1534 1052 simonium
1564 995 1790 1058 assemanum,
1820 994 1858 1048 ut

1154 1084 1403 1147 ecclesiasticam
1420 1083 1626 1159 disciplinans
1643 1083 1794 1142 11111111
1811 1096 1859 1140 or-

1156 1177 1257 1247 dinet,
1289 1173 1415 1236 1111111
1443 1173 1638 1252 prouinciali
1671 1172 1859 1250 81111111

1155 1270 1329 1331 1111111111
1347 1268 1377 1331 S.
1397 1267 1469 1330 Sedi
1484 1263 1688 1346 pravioribus
1709 1264 1859 1344 negotiis,

1156 1377 1228 1423 cuns
1260 1363 1421 1441 facultate
1453 1376 1570 1438 quoque
1601 1357 1796 1437 suffragium
1817 1359 1835 1436 f
1850 1391 1861 1400 ·

1157 1454 1249 1519 rendi
1272 1455 1308 1514 ia
1329 1453 1366 1515 ed
1388 1451 1511 1529 Synodo
1527 1453 1581 1531 (l).

1119 1637 1236 1706 dilecto
1266 1637 1330 1704 filio
1363 1635 1490 1720 losepbo
1524 1633 1656 1704 Sinonia
1684 1636 1862 1715 hasenaro,

1159 1730 1301 1798 Praelata
1324 1729 1498 1796 Domestica
1521 1748 1558 1796 ac
1581 1729 1730 1798 lianiliari
1745 1734 1778 1796 et
1792 1745 1865 1796 con-

1157 1825 1240 1890 tinuo
1263 1821 1462 1890 condensati
1486 1829 1607 1904 nostro,

1319 1968 1504 2038 oteness
1528 1970 1586 2037 ΡΡ.
1606 1969 1664 2036 1111.

1401 2106 1517 2174 dilecte
1540 2107 1593 2186 tili,

1154 2199 1282 2266 salutern
1304 2205 1336 2266 et
1357 2201 1555 2282 apostolicam
1582 2199 1832 2268 benedictionem.

1162 2389 1180 2462 §
1204 2388 1230 2448 l.
1255 2389 1346 2462 Cum,
1369 2389 1449 2451 sicut
1470 2403 1566 2450 venn.
1591 2389 1700 2452 fratres
1723 2390 1867 2469 losephus
1911 2411 2004 2456 1111111
2019 2411 2098 2457 11111-

1122 2480 1232 2543 Petrus
1253 2481 1426 2542 Patriarcba
1448 2482 1723 2556 111111011111111,11
1743 2483 1867 2544 11111111-
1885 2464 2097 2563 ἓῇξξῗᾝὲξζῖἶ

1123 2573 1237 2650 piscopi
1260 2579 1292 2633 et
1313 2573 1454 2652 Episcopi
1481 2574 1615 2635 nationis
1643 2573 1867 2637 Maronitarum
1886 2570 1981 2618 sutum.

1123 2680 1178 2744 per
1191 2681 1260 2726 suas
1272 2664 1374 2726 literas
1390 2682 1453 2727 non
1470 2667 1511 2728 ita
1522 2668 1643 2746 pridem
1658 2669 1694 2732 ad
1705 2680 1761 2728 nos
1773 2669 1866 2744 datas,

1121 2891 1293 2946 deogratias
1314 2889 1431 2947 agimus,
1455 2891 1548 2938 deinde
1572 2893 1681 2940 meritas
1705 2893 1868 2943 fraternitati

1121 2959 1183 3002 tuae
1201 2956 1370 3013 rependimus
1391 2957 1482 3003 laudes
1501 2960 1570 3015 quod
1583 2961 1616 3004 ad
1632 2959 1761 3006 sinceram
1777 2964 1868 3008 Ortho-

1120 3021 1202 3067 doxae
1216 3023 1362 3080 Religionis
1377 3023 1507 3070 unitatem
1522 3028 1548 3070 et
1564 3029 1746 3072 sacrosanctae
1755 3028 1869 3086 discipli·

1121 3101 1170 3134 nae
1184 3089 1376 3135 incrementum
1392 3093 1439 3136 tua
1454 3091 1541 3138 studia
1554 3102 1585 3136 ac
1598 3093 1669 3138 zelus
1681 3095 1819 3150 tantopere
1829 3107 1870 3140 ex-

1120 3156 1265 3202 ardescant.
1287 3159 1336 3202 Pro
1350 3155 1470 3202 iniuncta
1485 3169 1546 3202 vero
1560 3157 1634 3204 nobis
1653 3159 1771 3206 omnium
1786 3161 1870 3206 Eccle-

1121 3223 1222 3268 siarum
1237 3222 1414 3268 sollicitudine
1429 3226 1455 3268 et
1465 3225 1608 3281 apostolico
1619 3225 1768 3272 ministerio
1778 3229 1869 3273 nostro

1121 3287 1312 3334 laudatissimis
1331 3290 1564 3336 praedecessorum
1583 3295 1713 3347 nostrum,
1727 3293 1774 3349 qui
1788 3296 1870 3339 Maro·

1121 3353 1239 3398 tritarum
1258 3355 1395 3400 Natiouem
1416 3355 1594 3412 peculiaribus
1613 3357 1761 3414 pontificiae
1775 3361 1871 3406 carita·

1122 3421 1157 3466 tis
1170 3422 1336 3478 argumentis
1346 3422 1476 3478 prosecuti
1489 3425 1552 3468 sunt
1562 3424 1689 3482 exemplis
1699 3426 1869 3473 inhaerentes

1122 3487 1192 3532 laeto
1205 3487 1350 3545 libentique
1371 3489 1459 3534 animo
1474 3490 1651 3536 obsecundare
1665 3493 1802 3548 gestimus.
1821 3496 1870 3540 lta·

1122 3565 1172 3610 quc
1186 3555 1307 3600 eumdem
1322 3555 1448 3600 dilectum
1466 3556 1552 3601 fllium
1567 3559 1706 3616 losephum
1722 3561 1869 3606 simonium

1123 3625 1321 3677 massmannum,
1332 3622 1377 3680 qut
1392 3625 1468 3668 tanta
1476 3634 1535 3668 cunr
1546 3623 1661 3682 pietatis,
1672 3627 1828 3684 prudentiae
1843 3632 1870 3673 et

1122 3687 1257 3734 doctrinae
1271 3689 1350 3734 laude
1366 3700 1508 3747 rerumque
1523 3691 1698 3736 Orientalium
1713 3705 1743 3738 ac
1757 3694 1869 3739 Ritnum

1122 3754 1241 3800 Nationis
1256 3759 1318 3802 tuae
1327 3756 1484 3812 praesertim
1494 3757 1643 3812 cognitione
1653 3758 1766 3815 insignis
1776 3761 1870 3807 multis

1122 3821 1217 3866 abhinc
1237 3821 1314 3867 annis
1329 3821 1356 3866 111
1370 3822 1420 3866 hac
1433 3821 1505 3867 alma
1520 3823 1587 3868 Urbe
1601 3826 1694 3870 nostra
1707 3827 1871 3874 commenda-

1123 3891 1176 3934 tur.
1191 3888 1411 3944 quemadmodum
1426 3899 1472 3945 per
1487 3889 1591 3934 easdem
1609 3889 1702 3936 literas
1719 3893 1870 3948 expostulas

1122 3955 1156 3998 ad
1171 3955 1205 4008 te,
1219 3953 1261 3998 cui
1275 3953 1485 4010 acceptissimum
1505 3967 1561 4000 esse
1576 3967 1627 4002 non
1643 3957 1806 4013 ignoramus,
1822 3960 1871 4006 hac

1123 4022 1204 4068 etiam
1220 4021 1246 4065 iu
1257 4023 1332 4078 parte
1342 4019 1519 4077 gratificatum
1530 4022 1687 4079 ablegatum
1697 4028 1819 4070 uestrum
1831 4027 1872 4071 be·

1123 4091 1202 4146 nigne
1219 4088 1358 4134 mittimus.
1381 4091 1409 4132 ln
1425 4088 1557 4134 mandatis
1571 4093 1662 4135 autem
1677 4089 1728 4146 ipsi
1741 4091 1870 4149 dedimus,

1123 4161 1154 4200 ut
1167 4155 1311 4212 plurimam
1326 4153 1489 4200 fraternitati
1505 4157 1566 4199 tuae
1580 4155 1607 4199 in
1622 4155 1715 4212 primis
1730 4161 1871 4206 111111111-

1123 4223 1221 4268 bilibus
1235 4221 1363 4268 fratribus
1376 4219 1581 4277 archiepiscopis
1591 4224 1618 4266 et
1630 4222 1761 4280 Episcopis
1771 4237 1869 4272 necnon

1123 4289 1226 4334 dilectis
1241 4288 1304 4332 filiis
1319 4288 1434 4342 claruet
1446 4287 1544 4343 Populo
1553 4287 1673 4332 Natlouis
1684 4291 1746 4336 tuae
1756 4291 1870 4336 salutem

1124 4359 1151 4401 et
1171 4354 1382 4400 Benedictionem
1403 4354 1493 4397 nostro
1514 4353 1619 4398 nomine
1641 4353 1825 4412 impertiatur,
1844 4361 1870 4404 et

1125 4432 1203 4479 quam
1218 4418 1411 4466 ardentissimis
1421 4419 1584 4475 apostoticae
1599 4419 1720 4466 caritatis
1734 4423 1830 4468 studiis
1845 4425 1871 4468 te

1125 4488 1328 4542 universamque
1348 4485 1482 4530 nationem
1503 4485 1710 4542 complectamur·
1728 4499 1816 4534 coram
1830 4490 1871 4536 de-

1125 4554 1214 4598 claret.
1226 4552 1362 4598 adomnia
1376 4563 1437 4597 vero
1448 4551 1562 4607 negotia,
1573 4555 1680 4609 propter
1690 4565 1757 4611 quae
1767 4555 1871 4600 accedet

1125 4620 1177 4665 rite
1187 4622 1327 4676 sancteque
1338 4618 1504 4674 expedienda,
1514 4618 1686 4664 facultatibus
1696 4620 1777 4665 etiam
1788 4631 1871 4667 neces·

1126 4686 1203 4732 soriis
1217 4690 1244 4731 et
1258 4685 1412 4742 opportunis
1426 4695 1473 4740 per
1487 4683 1554 4729 alias
1570 4689 1674 4730 nostras
1689 4683 1716 4730 in
1731 4679 1814 4731 simili
1823 4687 1872 4732 for-

1126 4763 1169 4798 ma
1183 4751 1272 4796 Brevis
1287 4751 1379 4797 literas
1400 4750 1521 4796 eumdem
1543 4751 1714 4806 munivimus,
1730 4757 1760 4797 ut
1775 4752 1872 4800 nihila

1126 4817 1204 4863 Nobis
1218 4817 1374 4862 derelictum
1389 4829 1446 4862 esse
1466 4828 1607 4874 cognoscas
1622 4818 1691 4874 quod
1705 4819 1803 4875 optatis
1817 4818 1872 4866 tuis

1126 4883 1158 4928 ad
1172 4883 1289 4928 divinam
1303 4882 1417 4938 gloriam
1432 4883 1543 4928 intentis
1556 4884 1725 4940 profuturum
1741 4885 1873 4932 existima·

1126 4961 1192 4994 mus.
1214 4952 1263 4994 Per
1283 4948 1377 4994 literas
1398 4949 1479 4994 etiam
1494 4949 1686 4996 venerabilium
1701 4951 1814 4997 fratrum
1830 4965 1873 4999 no·

1127 5019 1244 5061 strorum
1254 5019 1278 5060 S.
1290 5019 1319 5060 lt.
1331 5018 1358 5060 Ε.
1370 5015 1549 5062 cardinalium
1564 5017 1677 5074 negotiis
1687 5020 1873 5076 propagandae

1127 5082 1198 5127 ridet
1212 5083 1422 5139 praepositorum
1437 5082 1520 5128 fusius
1540 5083 1704 5130 fraternitati
1718 5088 1780 5130 tuae
1794 5087 1874 5144 expli-

1126 5148 1231 5194 cabitur
1244 5149 1373 5206 quidquid
1388 5149 1466 5194 rebus
1480 5150 1636 5206 peragendis
1650 5151 1813 5198 venerabiles
1824 5154 1874 5200 fra·

1128 5219 1182 5260 tres
1196 5215 1281 5261 nostri
1296 5214 1472 5260 necessarium
1487 5227 1544 5260 esse
1562 5221 1728 5262 censuerunt.
1745 5220 1873 5269 Quoniam

1127 5283 1216 5327 autem
1231 5293 1283 5326 non
1293 5281 1321 5326 iu
1331 5281 1506 5326 commotione
1518 5282 1651 5339 Dominus,
1661 5284 1706 5328 sed
1717 5284 1743 5328 in
1753 5296 1815 5342 pace
1825 5285 1875 5332 fae

1128 5352 1172 5394 tus
1186 5351 1226 5394 est
1240 5349 1313 5394 loeus
1327 5349 1392 5402 eius,
1402 5349 1598 5395 fraternitatem
1609 5353 1682 5396 tuam
1697 5352 1837 5400 hortamur
1846 5357 1874 5401 et

1128 5426 1253 5471 rogamus
1263 5419 1302 5470 ut,
1311 5426 1371 5460 cum
1382 5415 1453 5460 omni
1463 5415 1615 5462 humilitate
1626 5419 1652 5462 et
1663 5420 1873 5475 mansuetudine,

1128 5492 1188 5526 cum
1202 5481 1332 5538 patientia
1342 5485 1526 5538 supportantes
1537 5483 1648 5529 invicem
1657 5484 1685 5529 in
1695 5486 1816 5542 caritate,
1825 5487 1874 5532 sol·

1129 5548 1198 5594 liciti
1212 5559 1318 5594 servare
1332 5548 1463 5594 unitatem
1479 5549 1506 5594 in
1521 5549 1625 5595 vinculo
1635 5551 1714 5608 pacis,
1725 5551 1752 5596 in
1762 5563 1815 5598 uno
1825 5553 1875 5610 spi·

1129 5615 1186 5661 ritu
1200 5616 1338 5661 unanimes
1352 5614 1527 5670 collaboretis,
1539 5619 1568 5660 ut
1578 5617 1667 5663 omnia
1676 5621 1765 5663 vestra
1774 5618 1801 5663 in
1812 5630 1874 5677 pace

1131 5683 1202 5730 flant.
1226 5683 1297 5732 Quod
1315 5682 1339 5730 si
1357 5693 1448 5727 rerum
1469 5683 1594 5728 tractatio
1614 5684 1803 5730 provincialem
1822 5695 1875 5730 om·

1130 5749 1205 5794 nium
1219 5751 1246 5794 et
1260 5748 1427 5804 singulorum
1443 5749 1521 5793 istius
1536 5746 1653 5794 nationis
1667 5748 1875 5809 archiepiscopo·

1130 5827 1199 5871 rum,
1216 5815 1401 5872 Episcoporum
1416 5817 1442 5859 et
1460 5814 1543 5860 totius
1557 5815 1626 5859 Cleri
1640 5819 1667 5860 et
1680 5815 1817 5861 Monasticl
1831 5820 1875 5863 01·-

1130 5880 1198 5927 dlnis
1213 5880 1346 5938 synodum
1360 5880 1496 5938 requirere
1510 5881 1639 5936 videatur,
1648 5893 1695 5939 per
1706 5882 1784 5928 hasce
1793 5883 1874 5929 etiam

1130 5951 1234 5998 nostras
1244 5949 1338 6002 literas
1348 5947 1465 6010 amplam
1474 5948 1618 5998 tribuimus
1627 5947 1790 6010 facultatem,
1799 5951 1830 5998 ut
1838 5950 1877 6006 in-
