4844 6990
355 560 545 628 tn.o.1aae
595 557 654 632 478

574 711 791 790 gregatiouum
819 708 1073 790 presbyterorum
1099 724 1153 770 seu
1175 706 1318 785 collegio-

574 827 657 884 rum,
681 810 713 870 in
735 808 847 886 quihus
863 807 992 870 iuvenes
1013 806 1048 866 ad
1071 802 1269 866 christianam
1286 803 1319 862 il-

574 907 645 966 dem
667 901 910 978 catholicamque
930 898 1116 974 religionem
1129 897 1160 956 in
1177 895 1321 956 remotis-

574 998 659 1058 simis
681 996 773 1056 etiam
797 993 935 1072 partibus
956 990 1191 1070 praedicandam
1206 995 1319 1065 etpro-

574 1088 744 1168 pagandam
779 1095 872 1164 atque
906 1085 942 1146 ael
978 1082 1177 1145 ecclesiastica
1212 1079 1326 1141 munia

574 1189 749 1260 opportune
771 1179 987 1251 instituantur,
1010 1175 1181 1237 directione
1202 1189 1234 1234 ae
1251 1187 1318 1248 pro-

575 1291 681 1350 gressu
694 1275 863 1351 praecentor
875 1271 1041 1332 constituta
1054 1283 1119 1328 esse
1135 1273 1318 1337 noscuntur,

574 1383 635 1446 quo
658 1366 779 1426 llrmius
800 1359 968 1425 subsistant
990 1369 1021 1424 et
1043 1365 1209 1424 serventur
1234 1373 1320 1418 exac-

575 1463 647 1536 tius,
657 1459 812 1537 apostolici
825 1457 1012 1518 muniminis
1024 1455 1120 1517 nostri
1133 1450 1320 1532 praesidium

574 1557 709 1617 libenter
731 1551 947 1628 adiungamus.

369 1655 439 1702 araus
454 1655 555 1718 instita:
615 1651 634 1724 ἓ
657 1651 683 1709 l.
708 1647 790 1710 hlias
804 1647 957 1724 siquidem
969 1659 1024 1722 per
1035 1640 1179 1721 quasdam
1201 1645 1321 1701 nostras

343 1709 557 1818 leumiim?
576 1746 608 1805 in
630 1741 724 1804 simili
754 1742 851 1802 lormal
873 1739 980 1800 Brevis
1006 1738 1123 1800 litteras
1151 1737 1208 1795 sub
1229 1733 1321 1795 certis

343 1817 488 1874 probatum.
576 1837 666 1900 modo
687 1845 718 1898 et
739 1835 837 1897 forma
865 1841 938 1895 tunc
966 1829 1116 1909 expressis
1142 1825 1320 1907 approbavi-

575 1951 645 1996 mus
667 1939 697 1993 et
719 1927 970 1992 confirmavimus
983 1923 1196 1986 [undationem
1219 1919 1321 1981 cuius·

574 2029 644 2088 dam
676 2025 743 2102 piae
773 2017 1029 2096 congregationis
1063 2015 1319 2094 presbytororum

573 2117 788 2190 saecularium,
805 2129 859 2176 seu
881 2111 1001 2186 collegii
1022 2110 1079 2171 sub
1096 2107 1184 2170 titulo
1203 2105 1320 2168 sacrae

574 2211 731 2275 Fcotilloc
758 2210 827 2270 lesu
851 2203 976 2266 christi
1003 2211 1089 2264 extra
1119 2217 1225 2264 muros
1246 2199 1319 2262 civi-

572 2305 642 2369 tatis
664 2301 879 2379 Neapolitanae
900 2297 1001 2377 positi,
1017 2296 1104 2356 cuius
1119 2294 1318 2373 praecipuum

573 2399 754 2460 institutum
775 2401 821 2455 est
846 2394 975 2452 educare
1001 2390 1143 2451 alumnos
1171 2389 1318 2450 Sinenses

572 2501 604 2554 et
625 2493 725 2562 lnrlos,
741 2487 794 2566 qui
816 2502 855 2547 ex
878 2485 913 2545 iis
936 2483 1114 2559 regionibus
1135 2479 1319 2542 advenerint

572 2603 628 2664 pro
649 2571 846 2645 addiscendis
858 2577 1023 2639 catholicae
1045 2576 1115 2637 littei
1138 2574 1317 2652 praeceptis,

573 2675 785 2758 amplectendo
806 2680 888 2735 statu
909 2669 1099 2743 sacerdotali,
1116 2686 1149 2732 ac
1170 2685 1201 2729 se
1223 2684 1255 2727 se
1271 2683 1319 2744 pa-

574 2772 677 2834 randis
699 2771 734 2832 ad
756 2765 1010 2830 annunciandum
1033 2763 1063 2824 in
1093 2777 1200 2824 eoiurm
1223 2761 1318 2838 patria

573 2864 687 2928 Christi
700 2861 917 2938 Evangelium,
931 2859 970 2918 ita
983 2865 1087 2919 tamen
1099 2855 1179 2934 quod
1192 2855 1224 2915 in
1239 2854 1318 2915 idem

573 2957 740 3034 collegium
769 2953 889 3016 admitti
911 2966 1035 3028 quoque
1063 2957 1186 3027 possent
1208 2947 1258 3008 alii
1281 2964 1318 3007 ex

572 3063 767 3129 quacumque
789 3047 929 3122 Europae
951 3051 1036 3121 parte
1064 3042 1242 3114 existentes,
1266 3039 1318 3118 qui

572 3143 649 3204 inihi
671 3140 801 3220 propriis
832 3137 1006 3214 sumptibus
1035 3135 1074 3196 ali
1096 3143 1126 3196 et
1152 3133 1318 3196 sustentari

570 3237 701 3310 vellent,
718 3235 753 3296 atl
770 3235 825 3295 hoo
842 3239 875 3293 ut
890 3232 924 3293 ad
940 3229 1146 3292 sacerdotium
1167 3229 1318 3289 eiusmodi

571 3327 812 3407 suscipientium,
835 3339 996 3400 sacrasque
1018 3322 1180 3382 missiones
1201 3322 1317 3382 obeun-

572 3425 623 3486 das
646 3423 704 3483 rite
726 3421 970 3491 instruerentur,
983 3433 1016 3477 ac
1036 3415 1152 3476 habiles
1167 3422 1198 3475 et
1216 3413 1318 3474 idonei

572 3517 792 3588 redderentur3
821 3519 850 3572 et
872 3511 960 3584 alias,
984 3517 1075 3588 prout
1097 3507 1129 3568 in
1157 3506 1318 3584 praedictis

572 3609 684 3670 litteris
706 3605 820 3666 nostris
842 3604 892 3664 die
913 3619 969 3663 vn.
994 3601 1098 3680 aprilis
1123 3615 1313 3662 uuccxxxu.

573 3703 703 3778 desuper
723 3699 885 3776 expeditis,
911 3711 1046 3774 quarum
1067 3701 1210 3754 tenorem
1232 3709 1317 3770 prae·

571 3794 711 3856 sentibus
732 3807 788 3869 pro
810 3791 901 3868 plene
916 3797 947 3850 et
962 3788 1151 3850 sufficienter
1172 3803 1317 3866 expresso

572 3887 659 3949 etad
680 3887 813 3948 verbum
837 3885 951 3946 inserto
975 3881 1080 3943 haberi
1102 3883 1259 3955 volumus,
1283 3899 1317 3943 u-

572 3979 675 4041 berius
696 3979 887 4040 continetur.

380 4095 553 4146 truncatura
612 4073 680 4147 §2
705 4072 754 4147 Et,
776 4073 856 4132 sicut
876 4071 1061 4150 accepimus,
1079 4078 1245 4146 antequam
1267 4067 1317 4129 lit-

340 4150 800 4252 1⁰22⁰¹²²⁰'⁰³¹¹‘teraenostrae
827 4165 977 4244 praelatae
1004 4171 1201 4237 emanarent,
1225 4161 1317 4224 dilec-

571 4269 618 4324 tus
640 4260 722 4322 filius
749 4259 917 4321 lllatthaeus
939 4257 1030 4336 ilipa,
1059 4257 1153 4336 ipsius
1180 4257 1318 4332 congre-

571 4354 703 4432 gationis
732 4369 787 4415 seu
809 4351 930 4426 collegii
952 4351 1112 4424 fundator,
1142 4349 1264 4426 regulas
1285 4356 1315 4408 et

571 4447 807 4509 constitutiones
820 4461 874 4524 pro
885 4443 1000 4504 salubri
1015 4457 1223 4521 prosperoque
1237 4441 1318 4502 eius·

570 4543 641 4604 dem
664 4537 920 4616 congregationis
947 4553 1002 4598 seu
1024 4535 1147 4611 collegii
1173 4551 1316 4614 persona-

571 4649 704 4712 rumque
736 4633 849 4694 ibidem
880 4647 935 4710 pro
961 4639 1102 4708 tempore
1133 4628 1316 4704 degentium

571 4727 724 4803 regimine
751 4731 782 4785 et
811 4723 962 4800 gubernio
991 4723 1051 4783 lam
1083 4721 1314 4798 compilaverat,

570 4830 662 4898 atque
673 4817 812 4879 exhiberi
823 4823 983 4879 curaverat
995 4815 1236 4892 congregationi
1249 4830 1315 4892 par-

570 4911 691 4974 ticulari
713 4910 940 4972 nonnullorum
961 4925 999 4968 ex
1015 4908 1243 4970 venerabilibus
1258 4907 1315 4970 ira-

571 5006 670 5067 tribus
692 5005 806 5066 nostris
833 5004 863 5066 S.
886 5003 920 5064 ll.
944 5003 978 5064 E.
1007 5001 1219 5065 Cardinalihus
1246 5001 1315 5062 Pro·

570 5099 725 5178 pagandae
753 5097 838 5160 Fidei
867 5096 1044 5159 huiusmodi
1072 5096 1205 5171 negotiis
1230 5109 1315 5171 prae-

569 5196 742 5276 positorum
768 5207 861 5268 super
889 5193 981 5251 rebus
1010 5191 1159 5252 Sinarum
1187 5205 1202 5247 a
1228 5187 1316 5248 nohis

570 5294 805 5367 deputatorum,
840 5291 875 5344 ut
907 5283 1030 5344 illarum
1062 5281 1315 5361 approbationem

569 5387 733 5447 obtineret.

352 5499 552 5564 aaeuqnacon-
610 5479 629 5553 ἓ
649 5479 678 5540 3.
701 5477 782 5552 Quae
804 5491 873 5538 cum
895 5473 945 5536 die
967 5489 996 5532 v.
1014 5471 1117 5550 aprilis
1133 5485 1312 5534 uoccxxxr.

357 5553 552 5666 {gfflssssgqssfi
570 5573 723 5635 dictarum
745 5571 925 5648 regularum
938 5579 970 5630 et
992 5568 1253 5628 constitutionum
1271 5565 1315 5624 in-

339 5663 369 5709 ⁸¹⁰
384 5664 549 5722 approoaue.
569 5667 759 5744 spectionem
781 5673 811 5726 et
833 5679 963 5726 examen
989 5661 1192 5724 commisisset
1221 5674 1315 5720 vene-

1095 579 1159 634 tutt.
1183 578 1274 633 PONT.
1299 577 1339 632 ott
1361 583 1390 632 P·
1414 577 1442 633 ι’.
1468 585 1550 634 PARS
1572 581 1593 632 1.

2157 565 2213 626 An.
2229 573 2261 626 c.
2284 572 2341 628 1736

1377 705 1464 768 rabili
1487 706 1574 769 tratri
1590 705 1747 770 Lutlovico
1769 703 1936 770 libanensi
1952 705 2021 769 Pico
2033 722 2066 770 ac
2081 705 2124 770 di·
2212 719 2351 784 sualane

1378 801 1456 862 lecto
1468 803 1530 863 tilio
1543 803 1657 864 nostris
1669 802 1835 865 Vincentio
1846 803 1984 864 eiusdem
1998 801 2027 865 S.
2039 802 2075 864 ll.
2087 803 2121 864 E.
2144 775 2296 887 {ffissssf⁰¹³⁶
2321 789 2351 822 η’

1377 895 1587 958 Cardinalibus
1618 896 1706 958 Petra
1737 896 1910 973 respective
1938 899 2125 976 nuncupatis

1377 989 1634 1068 Congregationis
1655 989 1810 1050 dictorum
1838 989 2047 1053 cardinalium
2071 1007 2126 1052 ne-

1377 1081 1469 1157 gotiis
1505 1081 1719 1160 Propagandae
1753 1083 1840 1145 Fidei
1879 1085 2125 1162 praepositorum

1376 1175 1540 1252 praelecto,
1554 1175 1609 1254 ipsi
1626 1174 1802 1238 Ludovlcus
1817 1177 1985 1256 Episcopus
2000 1195 2033 1240 ac
2049 1177 2125 1240 Vin-

1376 1268 1497 1329 centius
1519 1269 1700 1344 cardinalis,
1724 1270 1796 1330 visis
1817 1286 1872 1348 per
1887 1287 1938 1332 eos
1956 1277 1987 1331 et
2002 1279 2125 1332 mature

1376 1361 1534 1437 perpensis
1550 1361 1667 1436 regulis
1685 1379 1718 1422 ac
1740 1361 2016 1425 constitutionibus
2039 1379 2126 1442 prae·

1376 1453 1456 1528 latis,
1479 1461 1668 1516 censuerunt
1691 1455 1768 1516 nihil
1798 1455 1918 1517 obstare
1940 1456 2016 1534 quin
2038 1471 2125 1535 prae·

1376 1547 1454 1608 elicta
1476 1547 1685 1624 congregatio
1708 1547 1898 1626 particularis
1915 1549 2124 1612 cardinalium

1377 1639 1464 1700 nobis
1492 1656 1547 1718 pro
1575 1656 1682 1702 earum
1711 1641 1928 1720 approbatione
1961 1643 2126 1704 consulere

1376 1737 1486 1810 posset.

1416 1827 1435 1900 ἓ
1457 1826 1486 1886 t.
1509 1827 1646 1901 Quarum
1667 1829 1792 1906 quidem
1808 1830 1988 1906 regularum
2005 1845 2038 1890 ac
2053 1846 2123 1891 eon-

1376 1920 1577 1982 stitutionum
1601 1929 1689 1983 tenor
1708 1931 1760 2004 ¹est
1782 1923 1835 2000 qui
1856 1923 2016 2002 sequitur,
2040 1923 2125 1985 vide-

1377 2012 1464 2074 licet:

1418 2200 1565 2281 llcqolee
1595 2201 1814 2266 coalitus-lorti
1837 2204 1918 2266 delle
1947 2203 2125 2286 Congrege-

1375 2293 1468 2354 :ioue
1489 2311 1504 2353 e
1529 2296 1666 2375 collcqio
1688 2296 1770 2358 dello
1791 2297 1890 2358 sacro
1908 2297 2068 2377 Fomiqlio
2091 2300 2123 2361 tli

1378 2387 1459 2450 cesai
1484 2389 1588 2451 cristo
1610 2390 1665 2468 (l).

1415 2576 1434 2649 ἓ
1455 2576 1483 2636 5.
1511 2577 1589 2638 ilinc
1611 2586 1656 2638 est
1677 2577 1758 2656 quod
1775 2594 1841 2651 uos,
1860 2578 2028 2640 inviolabili
2051 2595 2124 2642 con·
2183 2587 2295 2634 saeuam
2313 2599 2349 2644 av-

1374 2671 1573 2731 stitutionum
1596 2687 1649 2732 seu
1672 2669 1854 2747 regularum
1875 2671 2052 2733 huiusmodi
2075 2690 2124 2734 ro-
2142 2643 2348 2751 μῖἓέἓιῑῗὲιιῖὼιῗὲ

1376 2763 1442 2822 bori
1473 2771 1503 2823 et
1531 2763 1680 2824 efficaciae
1711 2766 1876 2840 providere
1907 2763 2058 2840 volentes,
2085 2768 2123 2828 de
2141 2707 2349 2860 {gwffissfflss

1376 2856 1603 2918 nonnullorum
1615 2873 1652 2917 ex
1668 2857 1898 2918 venerabilibus
1910 2857 2057 2920 hatrihus
2068 2875 2123 2920 no-
2141 2838 2186 2902 tul
2201 2813 2347 2903 “l'tfflllffi

1374 2949 1446 3009 stris
1467 2948 1498 3010 S.
1517 2949 1551 3010 R.
1571 2951 1604 3010 E.
1630 2949 1843 3013 cardinalibus
1864 2952 2122 3030 congregationis

1374 3041 1467 3102 rebus
1496 3041 1712 3119 Propagandae
1737 3043 1821 3104 Fidei
1846 3044 2045 3122 praepositae,
2068 3045 2122 3123 qui

1376 3135 1460 3196 iussu
1483 3145 1589 3197 nostro
1604 3137 1682 3214 ipsas
1697 3137 1933 3198 constitutiones
1954 3155 2009 3200 seu
2031 3155 2124 3215 regu·

1375 3227 1416 3289 las
1431 3238 1571 3290 accurate
1582 3229 1728 3290 viderunt
1744 3237 1774 3291 et
1789 3229 2034 3308 perpenderunt,
2050 3247 2122 3293 con-

1373 3321 1463 3394 silio,
1495 3321 1617 3382 easdem
1648 3321 1852 3400 praeinsertas
1884 3323 2123 3386 constitutiones

1373 3429 1427 3474 seu
1452 3414 1588 3489 regulas,
1615 3431 1687 3476 cum
1718 3416 1862 3477 omnihus
1884 3424 1915 3477 et
1936 3415 2067 3494 singulis
2089 3417 2122 3477 in

1374 3507 1416 3567 eis
1447 3507 1617 3582 contentis,
1651 3509 1831 3570 auctoritate
1865 3509 2043 3588 apostolica,
2077 3517 2122 3571 le·

1375 3616 1451 3662 nore
1472 3601 1692 3680 praesentium,
1718 3603 1939 3664 confirmamus
1964 3610 1995 3664 et
2015 3619 2122 3682 appro-

1375 3695 1493 3769 bamus,
1507 3693 1629 3773 illisque
1644 3693 1862 3771 irrefragabilis
1877 3695 2059 3773 apostolicae
2072 3696 2122 3756 hr-

1375 3789 1490 3848 mitatis
1511 3787 1575 3847 vim
1598 3795 1628 3847 et
1657 3787 1749 3848 robur
1776 3788 1953 3862 adhelmus,
1977 3805 2010 3851 ac
2031 3805 2121 3867 quos-

1374 3895 1506 3958 cumque
1542 3879 1618 3940 iuris
1649 3889 1680 3940 et
1715 3879 1784 3942 iacti
1820 3880 1974 3954 etelectus,
2010 3882 2036 3942 si
2067 3885 2121 3960 qui

1374 3975 1504 4050 desuper
1529 3971 1760 4050 quomodolibet
1785 3975 2025 4050 intervenerint,
2050 3991 2122 4053 sup·

1374 4067 1509 4144 plemus:
1533 4066 1615 4126 salva
1638 4073 1740 4127 tamen
1761 4083 1885 4145 semper
1900 4067 1932 4126 in
1947 4069 2121 4146 praemissis

1373 4159 1554 4220 auctoritate
1576 4167 1765 4220 memoratae
1780 4159 2035 4236 congregationis
2050 4162 2120 4224 car·

1373 4251 1534 4313 dinalium.

1413 4347 1431 4420 ἓ
1453 4347 1481 4407 6.
1507 4347 1725 4419 DecernenteS,
1741 4345 1864 4407 easdem
1880 4355 2056 4426 praesentes
2071 4349 2120 4412 lit·
2140 4363 2341 4426 rqaesenuscon·

1374 4447 1453 4502 teras
1475 4456 1508 4500 ac
1530 4439 1802 4501 constitututiones
1823 4456 1878 4502 seu
1897 4442 2019 4518 regulas
2040 4459 2120 4504 sem·
2139 4419 2287 4516 ffilffif⁰⁰¹⁵
2306 4417 2341 4460 ‘¹¹'

1373 4549 1427 4610 per
1449 4531 1564 4607 sirmas,
1591 4531 1706 4594 validas
1727 4540 1758 4594 et
1779 4533 1914 4595 eilicacos
1936 4535 2069 4597 existere
2089 4545 2119 4598 et

1374 4625 1449 4700 lore,
1476 4642 1610 4704 suosque
1635 4625 1788 4704 plenarios
1808 4635 1839 4688 et
1868 4627 2007 4704 integros
2029 4629 2118 4690 ellec-

1375 4727 1423 4780 tus
1454 4719 1557 4782 sortiri
1580 4727 1611 4780 et
1638 4719 1797 4795 obtinere,
1820 4721 1958 4796 aedilis,
1982 4721 2017 4782 ad
2043 4738 2119 4800 quos

1372 4821 1488 4890 spectat
1500 4822 1530 4874 et
1542 4829 1597 4892 pro
1614 4821 1751 4890 tempore
1766 4815 2025 4892 quandocumque
2036 4831 2117 4894 spec·

1374 4907 1460 4981 tabit,
1483 4905 1516 4968 in
1545 4907 1692 4968 omnihus
1713 4915 1743 4967 et
1765 4925 1820 4987 per
1846 4908 1950 4968 omnia
1978 4909 2118 4986 plenissi-

1372 5015 1423 5061 me
1443 5000 1616 5076 sullragarl,
1639 5007 1669 5060 et
1691 5001 1727 5062 ah
1752 5001 1811 5060 illis
1832 5000 2004 5078 respective
2018 5002 2120 5063 invio-

1374 5093 1508 5155 labiliter
1521 5093 1690 5167 observari,
1706 5093 1812 5171 sicque
1828 5093 1859 5154 in
1875 5095 2049 5171 praemissis
2064 5111 2118 5172 per

1372 5201 1585 5264 quoscumque
1607 5185 1720 5247 iudices
1748 5187 1919 5248 ordinarios
1941 5189 1978 5247 et'
1998 5187 2118 5262 delega-

1374 5289 1429 5355 tos,
1453 5281 1545 5342 etiam
1570 5295 1733 5342 causarum
1754 5279 1855 5356 palatii
1883 5277 2041 5356 apostolici
2065 5295 2117 5339 au·

1372 5375 1501 5448 ditores,
1525 5373 1652 5435 iudicari
1674 5381 1705 5434 et
1727 5373 1850 5434 deliniri
1874 5373 1997 5448 dehere,
2020 5389 2054 5434 ac
2077 5373 2118 5433 ir·

1372 5468 1469 5528 ritum
1495 5474 1525 5527 et
1547 5467 1640 5528 inane
1666 5465 1816 5544 quidquid
1844 5481 1931 5527 secus
1956 5467 2118 5544 superbis

1371 5577 1387 5619 a
1409 5577 1576 5638 quoquam,
1590 5562 1698 5639 quavis
1714 5560 1907 5632 auctoritate,
1920 5559 2054 5620 scienter
2068 5559 2118 5620 vel

1373 5656 1563 5732 ignoranter,
1587 5655 1753 5730 contigerit
1773 5654 1930 5716 attentari.

1075 5820 1103 5827 ,-
1130 5821 1158 5825 ,,
1174 5815 1446 5824 ...-..-.-.---.-
1474 5816 1480 5820 .
1536 5816 1539 5820 .
1578 5815 1605 5820 ..-

610 5909 640 5963 (lt
656 5909 705 5950 Pro
719 5903 857 5950 brevitatis
872 5903 960 5960 gratia
977 5903 1084 5960 regulas
1099 5915 1149 5948 ιιοιι
1164 5901 1317 5948 transcribi·

569 5985 641 6032 mtts3
657 5978 766 6034 possunt
783 5975 865 6019 videri
880 5975 906 6018 in
920 5973 987 6018 Bull.
1003 5974 1034 6017 cle
1049 5977 1122 6028 Prop.
1139 5971 1200 6015 h'iale
1215 5971 1264 6017 vol.
1277 5977 1315 6030 ll.,

1371 5911 1427 5956 pag.
1446 5903 1491 5955 iio,
1506 5903 1532 5944 et
1547 5899 1573 5944 in
1589 5899 1654 5943 Bull.
1671 5901 1744 5944 Rom.
1761 5897 1822 5942 edit.
1844 5897 1941 5944 taurin.
1957 5897 2007 5942 vol.
2023 5899 2117 5956 XXIV.,

1371 5980 1428 6026 pag.
1446 5971 1489 6012 iae.
