4866 6980
1796 584 1835 651 67
1886 583 1940 640 tn.
1960 585 2074 642 (1.1688

306 717 491 780 electionem
513 717 545 778 in
567 716 760 794 superiorem
787 715 966 792 generalem
986 732 1053 778 mo·
1108 717 1281 796 praemissis
1309 717 1492 782 habentium
1513 735 1568 782 seu
1595 719 1725 784 alicuius
1746 737 1856 785 eorum

306 811 478 873 uacborom
509 807 706 882 huiusmodi,
736 809 908 874 emotiones
927 825 1051 888 quoque
1109 809 1240 887 desuper
1260 809 1356 874 luerit
1377 811 1555 890 requisitus,
1568 811 1691 876 easdem
1712 829 1856 892 praesen·

305 903 459 966 dictorum
486 901 702 964 consultorum
724 909 755 964 et
781 901 913 966 aliorum
945 917 1052 964 mona·
1107 908 1154 964 tes
1176 901 1290 979 literas,
1313 909 1345 966 ot
1365 904 1457 966 ineis
1477 911 1620 968 contenta
1641 922 1856 986 quaecumque

305 997 434 1058 eborum
461 1009 732 1074 quorumcumque
753 1011 769 1055 a
790 994 855 1058 suis
881 995 1052 1073 respective
1107 994 1289 1058 solemniter
1309 995 1486 1076 publicans,
1510 997 1633 1076 illisque
1654 998 1687 1060 in
1709 1001 1856 1077 praemis-

304 1087 500 1162 muueribus,
515 1095 547 1150 et
567 1087 700 1150 aliorum
715 1088 927 1166 quorumlibet
941 1087 1053 1150 officia·
1108 1086 1149 1148 sis
1170 1085 1300 1150 efficacis
1320 1087 1509 1152 detensionis
1530 1089 1683 1168 praesidio
1698 1091 1854 1167 assistens,

305 1182 381 1246 lium
395 1197 452 1243 seu
466 1181 682 1242 ministrorum
694 1179 919 1258 deputationes,
930 1196 1051 1244 necnon
1108 1177 1197 1240 laciat
1218 1181 1402 1244 auctoritate
1413 1183 1516 1244 nostra
1538 1182 1606 1244 illos
1626 1199 1735 1246 omnes
1749 1193 1780 1246 et
1793 1186 1856 1246 siu-

305 1273 1052 1353 assumptionemsupradictiProto-archimandri·
1109 1271 1197 1348 gulos
1218 1274 1431 1351 praesentium
1448 1273 1611 1338 literarum
1624 1284 1656 1338 et
1678 1277 1710 1339 in
1725 1277 1769 1339 eis
1784 1295 1856 1340 con·

306 1377 397 1443 tatus,
419 1378 451 1430 et
471 1367 527 1428 alia
549 1382 765 1446 quaecumque
779 1367 811 1428 iu
827 1366 1002 1444 praemissis
1016 1366 1053 1428 ab
1108 1371 1268 1426 tentorum
1290 1368 1472 1456 eorumdem
1504 1368 1666 1430 commodo
1687 1377 1718 1432 et
1742 1369 1856 1434 ellectu

305 1463 413 1526 eodem
436 1461 671 1538 drobiepiscopo
692 1460 849 1522 llioviensi
872 1459 905 1522 in
921 1461 987 1522 vim
1002 1459 1052 1522 val
1108 1457 1232 1535 pacifice
1259 1458 1321 1520 irui
1350 1467 1381 1521 et
1406 1460 1558 1536 gaudere,
1582 1476 1645 1524 uon
1672 1463 1857 1540 permittens

306 1563 466 1636 praetextu
487 1554 648 1616 electionis
669 1553 846 1616 huiusmodi
861 1553 1052 1630 quomodoli-
1109 1549 1177 1612 illos
1197 1549 1329 1630 desuper
1344 1569 1359 1614 a
1375 1567 1532 1631 quoquam
1553 1554 1661 1631 quavis
1675 1555 1856 1618 auctoritate

304 1650 355 1712 bet
375 1649 470 1722 lacta,
497 1653 562 1709 acta
582 1655 613 1708 et
642 1653 726 1722 gesta
756 1661 830 1708 oum
856 1645 1001 1707 omnibus
1022 1653 1053 1708 et
1109 1643 1340 1720 quomodolibet
1367 1644 1505 1708 indebite
1532 1645 1706 1722 molestari,
1734 1655 1857 1724 pertur-

304 1741 436 1818 singulis
457 1739 528 1804 indo
543 1739 667 1814 secutis,
682 1739 863 1802 auctoritate
877 1737 1050 1816 apostolica,
1108 1733 1184 1810 bari,
1208 1735 1257 1797 vel
1278 1737 1460 1815 iuquietari;
1483 1739 1722 1802 contradictores
1743 1739 1856 1817 quosli-

305 1843 413 1898 tenore
439 1833 663 1912 praesentium,
688 1846 857 1905 cassamus,
880 1831 1050 1905 irritamus,
1109 1827 1160 1888 bet
1181 1837 1212 1890 et
1233 1829 1363 1892 rebelles
1385 1846 1440 1908 per
1459 1831 1640 1906 sententias,
1663 1849 1808 1894 censuras
1825 1840 1857 1895 et

305 1927 510 1990 invalidamus
532 1934 563 1988 et
584 1924 795 2000 annullamus,
818 1923 1001 2001 viribusque
1021 1931 1053 1985 et
1109 1936 1223 1999 poenas
1245 1921 1471 1999 ecclesiasticas,
1487 1923 1607 2002 aliaque
1621 1932 1794 2003 opportuna
1810 1927 1856 1986 iu-

304 2023 415 2086 eiiectu
444 2021 570 2099 penitus
597 2027 628 2081 et
655 2017 785 2080 omuino
811 2033 996 2092 vacuamus,
1019 2032 1052 2078 ac
1109 2014 1151 2075 ris
1165 2022 1197 2076 et
1211 2013 1280 2076 laeti
1297 2016 1443 2091 remedia,
1460 2016 1663 2096 appellatione
1677 2019 1855 2097 postpositi,

303 2133 396 2190 cassa,
418 2114 517 2188 irrita,
541 2112 674 2175 invalida
696 2119 727 2172 et
748 2109 845 2184 nulla,
872 2109 1052 2187 viribusque
1108 2107 1346 2186 compescendo,
1380 2108 1590 2188 legitimisque
1615 2127 1708 2188 super
1736 2113 1784 2173 bis
1805 2113 1858 2173 ha-

304 2219 335 2272 et
354 2208 467 2270 ellectu
487 2223 582 2268 vacua
596 2222 629 2268 ac
644 2203 762 2266 nullius
783 2203 913 2266 omuino
934 2202 1052 2264 roboris
1108 2199 1216 2262 bendis
1237 2201 1430 2278 processibus
1452 2205 1635 2278 sententias,
1658 2220 1804 2266 censuras
1826 2213 1857 2266 et

304 2311 335 2364 et
356 2299 509 2363 momenti
524 2315 589 2360 esse
603 2305 634 2360 et
649 2297 725 2370 lore,
741 2295 937 2358 deceruimus
954 2302 985 2356 et
1000 2295 1051 2358 de·
1109 2307 1221 2370 poenas
1242 2293 1321 2372 ipsas
1349 2295 1443 2356 etiam
1466 2295 1582 2358 iteratis
1610 2296 1729 2358 vicibus
1749 2311 1857 2374 aggra-

304 2392 463 2454 claramus.
1109 2385 1221 2461 vando,
1245 2386 1386 2449 invocato
1401 2388 1495 2450 etiam
1515 2388 1551 2448 ad
1574 2389 1643 2463 boc,
1659 2388 1684 2450 si
1699 2404 1776 2468 opus
1791 2389 1856 2450 lue-

343 2485 412 2560 §le
436 2485 596 2546 Praeterea
621 2481 830 2559 supradictum
859 2483 1052 2560 superiorem
1109 2479 1160 2552 rit,
1183 2479 1299 2540 auxilio
1320 2479 1435 2542 bracbii
1457 2479 1629 2543 saecularis.

304 2577 482 2654 generalem
504 2591 537 2636 ac
558 2573 707 2653 praelatos
728 2573 919 2636 consultores
932 2582 964 2636 et
978 2573 1053 2635 alios
1148 2572 1167 2645 ἓ
1188 2571 1217 2632 8.
1241 2571 1310 2634 Nou
1331 2573 1525 2636 obstantibus
1543 2575 1853 2652 praemissisaclelic.

305 2669 469 2732 monachos
500 2682 729 2746 quoscumque,
752 2685 768 2728 a
788 2667 853 2728 suis
880 2667 1053 2745 respective
1109 2665 1228 2726 record.
1246 2665 1393 2728 Bonilacii
1417 2666 1513 2744 Papae
1528 2666 1605 2728 Vlll.
1617 2668 1856 2746 praedecessoris

305 2762 487 2825 muneribus
507 2777 562 2822 seu
577 2759 685 2822 ollxciis
700 2777 754 2838 per
773 2768 981 2822 memoratum
996 2760 1051 2822 Ar·
1109 2759 1207 2821 nostri
1229 2759 1267 2820 de
1289 2775 1362 2833 una,
1377 2765 1409 2820 et
1424 2759 1547 2821 concilii
1563 2759 1717 2836 generalis
1732 2762 1770 2824 de
1784 2762 1855 2824 dua-

304 2855 532 2934 cbiepiscopum
555 2853 753 2916 llioviensem
775 2860 893 2916 amotos
913 2869 968 2916 seu
986 2855 1053 2916 des-
1109 2851 1165 2912 bus
1179 2851 1280 2926 dietis,
1293 2851 1423 2930 aliisque
1437 2852 1607 2931 apostolicis
1622 2869 1666 2929 ac,
1683 2853 1715 2916 in
1730 2854 1856 2918 univer-

306 2949 425 3023 titulos,
446 2945 482 3008 ad
505 2949 611 3010 eadem
639 2947 808 3026 respectiva
837 2961 968 3008 munera
996 2963 1051 3008 seu
1108 2945 1220 3007 salibus
1254 2945 1558 3024 provincialibusque
1593 2953 1624 3008 et
1658 2947 1856 3025 synodalibus

305 3041 413 3114 ollrcia,
435 3057 469 3103 ac
490 3039 563 3100 alias
583 3039 616 3100 in
638 3039 799 3116 integrum
819 3047 850 3101 et
871 3039 1050 3118 pristinum,
1108 3037 1246 3108 conciliis
1267 3036 1368 3112 editis,
1385 3036 1582 3114 generalibus
1603 3038 1654 3100 vel
1673 3039 1856 3118 specialibus

304 3152 337 3195 ac
359 3150 449 3207 eum,
473 3133 505 3194 in
526 3149 589 3210 quo
609 3139 682 3193 ante
709 3131 949 3194 celebrationem
979 3149 1051 3194 con·
1108 3129 1380 3193 constitutionibus
1400 3137 1432 3192 et
1451 3130 1709 3206 ordinationibus,
1732 3148 1856 3196 necnon

305 3227 493 3304 gregationis
513 3241 568 3286 seu
589 3225 712 3302 capituli
735 3223 889 3300 generalis
904 3226 1050 3304 praedicti
1107 3230 1261 3300 quatenus
1291 3239 1367 3302 opus
1393 3224 1433 3285 sit
1459 3223 1531 3288 dicti
1560 3224 1698 3300 Ordinis,
1727 3225 1856 3305 aliisque

305 3319 535 3399 quomodolibet
556 3323 655 3392 erant,
676 3323 803 3392 statum,
823 3319 1006 3379 auctoritate
1019 3326 1051 3380 et
1108 3315 1280 3395 quibusvis
1303 3317 1396 3378 etiam
1419 3317 1605 3392 iuramento,
1621 3319 1857 3384 confirmatione

189 3493 191 3496 Ι
305 3421 414 3474 tenore
439 3411 667 3490 praesentium,
696 3411 907 3484 restituimus,
930 3412 1051 3489 reponi·
1107 3409 1279 3487 apostolici,
1302 3410 1353 3472 vel
1373 3410 1481 3488 quavis
1492 3411 1640 3472 firmitate
1661 3410 1719 3472 alii
1733 3411 1856 3473 robora-

946 598 1154 644 innocentius
1176 597 1221 644 lli.

304 3523 386 3581 mus,
406 3513 439 3569 et
458 3504 594 3584 plenarie
616 3505 855 3580 reintegramus.

344 3599 412 3674 §5-
437 3600 532 3662 Porro
552 3597 827 3674 congregationem
848 3597 914 3658 sive
935 3597 1052 3676 capitu-

305 3695 370 3756 lum
388 3691 534 3769 generale
548 3692 702 3754 dictorum
717 3690 953 3766 monachorum,
967 3690 1050 3752 iuxta

303 3785 544 3848 consentionem
555 3783 771 3861 supradictam,
784 3783 897 3860 lryeme
911 3783 1051 3861 proxime

304 3880 436 3940 venturi
457 3877 604 3938 celebrari
625 3875 748 3949 debere,
765 3875 843 3938 dicu
857 3876 1049 3950 auctoritate,

304 3973 415 4035 barum
435 3970 526 4045 serie,
548 3969 713 4031 statuimus
734 3976 765 4029 ot
779 3969 969 4030 ordinamus.

345 4067 364 4140 ἓ
384 4065 413 4126 6.
437 4065 658 4136 Decerueutes,
675 4059 796 4122 easdem
818 4067 994 4139 praesentes
1017 4059 1051 4122 li-

304 4165 383 4218 teras
400 4157 513 4232 urnas,
530 4153 646 4216 validas
667 4161 699 4216 et
720 4155 854 4216 elllcaces
872 4153 1006 4216 existere
1020 4161 1050 4216 et

303 4250 380 4325 iore,
401 4265 537 4326 suosque
557 4247 711 4324 plenarios
725 4253 756 4308 et
771 4247 910 4324 integros
924 4247 1051 4310 ellectus

303 4343 408 4405 sortiri
428 4349 459 4403 et
480 4341 633 4413 obtinere,
655 4357 688 4401 ac
709 4339 782 4414 illis,
805 4341 841 4402 ad
866 4357 943 4418 quos
967 4357 1052 4418 spec·

305 4443 347 4498 tat
368 4443 399 4496 et
424 4435 573 4513 spectabit
604 4433 637 4494 iu
667 4432 824 4508 luturum,
850 4433 881 4494 in
906 4433 1051 4495 omuibus

304 4537 335 4590 et
356 4545 410 4606 per
430 4527 534 4589 omnia
559 4526 739 4604 plenissime
763 4527 935 4602 sutlragaxi,
962 4533 993 4588 et
1014 4525 1052 4587 ab

303 4621 348 4682 eis
369 4621 539 4698 respective
560 4619 781 4682 inviolabiliter
805 4619 973 4694 observari,
995 4619 1052 4682 sic·

303 4731 365 4793 que
386 4714 418 4776 iu
447 4713 620 4792 praemissis
651 4728 705 4790 per
733 4728 946 4790 quoscumque
974 4714 1050 4775 iudi-

303 4825 352 4870 ces
378 4806 551 4868 ordinarios
574 4813 606 4868 et
632 4805 798 4882 delegatos,
828 4805 921 4866 etium
950 4823 1050 4868 causa-

303 4917 375 4962 rum
395 4899 497 4979 palatii
518 4899 675 4976 apostolici
696 4899 862 4972 auditores,
880 4898 1006 4962 iudicari
1020 4907 1051 4962 et

302 4993 427 5056 deliniri
454 4992 583 5067 debere,
613 5008 648 5052 ac
675 4991 802 5054 irritum
827 5000 859 5052 et
887 4993 996 5068 inane,
1025 4993 1050 5053 si

302 5103 391 5148 secus
410 5103 504 5164 super
525 5086 572 5146 bis
592 5102 609 5144 a
630 5100 798 5162 quoquam,
818 5085 927 5161 quavis
949 5093 1050 5147 aucto·

303 5180 405 5253 ritate,
430 5179 565 5254 scienter
587 5177 636 5240 vel
664 5178 857 5254 ignoranter,
884 5178 1051 5255 contigerit

302 5273 460 5334 attentari.

342 5369 362 5442 ἓ
383 5366 411 5428 7.
435 5365 578 5442 Quocirca
601 5373 774 5428 memorato
800 5365 901 5444 tipitio
926 5365 1050 5428 brebie-

302 5461 426 5540 piscopo
448 5467 478 5522 et
493 5459 616 5523 Nuucio
637 5475 691 5537 per
712 5466 889 5536 praesentes
909 5459 1052 5520 commit-

302 5555 399 5616 timus
420 5561 452 5616 et
472 5554 665 5628 mandamus,
688 5559 841 5632 quatenus
861 5553 926 5630 ipso
943 5567 998 5628 per
1018 5567 1050 5612 se

303 5643 355 5710 vel
375 5648 472 5708 alium
492 5663 547 5709 seu
568 5647 654 5722 alios,
677 5646 730 5709 ubi
758 5644 808 5706 vel
828 5644 951 5723 quaudo
973 5660 1051 5724 opus

303 5741 416 5816 luerit,
445 5748 477 5802 et
503 5741 625 5819 quoties
650 5755 705 5820 pro
733 5746 820 5818 parte
847 5739 996 5800 iuteresse
1017 5737 1050 5798 in

343 5955 373 6008 (1)
389 5954 426 5995 lex
440 5955 502 6011 Reg.
519 5952 546 5997 in
562 5953 637 5998 Arcb.
653 5955 726 5998 Brev.

1108 3502 1158 3578 tis,
1180 3502 1303 3564 statutis
1323 3509 1355 3564 et
1376 3501 1665 3577 consuetudinibus,
1682 3500 1856 3582 privilegiis

1108 3611 1243 3673 quoque,
1266 3595 1394 3658 indultis
1418 3604 1451 3658 et
1478 3595 1589 3658 litteris
1615 3596 1799 3676 apostolicis,
1822 3597 1856 3658 in

1107 3689 1299 3750 contrarium
1331 3689 1591 3766 praemissorum,
1624 3689 1857 3767 quomodolibet

1107 3781 1268 3855 concessis,
1284 3781 1475 3842 contirmatis
1496 3787 1527 3841 et
1548 3782 1715 3842 innovatis.
1739 3781 1857 3857 Quibus

1108 3873 1252 3936 omnibus
1273 3883 1304 3935 et
1327 3873 1471 3950 siugulis,
1494 3891 1604 3936 eorum
1628 3882 1750 3936 tenores
1772 3890 1857 3952 prae-

1107 3966 1248 4028 sentibus
1270 3983 1324 4044 pro
1346 3967 1437 4044 plene
1452 3976 1483 4030 et
1499 3967 1691 4030 sullicienter
1705 3968 1857 4046 expressis

1108 4066 1139 4120 et
1160 4061 1196 4122 ad
1221 4059 1353 4122 verbum
1375 4061 1499 4122 insertis
1520 4061 1679 4136 babentes,
1702 4060 1764 4121 illis
1785 4059 1856 4120 aliis

1108 4151 1141 4212 in
1161 4167 1218 4214 suo
1240 4153 1350 4216 robore
1374 4153 1596 4231 permansuris,
1618 4155 1654 4216 ad
1676 4153 1856 4232 praemisso-

1108 4259 1179 4306 rum
1200 4245 1357 4320 ellectum,
1380 4248 1434 4308 bac
1462 4247 1529 4308 vice
1557 4248 1717 4308 dumtaxat
1742 4245 1857 4322 specia-

1109 4337 1180 4400 liter
1214 4346 1245 4400 et
1278 4354 1422 4416 expresso
1447 4341 1650 4416 derogamus,
1683 4338 1856 4416 ceterisque

1107 4432 1271 4493 contrariis
1292 4417 1549 4511 quibuscumque.

1148 4525 1259 4586 llatunt
1292 4525 1415 4600 Romae,
1448 4526 1526 4603 apud
1557 4527 1588 4588 S.
1613 4525 1738 4588 Mariam
1765 4527 1856 4587 ltlaio-

1108 4634 1187 4692 rem,
1209 4618 1267 4679 sub
1288 4617 1405 4680 annulo
1422 4618 1596 4691 Piscatoris,
1612 4619 1661 4680 die
1677 4633 1752 4678 xxx.
1774 4626 1856 4680 octo-

1109 4711 1169 4772 bris
1197 4725 1414 4784 uncuxxxur„
1447 4711 1645 4789 pontificatus
1677 4712 1775 4774 uostri
1803 4727 1857 4772 an·

1108 4817 1149 4864 uo
1171 4818 1227 4862 vri.

1367 4989 1604 4998 -—

1435 5165 1527 5226 XXll.

1110 5364 1285 5442 Confirmet
1298 5365 1470 5444 pricitcpio
1481 5385 1501 5428 u
1512 5367 1656 5443 practer.
1667 5365 1802 5428 blel’l’.
1812 5369 1855 5430 lo-

1148 5458 1195 5516 cis
1214 5455 1460 5520 lbrrcesoectae
1475 5467 1676 5532 consessori
1692 5458 1856 5540 [retribue

1152 5547 1334 5614 Minoribus
1357 5551 1388 5613 S.
1413 5551 1449 5614 l'.
1471 5553 1507 5614 de
1525 5551 1736 5616 Obseruantia
1757 5554 1857 5615 111111-

1148 5639 1293 5814 Ξρειῖῧιε
1315 5643 1539 5724 indulgentius
1560 5645 1724 5723 plenarios
1750 5661 1856 5709 couce-

1171 5743 1196 5797 tt
1266 5779 1273 5792 .
