4848 6990
340 555 395 616 1111.
410 562 440 618 (l.
462 557 530 618 1686
580 555 620 626 90

559 702 731 780 sationem,
754 718 823 780 qua,
846 703 914 765 sine
941 701 1080 778 legitima
1101 701 1190 764 cause
1211 717 1227 762 a
1248 699 1307 762 dis·

560 798 652 860 cretis
674 797 874 876 approbanda,
897 813 930 858 se
951 812 967 856 a
989 795 1199 870 missionibus,
1222 797 1307 857 iuxta

559 889 950 968 praescriptumguardiani
961 889 1011 950 vel
1021 890 1221 952 commissarii
1236 889 1307 950 mis-

558 984 682 1044 sionum
693 983 850 1056 iaciendis,
860 983 1064 1058 excusaverit,
1077 989 1130 1044 aut
1140 999 1195 1062 per
1209 981 1307 1044 delec-

558 1081 627 1136 tum
650 1075 682 1136 in
708 1075 924 1137 observatione
945 1078 1155 1154 praesentium
1179 1083 1308 1138 statuto-

557 1183 629 1228 rum
652 1174 682 1229 et
702 1168 783 1246 pacis
803 1169 961 1230 seminarii
982 1186 1014 1230 ac
1036 1169 1153 1231 decoris
1168 1168 1307 1230 exercitii

557 1261 793 1322 conservatione
807 1262 1018 1336 commissum,
1034 1279 1089 1324 seu
1103 1279 1159 1340 per
1173 1261 1306 1340 aliquam

559 1353 728 1415 vocationis
740 1355 991 1430 mutabilitatem,
1005 1371 1074 1434 qua,
1090 1355 1187 1417 tribus
1198 1353 1306 1417 distin-

558 1447 615 1508 ctis
635 1447 765 1520 vicibus,
788 1448 820 1508 in
843 1447 942 1510 tribus
963 1449 1115 1510 distinctis
1136 1449 1305 1523 mensibus,

559 1540 683 1618 aspiciat
704 1547 800 1614 retr0,
830 1547 861 1602 et
882 1547 1020 1602 aratrum
1046 1541 1127 1602 velle
1148 1542 1306 1602 dimittere

560 1647 623 1692 non
645 1633 816 1705 erubescat,
833 1649 865 1692 ac
882 1633 1002 1694 exitum
1026 1651 1041 1692 a
1063 1633 1229 1694 seminario
1243 1649 1308 1694 am-

559 1723 651 1801 plecti
661 1741 723 1786 non
736 1725 909 1800 abhorreat,
926 1727 1080 1787 consortio
1092 1727 1306 1804 operariorum

553 1817 669 1878 'vineae
691 1819 812 1879 Domini
828 1819 977 1895 indiguus
992 1819 1159 1894 efficiatur,
1183 1819 1220 1880 de
1235 1835 1305 1880 con-

559 1927 653 1972 sensu
668 1912 793 1972 maioris
808 1913 902 1991 partis
916 1912 1089 1974 discretorii
1100 1914 1135 1972 ad
1152 1913 1305 1990 propriam

560 2002 750 2081 provinciam
772 2005 962 2079 remittetur,
979 2005 1083 2082 ibique
1104 2023 1119 2066 a
1141 2005 1306 2082 superiori-

561 2098 618 2158 bus
638 2098 696 2160 sub
717 2100 832 2160 eisdem
855 2100 979 2178 poenis,
1001 2100 1060 2160 sub
1081 2100 1193 2176 quibus
1215 2100 1308 2161 licen-

561 2191 631 2252 tiari
653 2191 774 2266 debuit,
806 2193 921 2254 iterum
947 2193 1124 2270 recipiatur,
1148 2200 1178 2254 el
1199 2195 1306 2270 poenis

562 2283 594 2344 in
621 2284 745 2345 statutis
775 2295 882 2346 contra
910 2286 1118 2364 incorporatos
1149 2287 1180 2349 in
1209 2286 1306 2348 aliena

560 2377 719 2453 provincial
733 2385 764 2438 et
787 2378 902 2440 iterum
918 2381 1084 2440 redeuutes
1099 2381 1134 2441 ad
1150 2381 1307 2458 propriam

560 2471 714 2531 contentis
741 2471 904 2532 subiaceat.
934 2473 984 2546 Et,
1006 2473 1031 2532 si
1057 2473 1221 2548 religiosus
1242 2473 1307 2534 His-

560 2581 659 2644 panus
680 2565 789 2638 luerit,
812 2571 843 2626 et
864 2585 879 2627 a
900 2568 1067 2628 seminario
1089 2569 1121 2630 in
1148 2569 1306 2630 indiarum

560 2660 698 2736 partibus
713 2659 867 2721 existente
881 2661 1065 2738 expellatur,
1078 2663 1134 2721 eia
1149 2665 1308 2742 superiore

562 2753 699 2829 generali
722 2753 845 2816 illarum
868 2753 1005 2832 partium
1027 2755 1127 2833 aliqua
1149 2759 1307 2834 provincia

561 2847 747 2923 assignetur,
771 2847 803 2908 in
825 2864 882 2924 qua
899 2847 993 2908 dictas
1008 2865 1120 2926 poenas
1141 2851 1261 2928 subeat,
1277 2861 1308 2914 et

562 2943 716 3018 usquead
750 2949 884 3019 tempus,
915 2942 946 3002 in
974 2959 1051 3020 quo,
1084 2947 1169 3007 iuxta
1195 2953 1307 3009 statuta

562 3034 736 3110 generalia,
760 3035 935 3112 Hispaniam
964 3038 1074 3099 venire
1102 3041 1214 3118 possit,
1236 3059 1309 3105 con·

561 3136 722 3206 servetur;
745 3131 769 3188 si
792 3137 896 3190 autern
925 3131 1065 3193 babitum
1087 3133 1118 3193 in
1143 3137 1308 3200 seminario

563 3223 725 3302 receperit,
750 3221 790 3282 ibi
812 3223 956 3286 omnibus
984 3226 1168 3304 prudentiae
1188 3231 1309 3293 1111111-

563 3317 664 3380 mibus
679 3317 788 3378 mediis
803 3317 989 3394 corrigatur,
1005 3327 1047 3395 et,
1063 3322 1089 3381 si
1104 3339 1160 3400 per
1174 3334 1309 3404 quatuor

501 3477 503 3484 ,
562 3427 660 3472 annos
672 3409 888 3487 incorrigibilis
900 3416 1310 3496 perseveraverit,superior

563 3503 727 3580 generalis,
744 3505 921 3566 admonitus
935 3521 951 3564 a
966 3507 1075 3570 maiori
1097 3515 1183 3586 parte
1198 3512 1310 3574 discre-

564 3597 656 3672 torii,
689 3596 832 3658 illumin
861 3597 961 3676 aliqud
983 3615 1021 3660 ex
1049 3603 1112 3664 suis
1140 3605 1309 3682 provinciis

562 3690 740 3765 constituat,
764 3696 828 3750 uta
850 3691 993 3768 pestilera
1015 3697 1199 3772 contagione
1220 3717 1309 3762 evan-

563 3784 653 3860 gelici
673 3783 821 3860 ministri,
838 3785 891 3862 qui
906 3785 949 3846 sal
967 3791 1067 3850 terrae
1081 3797 1112 3852 11
1128 3791 1182 3853 lux
1202 3796 1310 3857 muudi

562 3893 596 3939 ac
606 3877 745 3938 civitates
765 3893 856 3955 supra
877 3887 1019 3942 montem
1041 3883 1157 3959 positae
1178 3902 1244 3948 esse
1259 3887 1311 3950 de-

562 3969 648 4045 bent,
671 3969 799 4049 provide
820 3969 1003 4034 liberentur.
1024 3975 1216 4040 Guardianus
1237 3997 1309 4043 cum

563 4062 782 4142 approbatione
803 4063 1006 4126 discretorum
1028 4085 1083 4146 per
1104 4071 1311 4148 1111111111-

563 4163 645 4218 creta
666 4155 779 4235 poterit
800 4157 936 4218 novitios
951 4159 1031 4220 intra
1047 4163 1235 4240 praedictum
1252 4184 1309 4230 nu-

563 4263 687 4310 merum
708 4248 860 4328 recipere;
890 4251 1059 4330 recipiendi
1080 4263 1203 4328 autem,
1227 4259 1308 4322 ultra

562 4341 725 4426 qualitates
745 4343 778 4403 in
799 4343 924 4404 statutis
952 4344 1202 4412 ultramontanae
1223 4351 1308 4415 lami-

563 4435 622 4496 liae
643 4442 673 4498 et
704 4435 864 4497 lndiarum
891 4439 1064 4516 respective
1095 4445 1307 4524 praescriptas,

562 4527 617 4590 tali
628 4527 755 4589 scientia
769 4529 833 4589 siut
844 4531 986 4607 praediti,
999 4540 1045 4608 11,
1059 4541 1212 4598 transacto
1226 4545 1308 4602 statu

562 4620 709 4694 clericali,
734 4636 790 4683 seu
811 4621 1013 4699 clxoristatuS,
1041 4625 1132 4689 alicui
1161 4631 1309 4695 exercitio

562 4731 600 4776 ex
621 4714 694 4790 illis,
716 4713 753 4776 ad
774 4731 863 4794 quae,
886 4725 921 4778 ut
942 4719 1127 4796 praefertur,
1143 4725 1307 4786 seminaria

561 4808 738 4884 eriguntur,
762 4815 829 4872 tuto
844 4817 959 4871 etcum
977 4811 1153 4877 :animarum
1169 4817 1308 4894 proiectu

560 4915 669 4962 vacare
690 4901 805 4975 valeat,
827 4901 919 4982 eique
950 4905 1080 4982 qualitas
1102 4915 1132 4968 et
1160 4909 1307 4988 perfectio

561 4993 653 5068 vitae,
677 5009 769 5072 quam
790 4997 1308 5080 11111111111111111111,1111111111

562 5087 771 5162 novitiorum,
804 5095 876 5149 ante
906 5089 1027 5152 habitus
1058 5095 1305 5174 susceptionem,

559 5189 689 5243 extense
709 5179 896 5258 explicetur3
919 5183 972 5260 qui
993 5193 1098 5248 autem
1119 5188 1307 5266 vigesimum

561 5275 667 5335 aetatis
688 5289 805 5337 annum
827 5289 890 5336 non
911 5275 1143 5354 adimpleverit,
1166 5281 1199 5343 in
1222 5299 1307 5361 prae

561 5367 649 5430 dictis
669 5368 844 5430 seminariis
866 5369 1003 5431 novitius
1024 5388 1089 5434 non
1111 5375 1304 5455 admittatur,

562 5461 622 5521 nisi
643 5460 736 5536 aliud,
749 5477 805 5539 pro
827 5463 884 5523 boc
900 5462 950 5522 vel
972 5463 1026 5525 illo
1047 5467 1233 5544 recipiend0,
1249 5471 1307 5534 sub

560 5552 610 5613 his
630 5553 681 5614 vel
702 5554 762 5615 illis
783 5555 1035 5632 circumstantiis,
1058 5559 1148 5622 alicui
1163 5577 1200 5623 ex
1214 5564 1307 5624 semi-

562 5645 656 5706 nariis
677 5652 738 5707 tam
760 5649 870 5711 erectis
891 5665 985 5728 quam
1006 5651 1161 5729 erigendis
1182 5655 1259 5718 utile
1273 5673 1306 5720 ac

561 5737 726 5816 expediens
747 5757 763 5801 1
787 5743 947 5821 superiore
972 5745 1109 5820 generali
1135 5749 1306 5826 respective

562 5830 599 5892 de
620 5847 747 5895 assensu
777 5835 903 5897 maioris
931 5837 1026 5916 partis
1057 5839 1228 5902 discretorii
1253 5841 1307 5904 ali-

562 5925 684 6008 quando
699 5923 862 5992 iudicetur.
887 5927 1023 5993 Ulterius
1038 5931 1151 6011 poterit
1166 5935 1307 6012 guardia·

1081 577 1145 630 ten.
1169 580 1260 628 POHT.
1284 572 1325 626 1111
1347 580 1376 626 P·
1400 571 1429 626 ll.
1454 573 1536 626 PARS
1558 573 1579 624 l.

1364 714 1424 762 111
1445 698 1553 761 tratres
1574 697 1678 774 laicos,
1694 696 1732 760 de
1745 699 1870 772 assensu
1892 693 2108 773 discretorum,

1364 809 1403 854 ex
1424 807 1619 870 quacumque
1639 791 1808 870 provincie,
1820 791 1878 854 sub
1898 791 1997 854 forma
2018 800 2049 854 et
2064 807 2111 852 re·

1363 885 1505 962 ceptione
1523 884 1664 946 *aliorum
1692 884 1933 947 seminariorum
1960 885 2112 947 servandi

1364 977 1518 1056 recipere3
1542 984 1573 1038 et
1602 984 1664 1038 1111
1685 975 1800 1049 subditi
1821 993 1914 1056 quam
1935 977 2112 1055 superiores

1364 1069 1588 1148 praedictarum
1601 1069 1832 1148 provinciarum
1844 1070 1902 1130 sub
1912 1070 2030 1132 eisdem
2041 1085 2111 1148 poe-

1364 1161 1413 1221 nis
1423 1167 1591 1222 teneantur
1601 1175 1713 1221 eorum
1724 1161 1757 1221 in
1767 1161 1933 1222 seminaria
1945 1162 2112 1222 transitum

1364 1269 1428 1314 non
1449 1252 1615 1331 impedire:
1647 1261 1676 1314 at
1705 1253 1771 1314 laici
1801 1253 1969 1332 recipiendi
1998 1255 2113 1316 debent

1364 1361 1428 1407 esse
1450 1347 1566 1420 devoti,
1585 1347 1732 1425 probatae
1753 1347 1834 1407 vitae
1854 1353 1885 1407 et
1907 1348 2036 1409 omnino
2050 1348 2110 1425 apti

1363 1454 1418 1516 pro
1444 1438 1552 1498 ciliciis
1573 1455 1588 1500 a
1611 1438 1694 1499 laicis
1718 1438 1751 1498 in
1772 1439 1938 1500 seminario
1965 1455 2112 1502 exercen-

1363 1531 1417 1592 dis.
1442 1531 1615 1591 Accedente
1638 1546 1790 1592 consensu
1804 1531 1929 1592 maioris
1944 1533 2040 1610 partis
2054 1533 2113 1595 dis-

1362 1631 1531 1696 cretorum,
1556 1631 1616 1684 tam
1640 1624 1800 1684 seminarii
1822 1641 1838 1683 a
1858 1639 1930 1702 quo,
1952 1641 2046 1702 quam
2066 1642 2111 1688 se-

1362 1715 1486 1776 minarii
1505 1717 1541 1776 ad
1556 1717 1649 1792 quod,
1662 1717 1804 1794 superior
1817 1717 1973 1792 generalis
1988 1717 2112 1780 illarum

1362 1809 1509 1884 partium,
1523 1807 1555 1868 iu
1571 1807 1684 1885 quibus
1698 1808 1861 1870 seminaria
1877 1809 2005 1885 luerint,
2022 1825 2112 1888 quos·

1364 1900 1438 1961 libet
1458 1900 1620 1976 religiosos
1631 1901 1668 1962 de
1684 1917 1747 1961 uno
1762 1901 1795 1961 in
1811 1899 1893 1964 aliud
1907 1903 2112 1964 seminarium

1363 2001 1484 2054 mutare
1508 1992 1619 2068 valeat3
1643 1995 1810 2070 ecquando
1831 1995 1980 2056 transitus
2001 1995 2113 2056 balde

1362 2085 1530 2146 seminario
1551 2086 1584 2146 in
1616 2085 1776 2162 Hispaniae
1803 2087 1940 2164 partibus
1959 2091 1998 2149 ad
2021 2090 2112 2150 semi·

1362 2179 1486 2240 narium
1507 2176 1540 2237 in
1562 2177 1656 2238 indiis
1677 2179 1824 2253 existens,
1847 2195 2016 2242 consensus
2030 2195 2112 2242 com·

1366 2271 1495 2332 missarii
1522 2270 1676 2346 generalis
1698 2270 1857 2332 indiarum
1878 2273 1911 2334 in
1933 2274 2025 2336 (11111
2052 2275 2114 2336 Ha·

1365 2365 1485 2426 tricensi
1516 2363 1681 2426 residentis
1706 2373 1738 2425 et
1764 2367 1965 2428 commissarii
1995 2368 2114 2429 missio-

1364 2474 1441 2518 num
1463 2457 1516 2535 qui
1538 2473 1592 2534 pro
1615 2463 1755 2535 tempure
1773 2459 1935 2535 religiosos
1958 2461 1991 2520 in
2012 2461 2112 2522 lndias

1363 2552 1537 2612 conducere
1568 2551 1741 2626 curaverit,
1769 2552 1882 2630 absque
1910 2553 2014 2632 aliquo
2035 2555 2110 2632 alio,

1363 2643 1506 2716 subiciet,
1522 2649 1554 2702 et
1568 2659 1625 2704 uec
1646 2643 1812 2706 seminaria
1834 2645 1996 2723 Hispaniae
2015 2648 2112 2710 1111-

1364 2735 1503 2808 diarum‚
1533 2751 1592 2798 111
1612 2751 1723 2797 eorum
1755 2737 1916 2812 guardiani
1937 2747 1968 2800 et
1988 2739 2113 2804 discreti

1364 2828 1632 2903 determinationi,
1655 2846 1671 2890 a
1692 2829 1854 2908 praedietis
1875 2832 2061 2896 missionum
2082 2842 2113 2895 et

1360 2920 1523 2984 1111111111
1544 2921 1761 2982 commissariis
1782 2923 1862 2985 circa
1882 2925 2033 3002 praelatos
2055 2927 2112 2988 lra-

1366 3021 1428 3076 tres
1447 3023 1558 3092 sponte
1573 3015 1606 3076 in
1622 3015 1722 3076 lndias
1738 3017 1869 3078 transire
1883 3019 2034 3094 eligentes
2049 3037 2114 3082 ma·

1367 3107 1564 3181 benefactae,
1586 3124 1620 3168 11
1641 3123 1797 3186 opponere
1821 3111 1880 3172 sub
1899 3112 2003 3191 aliquo
2028 3131 2113 3192 prae-

1366 3205 1453 3260 textu
1475 3200 1619 3276 audeant,
1642 3202 1786 3264 sedeam
1810 3204 1916 3265 statim
1938 3207 2115 3268 executioni

1365 3295 1510 3355 mandare
1542 3294 1672 3356 omniuo
1702 3304 1881 3371 procurent.
1912 3298 2114 3376 Hissionarii,

1365 3387 1431 3464 qui,
1454 3387 1606 3448 decennio
1628 3386 1660 3446 in
1682 3389 1830 3450 exercitio
1845 3389 2031 3454 missionum
2052 3393 2115 3455 lau·

2140 553 2194 615 An.
2208 562 2240 616 O.
2264 556 2335 614 1686

1366 3479 1509 3540 debiliter
1523 3479 1687 3558 completo,
1700 3481 1735 3542 ad
1751 3483 1907 3562 propriam
1922 3485 2116 3562 provinciam
2188 3555 2191 3564 ,

1366 3571 1468 3632 redire
1489 3572 1658 3648 voluerint,
1682 3573 1858 3638 facultatem
1877 3578 1916 3640 ad
1937 3579 1966 3640 id
1988 3581 2116 3642 111111-

1366 3665 1446 3726 narii
1467 3666 1636 3741 guardiano
1658 3675 1689 3728 11
1711 3667 1928 3733 testimonium
1949 3672 2116 3735 abeodem

1367 3765 1398 3818 et
1419 3757 1558 3821 discretis
1585 3765 1707 3838 petant3
1731 3760 1789 3840 ipsi
1810 3770 1916 3825 autem
1936 3779 1995 3827 nec
2022 3765 2116 3828 lacul-

1367 3859 1462 3914 tatem
1484 3867 1541 3914 nec
1563 3853 1780 3936 testimonium
1810 3871 1925 3933 negare
1945 3865 2115 3938 poterunt3

1366 3951 1397 4006 et
1417 3945 1616 4033 provincialis
1630 3945 1802 4024 praedictae
1816 3950 1994 4028 provinciae
2011 3969 2116 4015 rever·

1367 4045 1486 4100 tentem
1498 4039 1637 4116 recipere
1650 4041 1708 4102 sub
1722 4043 1901 4105 memoratis
1915 4047 2023 4123 poenis
2036 4063 2117 4110 sem·

1366 4147 1421 4209 per
1442 4137 1598 4207 teneatur,
1620 4133 1799 4212 eisdemque
1826 4136 2008 4216 privilegiis,
2031 4149 2117 4202 ante·

1366 4224 1532 4287 lotionibus
1551 4233 1583 4288 et
1604 4226 1711 4302 gratiis
1731 4228 1885 4306 praelatus
1902 4232 2117 4296 missionarius

1365 4333 1404 4378 ex
1426 4326 1501 4380 tunc
1515 4319 1548 4380 in
1560 4320 1682 4398 proprii
1697 4323 1856 4399 provincial
1871 4327 1917 4386 uti
1932 4342 1966 4388 ac
1980 4328 2116 4403 gaudere

1365 4412 1491 4489 peterit,
1505 4412 1617 4490 quibus
1632 4413 2116 4499 11111111111111111111111-

1365 4504 1505 4568 dianatus
1527 4512 1668 4586 tempore
1681 4509 1729 4570 sui
1750 4508 1911 4586 ingressus
1922 4512 2115 4580 laudabiliter

1364 4600 1398 4659 iu
1420 4598 1499 4660 dictal
1520 4600 1681 4677 provincia
1701 4602 1818 4666 finiret.

1404 4691 1462 4768 Qui
1482 4699 1587 4754 autem
1608 4701 1681 4756 ante
1700 4696 1887 4761 decennium
1909 4702 2110 4782 completum,

1364 4787 1415 4849 vel
1435 4788 1500 4850 siue
1522 4788 1718 4866 testimonio,
1748 4792 1781 4854 in
1806 4809 1868 4872 quo
1894 4793 2112 4860 discretorium

1364 4881 1402 4944 de
1423 4883 1489 4944 zelo
1515 4888 1545 4944 et
1566 4884 1720 4962 plausibili
1749 4889 1896 4965 praedicti
1924 4891 2111 4955 missionarii

1364 4975 1397 5037 in
1418 4978 1617 5040 missionibus
1637 4994 1803 5058 progressu
1823 4990 1967 5062 testetur,
1990 4989 2026 5051 ad
2041 5005 2111 5068 pro-

1364 5071 1463 5149 priam
1488 5073 1682 5149 provinciam
1702 5077 1838 5152 venerit,
1854 5081 1961 5157 poenis
1974 5085 2110 5162 expulsis

1362 5179 1455 5241 supra
1476 5165 1628 5244 impositis
1643 5167 1923 5248 indispensabiliter
1943 5177 2108 5256 1111111111,

1364 5259 1424 5320 nisi
1449 5259 1550 5339 aliqua
1571 5263 1736 5326 infirmitas
1763 5266 1942 5331 incurabilis
1969 5273 2110 5353 (propter

1363 5367 1456 5432 quam
1471 5369 1486 5414 a
1500 5355 1676 5420 seminariis
1696 5359 1831 5436 quilibet
1840 5371 1911 5425 aute
1924 5363 2043 5429 dictum
2058 5369 2108 5430 de·
2131 5391 2140 5402 ‘

1363 5451 1523 5528 cennium,
1546 5459 1578 5514 et
1599 5468 1662 5514 non
1679 5461 1794 5531 postea,
1810 5457 1930 5520 etiamsi
1949 5469 2110 5524 senectute

1363 5546 1491 5624 laboret,
1513 5549 1627 5627 expelli
1649 5549 1781 5629 poterit)
1802 5552 1974 5629 praedictae
2001 5555 2109 5635 expul-

1362 5642 1457 5704 sionis
1477 5659 1565 5706 causa
1586 5645 1637 5707 vel
1652 5645 1768 5708 occasio
1781 5641 1894 5726 luerit;
1918 5667 1988 5729 qum
2003 5653 2037 5715 in
2051 5655 2110 5717 boc

1362 5753 1433 5799 casu
1462 5737 1568 5800 nullus
1600 5739 1700 5818 aliqud
1722 5743 1819 5819 poene
1845 5744 1957 5820 dignus
1988 5747 2109 5810 censeri

1363 5829 1463 5892 debet.
1488 5833 1520 5895 Si
1541 5833 1705 5912 aliquando
1727 5835 1893 5914 eontigerit
1913 5837 2050 5918 aliquem
2071 5857 2110 5902 ex

1363 5925 1564 5989 missionariis
1585 5928 1618 5989 in
1640 5927 1831 5993 visitatorem
1858 5931 1909 5995 vel
1930 5933 2109 5998 reformato-
