4878 6982
1012 609 1151 658 otnttsns
1173 607 1217 654 nt.

344 733 589 812 remitteremos3
615 751 670 798 nos
695 751 769 796 vero
792 749 952 797 recursum
977 731 1082 795 huius-

344 828 425 890 modi
442 845 495 906 per
510 830 662 906 quoddam
678 827 858 906 rescriptum
874 827 922 891 die
939 843 989 888 xv.
1002 834 1084 888 octo·

342 921 404 984 bris
425 922 567 1000 proxime
587 922 743 1002 praeteriti
770 922 855 984 iussu
876 928 980 983 nostro
1002 937 1082 982 ema·

343 1022 450 1080 uatum
471 1015 679 1090 reiecerimus,
696 1033 727 1079 ac
743 1016 899 1092 religiosos
914 1015 1082 1094 praedictos

342 1109 457 1170 eisdem
478 1111 675 1188 praeinsertis
698 1110 808 1172 litteris
828 1109 957 1171 eruuino
976 1123 1082 1188 parere

342 1203 605 1280 mandaverimus;
637 1221 670 1266 ac
701 1205 829 1283 proinde
860 1203 940 1264 idem
973 1201 1082 1264 Paulus

342 1295 485 1359 delinitor
506 1306 536 1358 et
557 1305 735 1376 procurator
755 1298 918 1374 generalis,
935 1297 1000 1358 illas
1014 1311 1082 1374 apo-

341 1389 465 1452 stolicae
491 1391 733 1453 confirmationis
765 1399 886 1453 nostrae
916 1390 1083 1470 patrocinio

342 1484 541 1558 communiri,
565 1500 687 1546 necnon
709 1483 828 1546 debitae
841 1484 1019 1546 executioni
1033 1485 1083 1547 de·

342 1577 492 1651 mandari,
509 1577 680 1655 plurimum
695 1577 884 1640 desiderent:
902 1593 968 1651 nos,
983 1577 1082 1656 ipsum

342 1667 471 1730 Paulum
493 1669 687 1732 dednitorem
703 1678 733 1732 et
747 1678 977 1750 procuratorem
992 1685 1084 1748 geue-

342 1761 437 1823 ralem
459 1763 637 1840 specialibus
658 1753 813 1826 favoribus
832 1771 864 1826 et
885 1764 990 1839 gratiis
1015 1780 1083 1841 pro-

341 1856 428 1934 sequi
450 1856 599 1932 voleutes,
616 1865 646 1918 et
664 1875 680 1919 a
699 1859 857 1936 quibusvis
873 1857 1084 1920 excommuni-

342 1947 481 2019 cationis,
503 1950 710 2028 suspensionis
729 1957 759 2012 et
774 1949 940 2024 interdicti,
956 1949 1083 2026 aliisque

343 2041 552 2104 ecclesiasticis
573 2045 745 2119 sententiis,
768 2045 906 2106 censuris
921 2051 951 2105 et
966 2044 1082 2120 poenis,
1109 2027 1112 2094 l

343 2150 359 2194 a
379 2134 447 2197 iure
468 2134 516 2196 vel
538 2135 574 2196 ab
589 2136 725 2211 bomine,
742 2137 849 2214 quavis
863 2137 1018 2198 occasione
1033 2135 1083 2197 rel

343 2227 430 2290 causa
451 2227 529 2301 latis,
545 2228 570 2288 si
589 2229 698 2306 quibus
714 2229 943 2308 quomodolibet
957 2229 1085 2291 innoda-

344 2328 390 2382 tus
412 2319 527 2394 existit,
542 2322 577 2382 ad
599 2322 743 2384 effectum
765 2323 973 2400 praesentium
995 2322 1082 2382 dunr-

343 2421 424 2476 taxat
451 2416 712 2492 consequendum,
740 2416 851 2478 barum
881 2415 961 2477 serie
988 2414 1085 2476 absol-

342 2513 451 2568 ventes
475 2515 506 2568 et
533 2507 707 2570 absolutum
734 2507 798 2571 lore
817 2515 991 2584 censentes,
1013 2523 1085 2585 sup-

343 2601 556 2678 plicationibus
576 2601 642 2663 eius
662 2603 789 2664 nomine
810 2602 897 2664 uobis
918 2617 1011 2680 super
1029 2603 1084 2661 troc

342 2693 503 2756 humiliter
528 2695 675 2771 porrectis
699 2695 853 2770 inclinati,
882 2695 1084 2774 praeinsertas

344 2786 513 2848 iunocentii
539 2789 777 2864 praedecessoris
799 2788 931 2862 litteras,
953 2787 1083 2848 auotori-

343 2885 404 2942 tate
424 2880 593 2958 apostoliea,
609 2887 718 2944 tenore
738 2881 958 2960 praesentium,
974 2881 1083 2944 coniu-

343 2989 462 3035 mamus
483 2979 514 3034 et
532 2974 744 3052 approbamus,
760 2975 883 3053 illisque
898 2973 1085 3038 inviolabilis

342 3066 523 3145 apostolicae
548 3067 701 3128 firmitatis
725 3068 820 3130 robur
846 3068 1023 3144 adiioimus3
1051 3083 1084 3130 ae

342 3161 521 3221 earumdem
543 3160 801 3238 praeinsertarum
824 3161 998 3223 litterarum
1014 3177 1085 3222 exe-

342 3253 497 3316 cutionem
519 3252 636 3315 dilectis
656 3254 748 3315 etiam
764 3253 834 3315 siliis
850 3254 1084 3333 inquisitoribus

342 3351 446 3407 contra
476 3343 659 3408 haereticam
690 3347 873 3425 pravitatem
901 3347 933 3409 iu
961 3347 1084 3409 civitate

342 3438 496 3501 blericand
530 3441 710 3502 arrctoritate
744 3439 875 3518 praelati
909 3439 1082 3520 deputatis,

342 3547 413 3593 cum
434 3531 627 3594 facultatibus
648 3542 678 3596 et
705 3535 936 3596 auctoritatibus
958 3549 991 3596 ao
1012 3533 1084 3594 aliis

342 3627 484 3688 modoet
505 3624 601 3686 iormai
623 3625 655 3688 in
678 3627 872 3706 praeinsertis
894 3627 1004 3688 litteris
1026 3627 1082 3689 bu-

342 3719 474 3780 iusmodi
500 3720 655 3782 contentis
676 3727 707 3782 et
728 3721 889 3798 expressis
916 3721 994 3783 dicta
1015 3737 1085 3782 auc-

343 3812 477 3887 toritate,
500 3813 611 3874 barum
631 3813 720 3887 serie,
743 3815 966 3876 committimus
988 3823 1018 3875 et
1033 3815 1112 3881 de·¹

344 3905 534 3968 mandamus

292 4059 297 4068 ,
383 4001 401 4076 ἓ
422 4001 450 4060 3.
474 3999 694 4076 Deceruentes,
716 4003 836 4064 easdem
860 4008 1032 4079 praesentes
1054 4007 1112 4077 et,

344 4095 545 4174 praeinsertas
566 4093 683 4156 litteras
703 4109 825 4173 semper
840 4096 955 4170 sumas,
971 4092 1112 4167 validas

343 4194 374 4248 et
394 4187 528 4249 efficaces
549 4188 681 4249 existere
698 4197 729 4249 et
744 4188 820 4262 lore,
835 4203 967 4267 suosque
982 4190 1112 4291 plena-¹

343 4280 404 4342 rios
418 4289 449 4342 et
464 4281 600 4357 integros
621 4281 747 4344 ellectus
768 4281 871 4342 sortiri
886 4289 916 4342 et
931 4282 1112 4369 obtinere,

344 4389 376 4435 ac
396 4375 468 4448 illis,
494 4373 529 4434 ad
556 4389 632 4451 quos
662 4380 776 4452 spectat
805 4383 836 4434 et
861 4390 917 4452 pro
945 4376 1112 4452 tempore?

1110 4476 1112 4495 ¹
1138 4459 1284 4522 cumbere
1304 4459 1459 4540 valebant)
1475 4460 1600 4521 mittere
1614 4459 1803 4534 intendebat,
1820 4475 1884 4521 me·

1110 4542 1275 4613 lmoratus
1306 4553 1447 4614 Urbanus
1479 4556 1702 4631 praedecessor,
1730 4561 1765 4617 ut
1790 4555 1884 4616 iidem

1111 4634 1113 4669 ²
1140 4645 1276 4721 religiosi
1301 4646 1334 4707 in
1355 4647 1517 4708 commisso
1542 4648 1600 4710 sibi
1626 4663 1757 4709 munere
1778 4647 1884 4709 buius·

343 4468 599 4546 quandocumque
628 4467 792 4544 spectabit,
826 4468 858 4528 in
885 4468 1029 4528 omuibus
1054 4473 1085 4528 et

343 4576 398 4638 per
418 4561 521 4622 omnia
541 4559 720 4638 plenissime
740 4559 910 4636 sutiragari,
933 4569 963 4622 et
985 4560 1021 4620 ab
1041 4561 1084 4620 eis

342 4655 511 4732 respective
538 4653 758 4723 inviolabiliter
783 4653 953 4727 observari,
981 4653 1084 4731 sicque

343 4747 376 4808 iu
396 4748 570 4825 praemissis
594 4763 648 4824 per
669 4761 877 4824 quoscumque
904 4746 1016 4808 iudices
1037 4761 1084 4806 or·

343 4841 475 4903 dinarios
497 4848 526 4902 et
548 4841 714 4917 delegatos,
735 4839 830 4901 etiam
855 4855 1015 4902 causarum
1035 4855 1086 4918 pa-

343 4933 406 4994 latii
428 4933 584 5013 apostolici
610 4933 778 5008 auditores,
805 4932 932 4994 iudicari
958 4940 988 4994 et
1012 4933 1084 4995 delr-

343 5027 404 5089 niri
430 5029 552 5102 debere,
581 5043 614 5088 ac
642 5027 764 5088 irritum
786 5035 816 5088 et
837 5027 931 5088 inane
951 5027 975 5086 si
997 5043 1085 5088 secus

342 5135 436 5198 super
463 5120 508 5180 uis
529 5137 545 5180 a
565 5135 732 5198 quoquam,
754 5121 861 5196 quavis
892 5120 1084 5192 auctoritate,

342 5214 476 5275 scienter
492 5213 552 5274 vel
580 5214 771 5289 ignoranter,
799 5211 964 5287 contigerit
988 5219 1085 5273 atten-

344 5307 412 5368 tari.
443 5305 511 5368 Non
541 5306 731 5368 obstantibus
759 5305 1030 5367 constitutionibus
1055 5315 1086 5368 et

343 5400 589 5462 ordinationibus
619 5399 800 5478 apostolicis,
823 5413 964 5460 necnon
986 5400 1087 5459 omni-

343 5493 400 5554 bus
421 5501 451 5555 et
478 5493 609 5570 singulis
634 5493 705 5564 illis,
733 5507 811 5569 quae
835 5493 867 5552 in
889 5491 1086 5568 praeinsertis

344 5586 516 5648 iunocentii
543 5587 780 5663 praedecessoris
806 5585 917 5646 litteris
945 5599 1086 5646 concessa

344 5687 417 5742 snut
448 5695 511 5741 uon
543 5679 683 5752 obstare3
720 5679 891 5757 ceterisque
925 5677 1085 5739 contrariis

344 5773 600 5852 quibuscumque.

386 5991 415 6044 (ι)
431 5991 468 6034 Ex
482 5991 585 6047 Regest.
602 5990 628 6035 in
643 5989 717 6035 ureb.
733 5991 805 6036 Brev.

1801 571 1858 637 Tib

1177 729 1195 803 ἓ
1210 727 1238 788 ι.
1256 725 1408 789 Volumus
1422 729 1537 798 autem,
1551 727 1585 784 ut
1600 717 1778 782 earumdem
1792 729 1878 794 prae-

1137 823 1272 884 sentium
1288 819 1462 882 litterarum
1478 813 1688 892 transumptis,
1704 828 1759 874 seu
1774 824 1878 872 exem-

1137 914 1206 993 plis,
1222 915 1314 974 etiam
1330 911 1497 990 impressis,
1513 924 1608 972 manu
1624 905 1752 968 alieuius
1767 902 1877 966 notarii

1137 1007 1250 1086 publici
1278 1005 1466 1084 subscriptis,
1496 1009 1525 1066 et
1546 1001 1649 1080 sigillo
1678 1013 1824 1077 personae
1846 996 1878 1058 in

1136 1101 1336 1163 ecclesiastici
1361 1099 1511 1176 dignitate
1532 1095 1714 1157 constitutae
1736 1090 1876 1164 munitis,

1137 1195 1242 1257 eadem
1269 1209 1394 1272 prorsus
1415 1190 1489 1253 fides
1514 1189 1627 1266 ubique
1659 1187 1795 1247 locorum
1817 1191 1878 1246 tam

1137 1289 1169 1348 in
1192 1287 1302 1349 iudicio
1324 1301 1414 1363 quam
1436 1291 1521 1346 extra
1536 1281 1612 1344 illud
1627 1279 1785 1353 habeatur,
1802 1293 1879 1355 quae

1136 1379 1208 1458 ipsis
1229 1378 1440 1458 praesentibus
1461 1376 1638 1446 baberetur,
1660 1371 1806 1434 silerent
1828 1386 1878 1431 ex·

1137 1474 1251 1536 bibitae
1271 1471 1320 1534 vel
1342 1479 1489 1534 ostensae.
1691 1514 1696 1523 .

1178 1567 1288 1629 batum
1302 1567 1427 1639 llonrae,
1440 1564 1519 1642 apud
1535 1563 1567 1625 S.
1580 1559 1706 1622 blariam
1720 1557 1877 1632 Maiorem,

1137 1661 1194 1723 sub
1217 1660 1333 1722 annulo
1361 1657 1535 1730 Piscatoris,
1560 1655 1611 1718 die
1640 1668 1726 1714 xxxv.
1751 1665 1878 1712 novem-

1138 1755 1200 1815 bris
1222 1769 1359 1827 xnccu.,
1375 1751 1570 1831 pontificatus
1592 1747 1690 1810 nostri
1711 1759 1792 1808 anuo
1808 1762 1842 1806 ιι.

1488 2035 1527 2098 X.

1141 2221 1288 2285 Concedit
1311 2223 1502 2302 seruitutem
1525 2220 1639 2283 utendi
1654 2218 1756 2282 ulturi
1772 2225 1880 2295 portu-

1179 2315 1243 2386 tili,
1267 2322 1296 2378 rt
1318 2314 1499 2378 absolvendi
1520 2331 1540 2375 o
1561 2311 1687 2376 ensibus
1709 2313 1879 2372 reservatis

1178 2409 1213 2470 in
1236 2407 1423 2486 quibusdem
1442 2405 1589 2483 pertibus
1605 2405 1794 2483 infidelium,
1811 2405 1880 2481 [ru-

1179 2499 1285 2564 trt'bns
1313 2500 1523 2562 Discnlcentis
1552 2497 1607 2560 SS.
1637 2497 1810 2559 Trinitatis
1833 2511 1879 2556 re·

1179 2593 1368 2670 demptionis
1390 2593 1591 2670 captiuorum
1615 2589 1879 2670 Conpr·epotionis

1180 2687 1351 2764 tlispentee
1372 2684 1426 2765 (l).

1342 2855 1528 2922 ὓιΕΜΕΝὸ
1551 2854 1609 2922 ΡΡ.
1633 2854 1680 2922 tu.

1277 2977 1312 3044 ad
1335 2977 1464 3044 loturam
1486 2977 1529 3044 rei
1559 2978 1737 3045 memoriam.

1177 3156 1195 3230 ἓ
1226 3155 1252 3216 ι.
1281 3155 1361 3218 Alias
1389 3154 1485 3218 felicis
1514 3155 1730 3218 recordatiouis
1758 3155 1882 3217 Urbano

1139 3249 1215 3327 Papa
1236 3249 1313 3312 Vlll.
1337 3250 1559 3327 praedecessori
1593 3256 1698 3312 nostro
1719 3265 1774 3326 pro
1796 3257 1881 3328 parte

1138 3348 1212 3404 tunc
1233 3341 1392 3404 existentis
1423 3343 1628 3421 procuratoris
1649 3341 1802 3418 generalis
1823 3341 1881 3403 ira·

1139 3443 1223 3496 trum
1244 3435 1499 3498 discalceacorum
1525 3443 1775 3513 nuncupatorum
1797 3435 1881 3499 Ordi-

1138 3529 1186 3590 nis
1208 3529 1260 3592 SS.
1279 3529 1437 3592 Trinitatis
1452 3529 1671 3606 redemptionis
1686 3529 1881 3606 captivorum

1139 3623 1393 3698 Congregationis
1408 3622 1625 3700 Hispaniarum
1639 3622 1788 3701 exposito,
1801 3623 1884 3701 quod

1139 3714 1343 3792 congregatio
1355 3715 1515 3793 praedicta
1530 3715 1614 3778 iuxta
1626 3715 1795 3778 laudabile
1788 3733 1882 3794 rpsros

1139 3809 1329 3880 institutum,
1353 3809 1419 3869 eius
1444 3807 1632 3884 religiosos
1624 3823 1656 3870 ιιι
1678 3809 1812 3870 Alricam
1835 3807 1883 3882 (ut

1109 3884 1350 3964 christifideles
1382 3900 1459 3963 inibi
1480 3903 1538 3964 sub
1568 3902 1679 3964 misera
1711 3903 1883 3964 Turnacum

1137 3995 1288 4056 servitute
1308 3995 1503 4068 constitutos,
1520 4011 1596 4073 quos
1611 4002 1764 4074 poteraut,
1781 3995 1817 4056 ab
1832 3994 1883 4055 illa

1138 4089 1274 4149 eximere
1305 4087 1509 4165 quaerebant,
1543 4104 1657 4166 eosque
1689 4089 1720 4149 in
1751 4088 1883 4150 Domino

1110 4181 1383 4255 consolabantur,
1399 4179 1598 4244 ecclesiastiea
1619 4187 1807 4244 sacramenta
1822 4179 1885 4241 illis

1110 4250 1404 4349 'administrabant
1426 4291 1461 4334 ac
1480 4289 1589 4334 eorum
1615 4273 1749 4352 deniqne
1769 4273 1883 4334 anima-

1138 4381 1211 4428 rom
1231 4367 1334 4440 saluti,
1350 4367 1462 4444 quibus
1481 4373 1621 4445 poterant
1637 4366 1842 4441 rationibus,'
1835 4383 1883 4427 m-

1140 4738 1223 4800 modi
1244 4741 1277 4802 ad
1305 4741 1486 4802 eorumdem
1518 4741 1765 4804 christifidelium
1795 4741 1884 4820 spiri-

1140 4833 1256 4896 tualem
1283 4833 1420 4896 fructum
1448 4835 1556 4897 utilius
1576 4851 1642 4896 sese
1666 4849 1810 4896 exercere
1834 4851 1885 4894 va-

1139 4929 1252 5002 lereut,
1275 4927 1547 5007 supplicationibus
1576 4929 1650 4990 dicti
1678 4929 1885 5007 procuratoris

1141 5022 1292 5098 generalis
1315 5024 1441 5084 nomine
1462 5023 1519 5084 sibi
1540 5039 1634 5101 super
1652 5022 1709 5084 hoc
1725 5022 1885 5084 humiliter

1140 5117 1287 5194 porrectis
1319 5116 1505 5189 inclinatus,
1539 5115 1691 5192 religiosis
1722 5117 1884 5178 mittendis

1141 5209 1318 5272 huiusmodi
1339 5209 1421 5288 quod
1451 5210 1546 5271 altare
1577 5211 1719 5288 portatile
1742 5225 1811 5272 cnm
1834 5207 1887 5270 de·

1141 5306 1201 5365 bita
1233 5305 1407 5365 reverentii
1428 5311 1458 5364 et
1480 5304 1609 5377 honore,
1632 5319 1724 5381 super
1755 5319 1826 5380 quo,
1851 5302 1884 5363 iu

1141 5398 1214 5458 locis
1236 5397 1353 5460 Africae
1374 5399 1543 5472 dumtaxat,
1567 5398 1705 5459 honestis
1728 5403 1830 5458 tamen
1854 5404 1885 5458 et

1140 5493 1298 5566 congruis,
1321 5492 1412 5552 etiam
1435 5507 1496 5552 nou
1512 5492 1645 5564 sacratis,
1662 5497 1703 5564 et,
1720 5505 1792 5552 oum
1809 5499 1886 5552 tem-

1141 5585 1221 5661 poris
1242 5584 1373 5661 qualitas
1387 5585 1416 5646 id
1430 5586 1594 5661 exegisset,
1611 5585 1703 5646 etiam
1719 5592 1885 5662 antequam

1140 5675 1330 5738 illucesceret
1352 5678 1425 5751 dies,
1448 5678 1527 5740 circa
1549 5687 1651 5739 tamen
1672 5676 1816 5738 diurnam
1839 5677 1886 5739 ln-

1141 5787 1218 5847 cem,
1241 5771 1272 5833 in
1305 5771 1458 5834 dictorum
1489 5772 1680 5852 captivorum
1702 5778 1732 5833 et
1754 5770 1884 5834 aliorum

1910 564 1963 619 An.
1977 564 2007 618 (ι.
2029 565 2096 616 1702

1950 713 2022 762 Fides
2038 715 2109 760 tran-

1898 773 2065 826 sumptorum.

1927 3147 1995 3194 lrlem
2010 3155 2112 3191 rouces-

1901 3212 1957 3247 sum
1983 3201 2033 3246 tuit
2053 3210 2111 3245 cnm

1900 3254 1960 3301 eliis
1983 3254 2008 3299 tu
2030 3252 2113 3299 ulrice

1901 3309 1961 3355 abit
1942 3307 2110 3355 Urbauotllll.
