4844 6990
115 549 172 604 An.
187 553 218 606 d.
240 553 309 604 1740

170 1155 253 1210 Supra
269 1165 320 1212 33-

103 1206 174 1254 tatas
194 1210 321 1254 eonstitu-

103 1262 191 1307 tiones
208 1262 321 1316 plenissi-

1000 567 1140 612 CLEMENS
1162 566 1219 611 llll.

342 683 833 750 ConstitutionosMonocdororu
846 687 1005 762 Spacorum
1016 687 1082 746 illn-

379 779 565 841 ronitoraut
584 779 713 842 Ordinis
738 779 849 842 Sancti
871 780 1007 843 Antonii
1023 777 1082 842 Ab·

378 869 463 933 ltotis
488 871 751 952 Cottpropotiont's
776 873 888 934 Sancti
908 873 1082 950 13333383-

378 967 447 1026 3333
468 973 713 1043 nuncupatae...
738 965 794 1046 (l).

378 1152 446 1226 §lx
475 1150 536 1213 Nos
567 1153 679 1230 igitur,
711 1154 846 1231 ipsorum
876 1153 1011 1217 Simonis
1033 1153 1083 1214 ab

338 1245 427 1318 batis,
450 1253 482 1306 et
507 1245 687 1320 Aluabami,
718 1248 832 1308 Rimlni
859 1266 890 1310 ao
917 1249 1002 1310 Pauli
1032 1247 1082 1308 dc·

103 1314 500 1414 dgnlf⁰l³²0¹lnnxtorum
532 1348 562 1401 et
593 1341 816 1403 monachorum
847 1342 925 1402 votis
960 1343 1015 1402 bac
1050 1341 1081 1402 iu

149 3787 240 3845 sicque
257 3797 322 3850 som-

109 3841 321 3942 samaiae

110 3947 218 3995 dellnivl.

341 1449 385 1508 re,
410 1443 563 1508 quantum
592 1451 663 1496 cum
692 1435 1010 1513 Dominopossnmus,
1042 1433 1082 1494 la-

340 1528 520 1590 vorabiliter
552 1540 693 1589 annuere
726 1527 888 1603 volentes,
918 1544 1032 1605 eosque
1067 1543 1081 1586 3

340 1622 501 1702 quibusvis
533 1622 879 1694 excommunicationis,
908 1621 1083 1698 suspensio-

340 1718 389 1779 nis
403 1723 433 1778 et
451 1715 617 1786 interdicti,
642 1715 768 1792 aliisque
790 1714 1000 1776 ecclesiasticis
1014 1730 1082 1775 sen·

341 1809 457 1882 tentiis,
478 1808 615 1870 censuris
644 1816 674 1870 et
695 1809 814 1885 poenis,
838 1825 852 1868 a
876 1809 943 1869 iure
971 1807 1020 1868 'vel
1047 1808 1083 1868 ab

339 1903 484 1976 bomine,
508 1902 616 1980 quavis
637 1902 794 1963 occasione
819 1901 870 1962 vel
892 1900 980 1962 causa
1002 1900 1081 1974 latis,

339 1997 497 2074 siquibus
523 1994 753 2074 quomodolibet
770 1995 907 2058 innodati
930 1995 1081 2066 existunt,

339 2090 376 2152 ad
397 2089 542 2152 ellectum
563 2089 774 2167 praesentium
800 2091 957 2150 dumtaxat
979 2103 1084 2150 conse-

340 2184 509 2260 quendum,
532 2181 643 2242 barum
664 2182 743 2243 serie
763 2182 962 2268 absolventes·
982 2189 1013 2242 et
1035 2183 1083 2242 ab

339 2276 455 2338 solutos
477 2275 541 2337 lore
563 2283 742 2350 censentes,
768 2276 940 2338 istiusmodi
969 2275 1084 2353 suppli-

339 2369 511 2432 cationibus
532 2369 682 2442 inclinati,
698 2385 807 2430 omnes
828 2377 858 2430 et
878 2370 1015 2446 singulas
1037 2387 1101 2461 33.

340 2463 427 2539 gulas
448 2479 480 2524 ac
501 2463 736 2524 constitutiones
762 2463 975 2542 praeinsertis,
1000 2471 1030 2525 et
1052 2463 1082 2524 in

340 2556 384 2617 eis
405 2563 550 2617 contenta
572 2571 797 2633 quaecumque,
814 2557 993 2617 auctoritate
1014 2571 1083 2634 apo-

339 2649 454 2722 stolica,
472 2655 580 2708 tenore
602 2649 822 2726 praesentium,
842 2656 992 2727 perpetuo
1014 2665 1083 2710 con-

340 2742 500 2802 sumamus
523 2747 553 2802 et
576 2741 789 2819 approbamus,
813 2741 934 2818 illisque
956 2741 1085 2802 inviola-

339 2833 409 2895 bilis
430 2833 611 2911 apostolicae
633 2834 788 2895 firmitatis
803 2835 897 2895 robur
912 2833 1082 2903 allicimus,

339 2945 373 2989 ac
394 2943 503 2988 omnes
523 2933 555 2986 et
576 2926 716 3002 singulos
744 2927 820 2987 iuris
842 2935 872 2988 et
894 2927 963 2988 lacti
985 2945 1017 2990 ao
1038 2944 1085 2987 so·

339 3021 538 3082 lemnitatum
551 3018 761 3096 quarumlibet
776 3020 806 3079 in
822 3019 975 3082 similibus
991 3021 1082 3082 etiarn

339 3113 377 3174 de
388 3112 568 3174 necessitate
580 3111 852 3186 observandarum,
864 3112 979 3174 aliosve
995 3129 1085 3191 quos·

339 3206 413 3269 libet
434 3205 528 3267 etiam
549 3203 692 3266 formales
704 3211 734 3266 et
755 3205 970 3268 substantiales
985 3207 1085 3268 delec-

339 3305 399 3372 tus,
423 3298 522 3375 siqui
544 3297 576 3358 in
599 3297 772 3376 praemissis
800 3299 1012 3378 principaliter
1034 3301 1082 3360 vel

338 3392 515 3464 accessorie,
538 3398 590 3452 aut
612 3390 671 3451 alio
700 3393 809 3469 qaovis
835 3393 925 3454 modo
948 3393 1083 3454 interve·

338 3483 457 3558 norint,
480 3499 534 3544 seu
563 3481 770 3545 intervenisse
794 3485 869 3558 dici,
890 3485 1010 3546 censeri
1033 3485 1083 3546 vel

338 3578 497 3658 praetendi
516 3584 651 3656 possent,
668 3577 791 3656 penitus
812 3586 842 3639 ot
864 3579 992 3639 omnino
1013 3594 1083 3656 sup·

339 3673 460 3751 plemus
481 3679 512 3732 et
533 3687 687 3733 sanamus.

379 3767 445 3842 55.
469 3766 689 3840 Decernentes,
711 3765 834 3827 easdem
846 3775 1020 3844 praesentes
1035 3767 1083 3828 lit-

341 3867 430 3934 teras,
453 3875 485 3921 ac
507 3859 627 3934 regubs
649 3866 680 3920 et
700 3859 935 3921 constitutiones
965 3861 1083 3938 praein-

339 3959 446 4026 sertas,
469 3967 591 4029 semper
618 3953 740 4025 firmas,
763 3952 877 4013 validas
898 3960 928 4014 et
950 3955 1084 4015 elliraces

340 4046 473 4108 existere
487 4053 517 4106 et
532 4045 608 4119 lore,
623 4061 758 4124 suosque
779 4045 931 4122 plenarios
953 4054 983 4108 ct
1005 4047 1083 4108 iute-

341 4155 410 4216 gros
431 4139 556 4202 ellectus
578 4138 682 4199 sortiri
704 4145 734 4198 et
755 4138 908 4212 obtinere,
925 4156 957 4200 ac
974 4139 1033 4200 illis
1048 4142 1081 4203 ad

339 4247 415 4312 quos
428 4237 588 4312 spectatet
603 4249 658 4311 pro
674 4239 812 4309 tempore
827 4232 1084 4311 quandocumque

339 4323 498 4403 spectabit,
515 4324 547 4386 in
569 4325 713 4386 omnibus
727 4331 758 4385 et
772 4341 826 4402 per
848 4325 950 4386 omnia
972 4327 1083 4405 plenis·

339 4418 417 4479 sime
436 4417 607 4494 sullragari,
622 4425 652 4478 et
673 4417 710 4480 ab
730 4417 773 4478 eis
795 4420 964 4496 respective
986 4421 1083 4482 invio-

340 4510 474 4572 labiliter
494 4511 661 4584 observari,
676 4511 782 4588 sicque
797 4511 828 4571 in
842 4512 1014 4589 praemissis
1029 4529 1083 4591 per

340 4619 552 4682 quoscumque
579 4604 693 4665 iudices
721 4603 889 4665 ordinarios
909 4613 941 4666 et
965 4606 1083 4683 delega-

342 4704 399 4770 tos,
412 4696 505 4757 etiam
517 4711 677 4758 causarum
689 4697 791 4775 palatii
802 4697 955 4776 apostolici
968 4698 1084 4760 audito-

341 4804 401 4864 res,
413 4807 446 4850 ac
463 4789 492 4854 S.
504 4789 539 4852 R.
552 4791 586 4851 E.
600 4791 771 4868 praedictae
791 4791 977 4866 cardinales,
991 4793 1082 4852 etiam

341 4883 379 4944 de
392 4883 488 4944 latere
502 4882 632 4960 Legatos
647 4891 677 4944 et
693 4885 882 4962 apostolicae
898 4885 983 4946 Sedis
998 4884 1083 4946 Nun-

341 4976 410 5051 tios,
430 4977 543 5038 aliosve
557 4977 709 5056 quoslibet
724 4994 919 5056 quacumque
935 4979 1083 5057 praeemi-

282 5093 289 5106 =
342 5069 447 5132 nentia
469 5078 500 5132 et
515 5079 664 5148 potestate
682 5070 849 5147 iungentes
864 5081 894 5132 et
909 5071 1081 5145 iuncturos,

340 5163 458 5225 sublati
481 5165 524 5224 eis
545 5171 575 5224 et
596 5179 704 5224 eorum
720 5164 846 5225 cuilibet
867 5165 975 5242 quavis
996 5164 1083 5226 aliter

340 5255 495 5318 iudicandi
512 5263 543 5318 et
560 5255 785 5334 interpretandi
807 5257 949 5320 lacullate
971 5267 1001 5318 et
1015 5275 1082 5320 auc·

885 5395 951 5400 ...-.-..
964 5395 1175 5402 -..—-—-—-

382 5455 410 5510 (ll
426 5452 566 5499 Brevitatls
587 5454 675 5510 gratia
697 5455 902 5501 coristitutiones
922 5457 1083 5512 omittimus,

340 5533 405 5578 quas
420 5521 476 5566 vide
490 5522 517 5566 in
532 5522 598 5566 Bull.
614 5522 674 5566 edit.
692 5524 788 5568 taurin.
805 5524 853 5568 vol.
867 5527 961 5579 XXIV,
977 5538 999 5582 p.
1010 5528 1056 5569 605.

382 5589 411 5644 (2)
427 5592 490 5633 Cum
511 5587 564 5633 iam
587 5589 719 5645 expletum
741 5593 810 5634 esset
832 5591 880 5635 boc
901 5591 949 5636 vol.
966 5596 992 5636 et
1014 5592 1084 5648 typis

341 5655 503 5710 mandatum,
518 5656 544 5700 in
559 5645 617 5701 vab.
630 5661 705 5712 cong.
718 5657 749 5700 de
760 5661 785 5701 P.
796 5660 822 5702 ll.
834 5657 981 5703 invenimus
992 5659 1031 5704 lit.
1042 5671 1082 5716 ap.

341 5723 419 5766 Clem.
434 5723 486 5767 xm.
502 5723 530 5767 iu
544 5723 628 5767 torma
643 5723 728 5768 brevis
743 5727 907 5778 capraemons
919 5731 1084 5778 apostolatus

341 5788 392 5834 dat.
407 5788 450 5833 die
464 5801 518 5836 xxi.
534 5789 594 5834 iulii
606 5801 789 5848 sruccxxxvu,
803 5791 898 5848 quibus
911 5793 1084 5838 confirmatur

1139 685 1273 759 tentate,
1297 685 1421 747 iudicari
1445 692 1475 747 et
1497 684 1618 746 deliniri
1641 683 1763 756 debere,
1786 699 1819 744 ac
1840 681 1882 743 ir·

1138 779 1233 841 ritum
1256 785 1287 840 et
1308 778 1410 854 inane,
1433 779 1459 840 si
1479 795 1566 840 secus
1587 793 1680 855 super
1701 777 1785 836 biso
1807 791 1880 853 quo-

1137 889 1241 950 quam,
1256 873 1362 950 quavis
1377 872 1568 944 auctoritate,
1581 871 1715 932 scienter
1729 869 1778 930 vel
1795 870 1882 945 igno-

1137 973 1252 1040 ranter,
1275 966 1441 1042 contigerit
1462 965 1616 1027 attentari.

1178 1063 1196 1136 5
1216 1059 1245 1121 li.
1270 1059 1339 1122 Non
1355 1060 1546 1122 obstantibus
1564 1057 1836 1120 constitutionibus
1852 1065 1882 1118 et

1138 1153 1384 1216 ordinationibus
1400 1153 1569 1232 apostolicis
1581 1170 1625 1226 ac,
1639 1161 1792 1230 quatenus
1807 1167 1882 1228 opus
1901 1132 1912 1166 ⁸

1138 1249 1193 1321 sit,
1215 1247 1483 1324 ‘congregationis
1512 1255 1543 1308 et
1577 1245 1699 1308 Ordinis
1734 1245 1881 1323 praelato-

1139 1357 1227 1412 rum,
1250 1341 1356 1402 aliisve
1378 1341 1553 1418 quibusvis,
1576 1339 1670 1400 etiam
1694 1337 1880 1411 iuramento,

1138 1434 1372 1496 confirmatione
1393 1434 1565 1508 apostolica,
1589 1433 1639 1492 vel
1657 1432 1764 1510 quavis
1787 1430 1882 1492 sirmi·

1139 1533 1200 1588 tate
1221 1529 1275 1588 alia
1305 1528 1467 1600 roboratis,
1494 1527 1614 1589 statutis
1636 1534 1666 1587 et
1686 1524 1882 1588 consuetudi-

1139 1621 1241 1694 nibus,
1255 1621 1425 1698 privilegiis
1437 1637 1571 1698 quoque,
1586 1619 1712 1680 indultis
1727 1625 1757 1679 et
1772 1617 1883 1679 litteris

1139 1714 1321 1791 apostolicis,
1344 1715 1439 1774 eliam
1464 1711 1703 1788 congregationi
1726 1717 1755 1772 et
1777 1709 1883 1772 Ordini

1139 1807 1299 1884 praedictis
1329 1807 1517 1884 illorumque
1543 1804 1753 1884 superioribus
1779 1819 1883 1863 mona-

1139 1901 1202 1963 cbis
1227 1907 1257 1962 et
1285 1901 1433 1979 personis,
1458 1901 1515 1962 sub
1543 1899 1790 1977 quibuscumque
1815 1911 1885 1956 ver-

1139 1996 1251 2056 borum
1266 1994 1423 2055 tenoribus
1438 2001 1469 2054 et
1487 1993 1606 2066 formis,
1623 2009 1655 2054 ac
1673 2007 1744 2052 cum
1758 1989 1883 2068 quibus-

1139 2091 1186 2150 vis
1197 2089 1288 2149 etiam
1301 2089 1566 2164 tlerogatoriarum
1578 2084 1789 2162 derogatoriis,
1804 2083 1882 2144 aliis-

1139 2200 1199 2261 que
1221 2181 1450 2256 efficacioribus,
1474 2180 1688 2242 efficacissimis
1706 2185 1737 2240 et
1752 2177 1882 2239 insolitis

1139 2275 1293 2348 clausulis,
1323 2274 1578 2352 irritantibusque
1600 2279 1630 2334 et
1652 2272 1719 2333 aliis
1741 2269 1880 2344 decretis,

1142 2369 1172 2429 iu
1197 2384 1311 2444 genere
1328 2367 1377 2428 vel
1400 2368 1431 2428 iu
1451 2367 1562 2445 specie,
1585 2383 1640 2427 seu
1661 2365 1733 2425 alias
1755 2379 1884 2441 quomo-

1141 2461 1253 2523 dolibet
1275 2461 1307 2522 in
1337 2461 1526 2522 contrarium
1552 2459 1790 2538 praemissorum
1812 2474 1884 2520 con-

1140 2554 1297 2626 cessisse
1327 2553 1441 2630 pluries
1470 2552 1676 2626 confirmatis,
1710 2550 1882 2628 approbatis

1141 2655 1170 2708 et
1193 2647 1364 2722 innovatis;
1387 2647 1499 2724 quibus
1521 2645 1664 2708 omnibns
1689 2653 1719 2706 et
1740 2643 1881 2720 siugulis,

1802 544 1861 607 517
1912 541 1965 596 An.
1979 542 2010 596 C.
2031 542 2099 594 1740

1939 1069 2048 1120 berogat
2066 1064 2112 1111 ob·

1925 1120 2037 1166 antibus.

1139 2739 1258 2800 etiamsi
1275 2754 1329 2817 pro
1350 2739 1475 2802 illorum
1497 2739 1663 2800 sufficienti
1684 2737 1883 2814 derogatione
1973 2755 1976 2762 ·

1140 2833 1176 2895 de
1199 2832 1258 2892 illis
1279 2847 1451 2908 eorumque
1467 2832 1537 2893 totis
1554 2831 1713 2892 tenoribus
1734 2829 1881 2910 specialis,

1139 2925 1290 3004 specifica,
1314 2939 1454 3002 expressa
1476 2932 1507 2986 et
1528 2925 1699 2998 individua,
1722 2924 1884 2986 acdever-

1140 3019 1177 3080 bo
1203 3017 1237 3078 ad
1265 3018 1416 3090 verbum,
1440 3035 1503 3078 nou
1526 3025 1628 3080 aulem
1651 3033 1705 3096 per
1733 3017 1883 3079 clausulas

1140 3111 1299 3188 generales
1322 3111 1403 3172 idem
1428 3111 1646 3189 imponantes,
1680 3111 1799 3172 mentio
1828 3126 1883 3172 seu

1140 3205 1265 3283 quaevis
1282 3205 1338 3265 alia
1360 3205 1515 3282 expressio
1536 3205 1673 3266 habenda
1696 3211 1749 3265 aut
1764 3203 1884 3263 allaex-

1140 3299 1249 3378 quisita
1277 3299 1375 3360 lorma
1398 3299 1433 3359 ad
1458 3299 1514 3359 boc
1542 3299 1689 3359 servanda
1719 3296 1815 3370 toret,
1838 3303 1882 3358 te—

1140 3409 1231 3454 nores
1252 3392 1440 3466 huiusmodi,
1465 3407 1498 3453 ac
1522 3391 1547 3452 sl
1573 3391 1610 3452 de
1634 3390 1728 3452 verbo
1757 3391 1791 3452 ad
1814 3405 1884 3450 ver-

1139 3487 1318 3558 bun1,nibil
1334 3485 1459 3564 penitus
1477 3485 1602 3558 omisso,
1615 3490 1646 3544 et
1665 3483 1761 3544 lerina
1774 3483 1806 3544 in
1823 3483 1883 3544 illis

1142 3579 1247 3641 tradita
1269 3577 1426 3639 observata
1442 3575 1694 3655 exprimerentur
1714 3583 1745 3637 et
1766 3575 1882 3637 insere-

1140 3679 1261 3745 rentur,
1278 3669 1489 3748 praesentibus
1511 3685 1565 3747 pro
1581 3668 1671 3746 plene
1686 3677 1716 3730 et
1730 3669 1882 3730 sufficien-

1141 3773 1187 3827 ter
1201 3764 1353 3843 expressis
1367 3781 1400 3824 ac
1415 3764 1452 3824 de
1463 3763 1557 3824 verbo
1569 3763 1603 3824 ad
1616 3762 1748 3824 verbum
1761 3763 1883 3824 insertis

1141 3859 1297 3932 babentes,
1321 3856 1381 3918 illis
1401 3855 1474 3916 alibs
1496 3857 1529 3916 iu
1546 3873 1602 3917 suo
1617 3856 1726 3917 robore
1741 3872 1884 3934 perman-

1138 3953 1229 4024 suris,
1252 3953 1287 4013 ad
1310 3949 1548 4030 praemissorum
1568 3949 1723 4022 ellectum,
1740 3949 1794 4010 bac
1816 3950 1882 4011 vico

1140 4048 1313 4118 dumtaxat,
1339 4042 1510 4122 specialiter
1535 4050 1564 4103 et
1589 4057 1731 4120 expresse
1757 4044 1882 4119 deroga·

1140 4156 1224 4213 mus3
1247 4137 1416 4214 ceterisque
1438 4135 1600 4197 contrariis
1621 4135 1878 4214 quibuscumque.

1179 4233 1198 4306 ἓ
1213 4231 1240 4294 7.
1259 4230 1410 4292 Volumus
1424 4235 1528 4290 autem
1551 4237 1585 4290 ut
1602 4233 1781 4292 earumdem
1798 4246 1883 4310 prae·
1935 4250 2111 4307 Transumpns

1139 4326 1276 4387 sentium
1291 4325 1463 4387 litterarum
1477 4323 1690 4400 transumptis,
1706 4341 1762 4386 seu
1777 4341 1881 4386 exem·

1140 4419 1208 4496 plis,
1231 4419 1273 4480 sic
1295 4417 1464 4496 impressis,
1488 4432 1583 4478 manu
1606 4417 1735 4479 alicuius
1768 4420 1882 4480 notarii

1141 4512 1253 4590 publici
1280 4509 1468 4588 subscriptis,
1493 4515 1523 4570 et
1544 4509 1647 4585 sigillo
1672 4525 1820 4588 personae
1849 4512 1881 4573 iu

1139 4605 1338 4668 ecclesiastica
1353 4605 1504 4680 dignitate
1519 4603 1661 4678 munitis,
1677 4605 1781 4666 eadem
1797 4621 1881 4684 pror·

1138 4717 1190 4762 sus
1212 4699 1287 4760 sides
1313 4706 1374 4759 tam
1396 4699 1429 4758 in
1451 4697 1562 4759 iudicio
1581 4713 1671 4776 quam
1695 4707 1783 4760 extra
1806 4699 1882 4762 illud

1140 4791 1255 4870 ubique
1277 4791 1414 4852 locorum
1437 4790 1596 4864 habeatur,
1617 4807 1694 4868 quae
1715 4791 1883 4854 baberetur

1140 4884 1211 4962 ipsis
1234 4883 1457 4962 praesentibus,
1480 4883 1504 4944 si
1532 4882 1635 4945 forent
1656 4884 1810 4946 exhibitae
1833 4885 1882 4946 vel

1139 4985 1288 5039 ostensae.

1179 5072 1289 5132 Datum
1317 5072 1443 5145 Romae,
1472 5073 1550 5150 apud
1580 5072 1611 5135 S.
1638 5073 1762 5135 blaviam
1791 5073 1882 5134 lllaio-

1139 5180 1206 5224 rem
1228 5163 1284 5225 sub
1311 5165 1428 5226 annulo
1449 5165 1631 5239 Piscat.,die
1656 5182 1732 5226 xvu.
1752 5165 1883 5227 ianuarii

1140 5273 1292 5333 uuonan,
1315 5259 1512 5336 pontificatus
1534 5259 1630 5319 nostri
1652 5276 1734 5320 anuo
1756 5274 1800 5319 xr.
1825 5259 1880 5340 (2).

1139 5459 1273 5503 decretum
1291 5463 1367 5515 Cong.
1383 5461 1452 5503 Part.
1468 5459 1499 5502 de
1514 5461 1538 5502 P.
1555 5463 1580 5503 p,
1599 5458 1705 5504 habitae
1719 5459 1760 5504 dle
1777 5469 1800 5504 x.
1817 5465 1881 5518 sept.

1140 5536 1311 5575 stuccxxxvt„
1319 5537 1370 5581 quo
1380 5525 1565 5570 demandatum
1576 5525 1662 5572 suerat
1670 5527 1771 5583 vianp.
1782 5529 1883 5573 scotiae

1139 5593 1257 5648 excipere
1275 5603 1291 5636 3
1312 5590 1501 5646 33333333333333,
1522 5595 1664 5648 antequam
1685 5593 1824 5638 facxxltates
1845 5594 1883 5639 eis

1138 5659 1316 5714 concederent,
1325 5658 1543 5715 subscriptionem
1555 5659 1684 5704 ferurulae
1693 5661 1884 5706 condemnatio-

1140 5727 1180 5772 nie
1194 5727 1225 5772 de
1239 5727 1374 5772 erroribus
1385 5727 1430 5772 Bai
1441 5729 1497 5780 etc.;
1509 5729 1668 5784 quapropter
1678 5727 1720 5774 bic
1731 5739 1776 5774 ees
1786 5729 1883 5774 reterre

1140 5795 1209 5840 baud
1224 5793 1367 5851 potuimus,
1377 5805 1468 5838 verum
1479 5794 1562 5840 lector
1572 5793 1598 5838 in
1610 5797 1750 5852 appendice
1760 5797 1881 5844 inveniet.

693 5945 1538 6005 ——⁴·····<0·t·ffim&3·a·ct›·····——.

1902 4303 2069 4354 lldcmaddlt.
