1290 1819
337 175 366 192 ¹80

327 213 361 227 tum
367 209 462 230 regularium
467 210 566 226 ecclesiarum
571 210 648 226 rationem
655 214 698 230 prae-

327 234 382 250 dictam
393 238 424 249 non
435 234 522 253 exegerint,
528 238 555 249 seu
563 238 594 249 non
606 233 698 253 invigilave-

327 257 359 273 rint
369 258 409 277 quod
424 257 496 277 praefati,
508 257 535 277 qui
545 257 561 273 in
572 261 625 273 curam
635 256 698 272 tabella-

327 284 363 297 rum
373 282 388 296 et
399 280 475 296 librorum
485 281 584 300 incumbunt,
590 285 618 296 suo
629 280 697 299 muneri,

327 306 344 320 ut
355 304 447 324 praefertur,
461 304 559 323 satisfaciant,
571 304 587 320 in
598 304 664 323 singulis
674 308 698 319 re-

327 328 394 348 spective
404 328 463 343 casibus
470 328 554 343 saeculares
561 332 626 347 poenam
634 331 698 347 suspen-

327 351 374 367 sionis
385 352 471 370 incurrant,
479 351 558 371 regulares
569 355 606 367 vero
613 355 651 367 voce
661 351 697 366 acti-

327 375 345 390 va
356 377 372 390 et
382 375 439 394 passiva
450 379 467 390 ac
478 375 550 394 gradibus
560 376 576 390 et
586 374 648 393 officiis,
659 378 698 394 quae

327 398 404 417 obtinent,
415 398 448 418 ipso
459 398 498 414 iacto
503 400 519 414 et
525 398 583 418 absque
592 398 621 413 alia
631 398 699 413 declara-

327 421 370 437 tione
380 421 436 441 privati
447 422 478 437 sint
489 423 504 437 et
514 421 628 441 intelligantur,
636 425 697 437 necnon

327 445 345 460 ad
356 444 445 460 huiusmodi
458 445 514 464 gradus
524 447 540 460 et
552 444 601 460 offlcia
614 445 699 460 obtinenda

327 468 400 484 similiter
410 468 534 487 inhabilitentur‚
543 470 559 483 et
569 468 660 484 inbahilitati
667 468 699 483 sint

327 493 343 507 et
354 492 467 511 intelligantur.

347 519 376 531 vu.
390 515 447 534 Porrn,
463 519 484 531 ne
497 515 529 530 ullo
545 519 614 535 unquam
631 517 699 534 ternpore

328 538 379 553 omnia
390 541 406 554 et
416 538 477 557 singula
488 538 549 554 decreta
560 538 635 558 praedicta
647 538 662 553 in
673 538 699 553 ob-

328 561 402 577 livionem
413 565 440 577 seu
451 561 569 577 desuetudinem
579 561 639 580 abeant,
651 563 700 576 recto-

327 588 358 603 res,
374 585 470 604 superiores,
481 589 508 600 seu
522 585 587 604 capitula
598 584 699 600 ecclesiarum

327 608 429 624 saecularium
439 608 465 624 illa
475 608 553 624 retineant
563 608 624 628 publice
631 608 699 628 exposita

327 632 344 647 in
355 635 409 647 eorum
419 631 494 650 sacrario;
505 631 592 651 superiores
600 635 637 647 vero
645 631 699 647 locales

327 655 439 675 cuiuscumque
450 655 545 674 monasterii,
553 656 639 670 conventus
649 659 666 670 ac
673 654 699 670 do-

328 683 363 694 inus
370 678 445 698 regularis
455 682 509 694 curare
516 680 532 694 et
539 678 599 694 efficere
609 680 699 697 teneantur,

327 702 356 718 sub
367 702 414 722 poena
425 701 515 721 privationis
527 702 613 717 officiorum
624 705 663 721 quae
674 702 700 717 ob-

328 726 388 744 tinent,
399 725 473 745 vocisque
484 725 542 741 activae
553 727 568 740 et
579 725 656 745 passivae,
667 725 699 744 ipso

328 749 368 765 iacto
382 749 483 767 incurrenda,
494 749 538 764 utin
551 751 643 768 perpetuum
656 751 699 764 sexto

328 776 390 793 quoque
398 776 457 791 mense,
466 772 504 788 idest
511 772 548 788 ieria
554 772 621 788 secunda
628 774 662 791 post
669 772 700 792 pri-

328 800 370 811 mam
381 796 474 812 dominicam
484 796 572 814 Adventus,
584 797 599 811 et
610 795 647 811 teria
657 795 700 811 sexta

329 821 363 839 post
375 821 443 835 octavam
457 819 528 839 Corporis
539 819 605 838 Christi,
619 823 674 834 omnes
684 821 700 834 et

329 842 399 862 singulae
409 842 501 862 praemissae
512 844 546 858 tum
556 842 623 858 insertae
629 846 657 858 seu
664 846 701 857 con-

330 866 397 882 firmatae
409 868 443 882 tum
454 866 470 881 in
481 869 552 885 praesens
559 865 607 881 tactae
617 865 700 881 ordinatio-

329 893 363 908 nae,
369 889 400 905 una
410 893 446 905 cum
457 889 501 904 dictis
508 889 640 907 declarationibus,
649 889 666 904 in
673 893 701 908 pu-

329 913 368 929 tilica
378 913 431 929 mensa
442 913 546 933 perlegantur.

349 940 383 952 vlu.
396 936 495 952 Meminerint
508 936 557 955 igitur
566 938 582 952 et
593 938 663 955 satagant
674 936 701 952 Or-

330 960 390 978 dinarii,
402 962 419 975 nt
429 964 437 975 a
448 959 518 979 personis
530 962 545 975 et
556 960 572 975 in
585 959 653 975 ecclesiis
663 964 701 979 quo-

329 983 407 1003 quomodo
412 983 459 998 etiam
467 983 482 998 in
490 983 522 998 vim
530 983 628 998 decretorum
636 983 701 999 Goncilii

330 1007 417 1022 Tridentini
428 1007 456 1022 sibi
467 1007 539 1022 subiectis
550 1007 605 1022 missae
612 1007 629 1022 etl
637 1011 667 1026 qua
674 1010 701 1026 par

329 1032 353 1046 est
363 1030 393 1046 fide
400 1032 415 1046 et
426 1030 505 1049 diligentia
512 1030 617 1049 celebrentur,
623 1032 639 1046 et
646 1032 701 1046 cuncta

330 1055 345 1069 et
356 1054 417 1073 singula
431 1054 490 1069 decreta
501 1054 589 1069 huiusmodi
603 1054 700 1069 omnimodae

330 1077 417 1093 executioni
428 1077 547 1096 demandentur,
559 1077 617 1092 nedum
627 1077 701 1092 iustitiam

330 1100 446 1116 recurrentibus
461 1104 489 1115 seu
502 1100 594 1116 instantibus
610 1101 700 1119 reddentes,

329 1124 356 1139 sed
367 1128 386 1139 ex
396 1123 452 1142 officio,
463 1125 497 1139 tum
507 1123 524 1139 in
534 1124 655 1142 visitationibus,
667 1126 701 1139 tum

330 1147 347 1163 in
357 1147 391 1162 aliis
401 1147 459 1162 actibus
470 1149 485 1162 et
496 1147 545 1162 modis
555 1151 593 1167 quos
603 1147 675 1167 expedire
686 1149 701 1163 et

330 1170 415 1186 convenire
427 1170 473 1186 toties
486 1170 546 1190 quoties
557 1170 666 1189 iudicaverint,
679 1170 701 1185 in-

331 1194 416 1214 quirentes,
427 1197 447 1209 ne
457 1193 514 1213 aliquid
521 1194 633 1212 committatur,
640 1197 702 1214 perver-

331 1219 380 1236 tatur,
396 1217 476 1233 differatur
486 1217 512 1233 vel
525 1217 613 1236 omittatur,
626 1218 667 1237 quod
678 1217 702 1232 his

330 1241 403 1256 omnibus
413 1243 429 1256 et
439 1241 504 1260 singulis
515 1241 579 1256 decretis
590 1241 697 1256 adversentur.

351 1268 373 1280 rx.
385 1265 453 1280 Caveant
462 1265 508 1280 etiam
518 1265 603 1284 respective
613 1268 667 1280 omnes
678 1269 702 1280 re>

332 1288 392 1308 gulares
407 1290 440 1303 tum
451 1288 508 1303 subditi
523 1290 556 1304 tum
570 1288 658 1308 superiores
668 1288 702 1308 qui-

331 1316 404 1331 cumque,
412 1312 470 1327 nedum
481 1312 541 1331 locales,
548 1312 575 1328 sed
586 1312 631 1327 etiam
640 1312 702 1331 provin-

332 1335 376 1351 nialus
387 1338 402 1351 et
413 1335 500 1355 generales,
513 1340 533 1351 ne
544 1336 625 1351 missarum
636 1335 702 1351 celebra-

332 1359 354 1374 tio
364 1361 379 1374 et
389 1359 460 1374 omnium
473 1359 570 1375 decretorum
582 1359 702 1379 praemissorum

331 1383 408 1402 executio,
416 1387 452 1398 cnm
459 1383 528 1403 pernicie
538 1383 634 1403 propriarum
645 1383 703 1399 anima-

331 1410 373 1425 rum,
378 1411 413 1422 cum
420 1407 513 1426 praeiudicio
519 1406 580 1422 illarum
586 1406 642 1426 quibus
649 1407 703 1422 missae

331 1432 369 1445 sunt
379 1430 481 1449 applicandae,
493 1432 508 1445 et
518 1434 553 1445 cum
565 1434 621 1449 magno
631 1430 702 1446 christili-

332 1453 390 1469 delium
400 1453 476 1472 scandalo,
485 1454 593 1473 quoquomodo
603 1454 702 1472 omittantur,

331 1476 428 1496 differantur,
439 1477 540 1497 negligantur
549 1480 577 1492 seu
588 1478 702 1496 pervertantur,

332 1500 405 1520 alioquin,
417 1500 457 1516 ultra
468 1500 537 1520 propriae
551 1500 654 1516 conscientiae
665 1504 703 1516 one-

332 1524 414 1543 rationem,
423 1528 488 1544 poenam
496 1524 586 1544 privationis
596 1524 638 1539 vocis
645 1524 703 1539 activae

584 178 616 191 iun.
628 179 674 191 pour.
686 179 706 191 ute
716 179 731 191 ι’.
743 180 757 191 F.
770 180 811 191 rans
822 180 833 191 ι.

725 212 741 225 et
751 210 824 229 passivae,
832 214 848 225 ac
859 210 935 229 graduum
942 212 958 226 et
964 210 1051 226 officiorum
1059 215 1100 231 quae

725 233 802 252 obtinent,
810 237 872 249 necnon
883 233 1010 250 inhabilitationis
1018 234 1035 250 ad
1043 234 1100 250 buius-

725 256 767 272 modi
780 256 836 276 gradus
847 258 863 272 et
875 257 924 273 officia
938 257 1020 273 obtinenda
1035 262 1100 278 prorsus

726 279 810 295 incurrant⁴

745 307 761 319 x.
773 304 832 320 Curent
846 306 926 324 propterea
936 304 999 324 praefati
1010 305 1099 325 superiores

726 327 804 347 regulares
815 328 831 343 in
844 332 898 344 omnes
909 330 924 344 et
934 328 1004 348 singulos
1017 331 1100 344 centravea

726 351 787 367 nientes
792 351 847 367 debitis
853 352 907 371 poeuis
914 352 997 371 diligenter
1003 354 1019 368 et
1026 354 1100 372 prompte

726 375 772 390 etiam
782 378 810 394 per
820 375 937 394 inquisitionem
944 375 1076 395 animadvertere;
1084 378 1100 392 et

727 398 790 418 insuper
801 400 883 414 teneantur
894 402 948 414 omnes
958 401 974 414 et
984 399 1042 418 singuli
1053 403 1100 419 supe-

726 421 774 436 riores
781 421 836 437 locales
844 422 861 437 in
867 422 986 441 provincialibus
993 422 1064 442 capitulis
1071 426 1100 438 seu

726 445 872 464 congregationibus
892 445 966 461 exhibere
983 446 1099 462 attestationem

726 472 754 483 seu
761 468 808 484 fidem
815 469 834 484 ab
840 469 913 484 omnibus
920 469 1023 485 sacerdotibus
1029 473 1100 485 conven-

727 493 760 510 tus.
772 492 870 510 monasterii,
881 496 908 507 seu
921 492 1033 512 cuiuscumque
1043 493 1100 508 domus

727 515 803 534 regularis
818 515 919 535 subscriptam
934 517 949 531 et
965 516 1040 535 iuratam,
1056 516 1099 536 quod

727 538 799 554 omnibus
813 540 828 554 et
842 539 909 558 singulis
924 539 957 555 tum
973 540 1052 559 perpetuis
1064 541 1100 555 tum

727 561 825 577 manualibus
835 562 918 578 missarum
925 562 998 578 oneribus
1005 566 1033 579 seu
1040 563 1100 582 ohliga-

727 585 806 604 tionibus,
820 585 837 601 ad
849 585 906 601 limites
916 587 932 601 et
942 588 1014 601 tenorem
1027 590 1101 606 praesen-

727 608 767 624 tium
773 608 876 627 decretorum,
882 611 951 629 tempore
957 613 1012 625 eorum
1017 610 1100 629 regiminis

727 631 774 647 (uerit
786 632 851 648 omnino
862 634 877 648 et
887 632 984 652 integraliter
998 633 1099 652 satisfactum,

727 655 758 674 vel,
769 655 850 671 deficiente
861 656 911 675 aliqua
922 656 979 672 modica
990 656 1099 676 satisfactione,

727 678 774 698 possit
790 679 835 694 etiam
851 679 940 695 huiusmodi
956 679 1027 695 residuali
1045 680 1100 700 imple-

727 704 781 717 mento
795 702 877 718 missarum
893 703 965 718 distincte
981 703 1100 719 referendarum

727 725 768 740 intra
778 725 825 741 breve
836 728 897 746 tempus
907 726 988 742 moraliter
997 726 1075 745 satisfieri,
1083 727 1101 742 ea

727 748 784 764 adiecta
795 750 810 764 et
820 749 886 765 omnino
896 749 993 769 adimplenda
1005 750 1100 769 conditione,

727 772 768 791 quod
778 774 813 787 aute
824 772 900 792 praetatae
907 773 1009 788 attestationis
1018 773 1101 788 exhibitio-

728 799 765 811 nem
780 795 875 815 quicumque
887 796 975 816 superiores
988 796 1042 812 lucales
1056 800 1101 816 prae-

728 819 764 834 dicti
774 822 828 834 vocem
839 819 906 834 activam
916 823 943 835 seu
954 819 1029 839 passivam
1040 819 1057 835 in
1068 823 1100 835 me-

728 842 791 857 moratis
804 842 873 862 capitulis
887 846 915 858 seu
925 843 1070 862 congregationibus
1084 847 1100 859 o-

728 865 783 881 mnino
793 865 849 881 babere
860 869 891 881 non
903 866 969 882 valeant.

748 893 770 904 xil
782 889 861 904 Praeterea
871 889 978 909 provinciales,
988 890 1041 906 vicarii
1050 892 1066 906 et
1077 890 1101 906 vi-

728 912 797 928 sitatores
803 913 917 932 provinciarum
925 917 952 929 seu
960 914 1100 933 congregationum

728 936 806 951 debebunt
816 936 832 952 in
840 936 872 951 sine
879 940 933 952 eorum
944 937 1024 956 regiminis
1031 938 1100 957 superio-

729 959 770 975 ribus
781 959 879 978 generalibus
887 960 903 975 in
911 960 959 975 forma
967 960 1041 980 probante
1048 962 1101 976 osten-

728 983 765 998 dere
780 983 820 1002 quud
833 983 921 998 executioni
935 984 1037 1003 praesentium
1048 984 1102 1000 decre-

729 1008 781 1022 torum
791 1006 844 1022 sedulo
857 1006 979 1025 invigilaverint,
990 1009 1006 1022 et
1016 1007 1034 1023 ad
1044 1011 1101 1023 eorum

729 1032 799 1045 tenorent
806 1030 823 1045 in
829 1029 901 1045 omnibus
907 1031 922 1045 et
927 1030 992 1049 singulis
997 1031 1102 1046 conventibus

728 1058 756 1070 seu
770 1054 866 1069 monasteriis
879 1054 904 1069 vel
917 1054 989 1070 domibus
1002 1054 1101 1073 regular-ihus

729 1077 817 1097 provinciae
827 1081 854 1093 seu
865 1077 989 1096 congregationis
999 1077 1018 1092 de
1028 1077 1101 1093 omnibus

729 1103 744 1116 et
759 1100 825 1120 singulis
838 1100 910 1116 oneribus
921 1102 937 1116 et
950 1100 1070 1120 obligationibus
1083 1105 1101 1116 ac

729 1124 792 1139 insimul
803 1124 931 1139 satisfactionibus
942 1124 1023 1140 missarum
1031 1126 1101 1140 exactam

729 1149 745 1163 et
755 1147 845 1166 diligentem
857 1147 933 1162 rationem
943 1147 1030 1166 exegerint,
1040 1151 1058 1163 ac
1065 1151 1102 1163 con-

729 1173 753 1186 tra
763 1170 871 1190 delinquentes
881 1171 899 1186 ad
909 1170 1028 1186 declarationem
1038 1172 1054 1186 et
1064 1174 1100 1186 exe-

729 1194 808 1210 cutionem
818 1194 903 1214 respective
913 1197 999 1213 poenarum
1008 1194 1024 1210 in
1034 1194 1101 1210 decretis

729 1219 838 1233 contentarum
851 1217 961 1237 processerint,
973 1220 988 1233 et
999 1218 1017 1233 de
1027 1218 1100 1237 adimple-

730 1243 789 1260 mento,
799 1241 838 1257 circa
845 1245 862 1256 ea
870 1245 909 1261 quae
919 1241 935 1256 in
942 1241 1029 1261 praemissis
1035 1241 1053 1257 ad
1061 1241 1101 1261 ipsos

729 1267 805 1284 spectant,
817 1265 888 1284 legitime
898 1265 987 1284 docuerint;
998 1265 1034 1280 alias
1045 1265 1063 1280 ad
1074 1269 1100 1280 vo-

729 1292 763 1304 cem
777 1288 843 1304 activam
853 1291 868 1303 et
879 1288 954 1308 passivam
965 1289 981 1304 in
993 1288 1064 1308 capitulis
1075 1292 1100 1307 ge·

730 1311 808 1327 neralibus
818 1311 908 1327 nullatenus
919 1312 1027 1327 admittuntur.

750 1340 778 1351 xii.
791 1336 873 1355 Ceterum,
885 1336 920 1355 quia
933 1336 980 1351 etiam
990 1336 1008 1351 ad
1019 1335 1101 1355 quamplu-

729 1363 754 1374 res
764 1359 947 1378 arrbiconiraternitates‚
959 1359 1099 1377 confraternitates,

729 1383 815 1401 societates,
820 1383 954 1402 congregationes,
962 1382 1032 1402 hospitia,
1040 1382 1099 1401 altaria,

730 1407 809 1426 cappellas,
816 1406 881 1422 oratoria
887 1408 902 1421 et
908 1406 984 1424 ecclesias,
990 1410 1007 1421 ac
1012 1406 1041 1421 alia
1047 1406 1079 1421 loca
1084 1407 1100 1421 et

730 1434 775 1450 opera
787 1430 811 1450 pia
825 1429 940 1449 quomodolibet
955 1431 1042 1449 nuncupata
1055 1429 1101 1449 (quae

730 1454 822 1473 cuicumque
830 1457 876 1469 curae
882 1457 909 1468 seu
921 1453 993 1472 regimini
1000 1454 1027 1468 aut
1035 1452 1101 1468 admini-

730 1477 801 1493 strationi
808 1477 832 1492 vcl
841 1476 922 1492 directioni
933 1476 1007 1492 laicorum
1019 1476 1101 1492 cuiuslibet

1115 177 1140 192 An.
1147 179 1161 193 C.
1171 180 1200 193 1697

1111 307 1172 333 affluit?
1179 308 1206 334 alt·

1109 337 1206 364 ὲῗὲξῗηῖιῗξὲῗ

1109 361 1150 386 glitnlfl
1154 361 1206 374 exhiban-

1123 895 1140 905 Da
1146 894 1202 905 illumin·

1110 907 1203 920 nummorum.

1110 921 1144 935 uuna
1154 924 1175 936 ως,
1183 923 1204 932 ιιι-

1110 935 1137 946 neri
1150 934 1204 946 „turm

1110 948 1201 973 Quanam:

1125 1340 1142 1351 no
1148 1337 1203 1350 exeuntia-

1109 1356 1125 1365 nu
1137 1352 1203 1367 praemuss—

1109 1369 1137 1378 rum
1144 1365 1182 1380 quo-A
1188 1366 1204 1375 :u-

1118 1380 1162 1391 eriorel
1171 1379 1182 1390 el
1189 1377 1204 1388 01-

1118 1393 1155 1405 cuins
1165 1393 1204 1403 minin-

1109 1409 1137 1419 mm
1155 1406 1204 1418 locorum

1110 1420 1160 1435 μιοπιηιι

731 1500 945 1520 gradus,status,conditionis
951 1500 1101 1519 etpraeemiucntiae
1121 1503 1125 1506 ·

730 1524 777 1539 etiam
784 1523 845 1543 speciali
853 1525 868 1539 et
876 1523 966 1539 individuali
974 1523 1010 1539 nota
1017 1523 1101 1542 dignorum
