4844 6990
1033 556 1175 602 obuncos
1199 558 1254 603 xit.

372 678 513 742 eliciendi
542 679 767 756 incorrigibiles
793 695 866 742 suae
888 677 1065 757 provinciae
1087 681 1118 736 et

371 772 554 834 eiectionem
577 774 812 852 pronunciandi,
835 774 997 834 accedente
1011 785 1119 848 appro-

370 866 494 930 batione
518 867 681 944 generalis,
701 867 824 930 deliniri
846 866 1013 940 deberent3
1036 863 1117 924 salrd

373 969 475 1022 tamen
497 975 619 1037 semper
640 960 733 1022 liuius
751 959 879 1022 Sanctae
895 959 1022 1022 Sediset
1037 956 1116 1017 eius-

371 1055 443 1116 dem
457 1053 716 1130 Congregationis
731 1053 763 1114 in
778 1070 847 1115 casu
864 1068 1005 1116 recursus
1020 1057 1051 1112 et
1066 1066 1118 1128 ap-

371 1147 546 1226 pellationis
568 1147 759 1210 auctoritate.

127 1308 133 1318 ,
187 1256 352 1304 conuruonas
411 1243 481 1317 §2
505 1245 584 1305 Cum
605 1249 720 1316 autem,
738 1242 817 1302 sicut
837 1241 944 1302 eadem
966 1238 1116 1318 expositio

126 1311 354 1428 &52⁹sssssser
371 1335 590 1410 subiungebat,
615 1337 646 1396 in
670 1333 836 1412 provinciis
857 1332 1014 1394 indiarum
1037 1332 1116 1393 eius-

127 1417 354 1527 fflffl'lgfflgg
372 1429 440 1489 dem
471 1427 610 1501 Ordinis,
634 1427 672 1488 ob
692 1441 848 1488 summam
875 1441 981 1486 earum
1002 1425 1040 1486 ab
1061 1425 1115 1486 bac

128 1521 353 1624 fficillimeros·
371 1520 450 1582 almi
472 1521 554 1582 Urbe
584 1519 775 1592 distantiam,
802 1518 979 1596 approbatio
1005 1517 1115 1595 prioris

204 1611 209 1621 “
371 1615 525 1691 generalis
536 1631 591 1693 pro
603 1621 742 1690 tempore
751 1612 911 1673 existentis
928 1609 1114 1684 huiusmodi,

370 1707 437 1770 sive
458 1707 618 1769 electionis
640 1706 777 1766 iudicum
805 1703 994 1783 expulsionis
1017 1703 1047 1764 in
1071 1719 1117 1764 ca-

371 1801 478 1880 pitulis
503 1799 744 1878 provincialibus
772 1796 1004 1877 provinciarum
1031 1811 1117 1874 prae-

370 1894 522 1956 dictarum
550 1893 661 1966 iactae,
683 1893 749 1954 sive
775 1891 948 1952 sententiae
969 1905 985 1948 a
1006 1889 1115 1968 priori-

370 1989 427 2052 bus
455 1986 695 2066 prorincialibus
724 1983 901 2046 huiusmodi
927 1991 957 2044 ct
982 1981 1116 2060 praedic-

370 2083 409 2144 tis
429 2097 483 2142 sex
505 2079 643 2158 patribus
666 2079 754 2152 latae,
776 2076 890 2154 absque
912 2091 1025 2148 magno
1048 2090 1116 2152 pro·

369 2175 545 2236 vinclorum
567 2171 793 2252 praedictarum
814 2167 1002 2230 detrimento
1024 2175 1054 2229 et
1071 2169 1117 2230 in-

368 2266 530 2329 commodo
552 2265 707 2344 expectari
722 2280 785 2326 non
800 2262 905 2340 possit,
923 2268 1030 2339 utpote
1045 2261 1115 2338 quia

369 2375 453 2435 reus,
475 2360 564 2422 cuius
590 2355 840 2433 incorrigibilitas
866 2354 990 2434 probata
1016 2361 1048 2414 et
1070 2353 1115 2416 uti

371 2452 437 2514 talis
463 2468 519 2532 per
539 2469 593 2515 sex
621 2465 744 2512 menses
766 2449 798 2510 in
821 2464 943 2510 carcere
971 2447 1116 2509 detentus

370 2545 475 2620 luerit,
497 2559 554 2624 per
576 2545 706 2620 longum
734 2549 856 2620 ternpus
878 2540 910 2600 in
935 2540 1042 2602 eadem
1063 2556 1115 2600 cu·

368 2638 465 2700 stodiai
486 2637 618 2700 detineri
633 2653 697 2698 uon
717 2642 817 2713 potest
832 2649 930 2711 usque
945 2633 1017 2694 dum
1032 2633 1115 2710 prior

369 2731 567 2811 provincialis
587 2731 759 2808 praedictus
776 2726 1028 2806 approbationem
1048 2724 1113 2784 sire

369 2825 528 2887 electionis
560 2823 697 2885 iudicum
728 2823 794 2882 sire
823 2819 998 2882 sententiae
1030 2817 1113 2878 iuxta

367 2917 570 2979 enunciatum
602 2915 761 2989 decretum
793 2931 809 2974 a
841 2913 944 2991 priore
975 2908 1114 2987 generali

368 3010 502 3088 praelato
524 3009 659 3087 accipiat,
682 3007 850 3085 minusque
870 3005 936 3066 deri
958 3010 1058 3082 potest
1079 3009 1113 3062 ut

367 3122 439 3168 reus
460 3105 595 3168 libertati
617 3105 765 3176 trudatur,
782 3118 823 3181 pe
837 3111 956 3164 ceteros
975 3116 1030 3160 suo
1045 3115 1113 3177 pra-

368 3216 407 3261 vo
428 3198 570 3276 exemplo
592 3204 787 3275 corrumpat;

141 3299 350 3398 liutgerum&
407 3293 426 3368 ἓ
448 3293 476 3354 3.
501 3293 543 3354 bc
563 3300 725 3372 propterca
740 3290 839 3351 dictus
860 3287 1003 3349 Nicolaus
1018 3287 1114 3348 Anto·

140 3356 218 3462 ἐῗῑεῖιῖ
233 3364 350 3462 'affigi
368 3387 451 3461 niue,
474 3385 557 3463 prior
584 3384 751 3462 generalis,
779 3381 984 3459 supradictum
1009 3381 1113 3441 decre·

138 3469 214 3558 3¹32,
229 3461 349 3508 mouera·
369 3487 436 3540 tum
458 3487 646 3540 memoratae
674 3474 930 3552 Congregationis
951 3473 1112 3552 particula-

367 3572 410 3633 ris
440 3591 457 3634 a
484 3571 570 3632 nobis
603 3570 756 3632 moderari
792 3568 963 3646 plurimum
996 3565 1113 3628 deside-

367 3672 430 3727 ret:
455 3667 543 3729 nobis
571 3672 732 3745 propterea
759 3662 922 3724 humiliter
948 3657 1111 3740 supplicari

367 3760 438 3823 iecit
465 3769 500 3823 ut
521 3761 577 3822 sibi
602 3760 635 3820 in
657 3757 830 3837 praemissis
858 3763 1031 3834 opportune
1042 3767 1112 3830 pro·

367 3857 474 3916 ridere
489 3863 519 3915 et
534 3861 569 3916 ut
583 3852 663 3914 inira
683 3850 847 3926 indulgere
866 3850 903 3911 de
918 3849 1112 3930 benignitate

367 3948 529 4026 apostolica
551 3945 761 4022 dignaremur.
980 4017 983 4020 ,

407 4041 425 4114 ἓ
447 4040 475 4100 la.
500 4037 560 4100 Nos
582 4039 690 4114 igitur,
715 4037 814 4114 ipsum
834 4033 996 4096 Nicolaum
1017 4034 1111 4096 rinto-

368 4135 457 4197 nium
469 4134 604 4213 priorem
616 4130 793 4208 generalem
807 4127 988 4206 specialibus
999 4127 1111 4188 lavori-

367 4228 422 4290 bus
435 4236 465 4288 et
478 4227 585 4303 gratiis
598 4223 741 4302 prosequi
754 4221 904 4296 volentes,
917 4228 947 4282 et
958 4239 974 4281 a
983 4221 1109 4310 quibus-

366 4323 412 4382 ris
427 4317 768 4390 excommunicationis,
790 4316 1000 4393 suspensionis
1020 4321 1049 4376 et
1065 4317 1111 4376 in-

365 4415 503 4488 terdicti,
536 4413 665 4490 aliisque
693 4409 902 4472 ecclesiasticis
928 4410 1108 4486 sententiis,

365 4509 503 4574 censuris
525 4514 554 4569 et
576 4505 695 4584 poenis,
715 4521 730 4564 a
752 4503 820 4563 iure
842 4504 892 4564 vel
914 4503 950 4564 ab
972 4503 1108 4578 bomine,

364 4604 472 4682 quavis
494 4601 651 4663 occasione
669 4597 720 4659 vel
745 4597 831 4660 causa
847 4596 926 4671 latis,
949 4597 974 4657 si
999 4598 1110 4674 quibus

365 4693 594 4775 quomodolibet
605 4692 770 4754 innodatos
781 4689 897 4763 existit,
914 4689 949 4750 ad
965 4689 1110 4760 ellectum

364 4787 575 4868 praesentium
597 4787 756 4848 dumtaxat
777 4782 1042 4860 consequendum,
1058 4784 1111 4844 lra-

364 4899 437 4944 rum
463 4881 543 4942 serie
570 4871 763 4939 absolventes
789 4885 819 4937 et
844 4876 1018 4937 absolutum
1044 4877 1110 4938 lore

298 4967 300 4974 ⁴
364 4982 541 5046 censentes,
565 4971 742 5033 huiusmodi
762 4967 1037 5046 supplicationibus
1064 4970 1111 5030 in-

365 5067 483 5140 clinati,
506 5065 664 5126 modernis
685 5070 715 5123 et
737 5078 792 5140 pro
815 5070 955 5138 tempore
976 5062 1109 5122 existen-

365 5161 447 5222 tibus
482 5155 660 5220 eorumdem
689 5153 920 5232 provinciarum
952 5153 1109 5216 indiarum

162 4042 283 4090 concedit
297 4043 349 4090 cle·

136 4105 217 4142 mens.

364 5251 437 5314 dicti
465 5251 586 5314 Ordinis
617 5249 774 5326 prioribus
799 5246 1052 5325 provincialibus
1076 5254 1110 5308 ut

364 5345 433 5424 ipsi,
454 5343 583 5406 servatis
604 5343 642 5403 de
664 5341 731 5400 iure
758 5338 916 5400 servandis
938 5346 968 5399 et
989 5338 1056 5398 aliis
1077 5340 1110 5400 in

364 5437 546 5517 supradictis
567 5436 696 5498 decretis
724 5433 894 5505 contentis,
919 5447 981 5492 non
1003 5448 1111 5510 expec-

363 5533 425 5593 tata
446 5530 587 5592 eiusdem
613 5528 728 5590 Nicolai
754 5527 884 5588 Antonii
916 5526 1111 5602 aliorumque

364 5627 436 5687 dicti
451 5625 574 5688 Ordinis
589 5639 643 5701 pro
662 5631 798 5700 tempore
815 5619 1016 5681 existentium
1030 5619 1112 5696 prio·

364 5735 437 5780 rum
460 5717 654 5796 generalium
676 5715 895 5794 approbatione
909 5715 974 5774 sire
989 5713 1111 5774 electio-

406 5931 435 5986 (l)
451 5932 487 5974 Ex
502 5929 576 5974 nrclr.
593 5931 689 5974 Secret.
705 5931 776 5972 Brer.

1842 540 1901 602 495
1951 539 2004 592 Δῐι,
2019 541 2049 592 0.
2071 540 2139 591 1738

1175 677 1224 738 nis
1245 693 1297 740 sex
1319 678 1516 741 conludicurn
1537 679 1603 741 sive
1618 677 1791 742 sententiae
1813 679 1920 758 expul-

1173 773 1269 835 sionis
1290 774 1327 835 ab
1348 775 1418 853 ipsis
1439 774 1652 838 coniudicibus
1675 775 1736 836 una
1757 789 1828 836 cnm
1851 789 1921 851 pro·

1174 868 1358 930 uincialibus
1385 871 1545 948 praedictis
1568 871 1661 944 latae,
1688 872 1753 932 sive
1774 869 1919 931 ferendae

1174 977 1245 1022 cum
1268 962 1390 1036 ellectu,
1414 963 1639 1039 incorrigibiles
1667 963 1779 1024 eiicere
1801 963 1918 1042 possint

1173 1063 1204 1116 et
1231 1053 1367 1130 valeant,
1395 1055 1569 1118 laenitatem
1602 1057 1783 1118 auctoritate
1813 1056 1917 1118 nostri

1172 1148 1346 1225 apostoliea,
1361 1156 1469 1210 tenore
1483 1149 1707 1227 praesentium,
1720 1148 1918 1212 concedimus

1173 1247 1203 1300 et
1225 1240 1434 1316 impertimur.
1742 1261 1745 1270 ·

1212 1334 1231 1408 ἓ
1252 1333 1282 1395 5.
1305 1334 1522 1408 Decernentes,
1535 1333 1656 1398 easdem
1671 1343 1847 1414 praesentes
1868 1336 1918 1398 lit·
1954 1343 2089 1406 clausurae
2104 1354 2149 1401 pro

1172 1434 1252 1490 teras
1280 1427 1400 1500 firmas,
1430 1426 1544 1488 validas
1569 1435 1598 1490 et
1623 1429 1757 1492 efficaces
1784 1431 1918 1492 existere
1937 1395 2045 1496 &afflig
2064 1397 2150 1498 Ἧῗιῗιῗῖ

1172 1530 1203 1582 et
1226 1521 1306 1594 lore,
1331 1536 1464 1600 suosque
1491 1521 1642 1598 plenarios
1667 1532 1698 1584 et
1719 1523 1857 1599 integros
1875 1524 1917 1586 ei·
1937 1508 1995 1552 'm'

1171 1612 1268 1674 iectus
1289 1614 1393 1675 sortiri
1414 1621 1445 1676 et
1466 1615 1620 1688 obtinere,
1640 1631 1673 1677 ac
1695 1615 1765 1691 illis,
1784 1616 1819 1676 ad
1842 1632 1918 1694 quos

1171 1713 1285 1783 spectat
1296 1713 1328 1768 et
1338 1723 1393 1784 pro
1406 1713 1545 1785 tempore
1560 1710 1819 1788 quandocumque
1833 1725 1918 1788 speo-

1174 1799 1259 1874 tabit,
1283 1798 1461 1877 plenissime
1476 1800 1649 1876 sullragari,
1665 1800 1769 1879 sicque
1785 1802 1817 1862 in
1834 1819 1919 1880 prae-

1173 1891 1274 1952 missis
1295 1907 1349 1968 per
1375 1907 1589 1969 quoscumque
1611 1892 1726 1954 iudices
1748 1896 1918 1957 ordinarios

1172 1993 1203 2046 ot
1224 1985 1395 2060 delegatos,
1423 1986 1517 2046 etiam
1539 2001 1701 2048 causarum
1725 1987 1827 2065 palatii
1848 2004 1919 2067 apo-

1170 2077 1270 2138 stolici
1285 2076 1453 2152 auditores,
1468 2079 1595 2140 iudicari
1610 2087 1640 2140 et
1655 2079 1778 2140 deliniri
1793 2080 1916 2157 debere,

1172 2187 1204 2230 ac
1225 2171 1352 2232 irritum
1374 2179 1403 2232 et
1429 2171 1524 2233 inane
1548 2172 1572 2232 si
1597 2188 1684 2234 secus
1713 2191 1808 2252 super
1834 2175 1917 2236 liisa

1171 2280 1328 2342 quoquam
1350 2265 1459 2341 quavis
1488 2267 1686 2341 auctoritate,
1713 2267 1846 2330 scienter
1867 2269 1918 2330 vel

1173 2358 1364 2434 ignoranter,
1387 2357 1552 2434 contigerit
1574 2359 1730 2422 attentari.

1211 2453 1230 2526 ἓ
1250 2452 1280 2512 o.
1305 2450 1373 2512 Non
1393 2451 1584 2514 obstantibus
1599 2455 1782 2530 praemissis,
1798 2473 1831 2517 ac
1845 2473 1918 2520 con·
1959 2471 2148 2534 contrariarum

1170 2543 1384 2606 stitutionibus
1405 2544 1588 2621 apostolicis,
1612 2562 1734 2608 necnon
1750 2547 1872 2612 Ordinis
1888 2558 1918 2613 et
1937 2522 2076 2580 ΝΜΟ·

1170 2637 1401 2717 provinciarum
1417 2637 1606 2713 huiusmodi,
1623 2640 1716 2702 etiam
1729 2641 1916 2719 iuramento,

1171 2731 1405 2794 confirmatione
1420 2731 1592 2808 apostolica,
1620 2731 1669 2792 vel
1690 2735 1799 2811 quavis
1821 2737 1918 2798 firmi-

1171 2832 1233 2886 tate
1253 2824 1310 2884 alia
1332 2823 1498 2897 roboratis,
1522 2825 1644 2885 statutis
1666 2835 1697 2887 et
1718 2830 1916 2891 consuetudi-

1170 2917 1273 2992 nibus,
1295 2915 1467 2994 pririlegiis
1488 2932 1623 2996 quoque,
1639 2919 1767 2982 indultis
1789 2929 1820 2984 et
1836 2921 1916 2984 litte·

1169 3011 1211 3071 ris
1233 3009 1405 3087 apostolicis
1420 3009 1453 3070 in
1467 3011 1657 3072 contrarium
1677 3015 1915 3089 praemissorum

1169 3101 1401 3182 quomodolibet
1422 3103 1583 3179 concessis,
1607 3107 1798 3167 confirmatis
1820 3115 1850 3169 et
1869 3108 1915 3168 in-

1170 3195 1304 3271 novatis3
1328 3193 1439 3272 quibus
1464 3195 1609 3257 omnibus
1629 3205 1660 3258 et
1681 3198 1825 3274 singulis,
1849 3199 1914 3260 illo·

1168 3307 1240 3356 rum
1262 3297 1385 3351 tenores
1404 3289 1615 3365 praesentibus
1631 3307 1686 3368 pro
1701 3292 1792 3369 plene
1806 3299 1837 3354 et
1852 3294 1914 3355 sul·

1169 3386 1309 3447 sicienter
1331 3380 1481 3458 expressis
1504 3397 1536 3442 ac
1561 3381 1597 3441 de
1619 3383 1713 3444 verbo
1729 3387 1764 3447 ad
1781 3387 1913 3448 verbum

1169 3476 1293 3540 insertis
1315 3474 1474 3546 babentes,
1498 3473 1559 3534 illis
1579 3474 1652 3536 alias
1673 3477 1705 3537 in
1728 3495 1784 3539 suo
1804 3480 1914 3542 robore

1169 3567 1392 3650 permansuris,
1422 3567 1458 3627 ad
1485 3567 1726 3642 praemissorum
1755 3571 1913 3650 ellectum,

1170 3667 1224 3725 lrac
1244 3662 1312 3723 rice
1332 3659 1504 3732 dumtaxat,
1526 3660 1699 3735 specialiter
1718 3672 1750 3723 et
1772 3680 1914 3742 expresse

1168 3759 1371 3831 derogamus;
1403 3751 1575 3828 ceterisque
1602 3755 1762 3816 contrariis
1789 3757 1915 3834 quibus-

1168 3867 1312 3928 cumque.

1207 3945 1225 4019 ἓ
1247 3945 1275 4005 7.
1301 3944 1453 4006 Volumus
1467 3951 1571 4006 autem
1588 3951 1621 4004 ut
1637 3942 1847 4021 praesentium
1862 3943 1913 4005 lit-
1967 3963 2145 4020 rmnsumpns

1168 4045 1306 4126 terarum
1330 4037 1543 4116 transumptis,
1565 4052 1619 4097 seu
1641 4035 1802 4114 exemplis,
1819 4037 1912 4097 etiam
1931 4014 2016 4061 uanus
2031 4015 2100 4062 ‘¹⁶⁰⁸'

1167 4131 1342 4208 impressis,
1375 4145 1471 4191 manu
1502 4128 1629 4190 alicuius
1655 4129 1767 4190 notarii
1799 4128 1913 4206 publici

1165 4223 1354 4302 subscriptis,
1378 4230 1408 4286 et
1429 4221 1531 4299 sigillo
1554 4237 1701 4300 personae
1723 4223 1755 4283 in
1773 4221 1913 4284 ecclesia-

1164 4318 1239 4380 stici
1260 4318 1410 4394 dignitate
1430 4316 1616 4378 constitutae
1636 4315 1782 4390 munitis,
1805 4317 1914 4377 eadem

1166 4427 1291 4490 prorsus
1320 4411 1394 4472 fides
1418 4417 1480 4471 tam
1502 4409 1534 4469 in
1564 4407 1676 4470 iudicio
1705 4425 1798 4486 quam
1826 4416 1913 4470 extra
1947 4421 1950 4428 ’

1166 4503 1243 4566 illud
1260 4503 1373 4580 ubique
1390 4501 1529 4564 locorum
1540 4501 1732 4574 adhibeatur,
1749 4500 1913 4580 quaeipsis

1166 4596 1379 4674 praesentibus
1401 4595 1610 4668 adhiberetur,
1631 4595 1655 4655 sl
1671 4593 1774 4655 loreut
1795 4596 1913 4657 exhibi-

1166 4696 1214 4750 tae
1236 4688 1286 4750 vel
1309 4697 1457 4750 ostensae.

1206 4783 1317 4843 Datum
1346 4781 1459 4843 llomae
1489 4781 1569 4857 apud
1604 4780 1634 4843 S.
1665 4780 1791 4842 blariam
1822 4782 1912 4844 blaio·

1166 4893 1244 4950 rem,
1262 4873 1446 4937 subannulo
1459 4873 1629 4948 Piscatoris,
1648 4873 1697 4933 die
1712 4889 1767 4934 vn.
1778 4875 1912 4936 octobris

1166 4965 1618 5044 unccxxxv111.,pontidcatus
1641 4965 1738 5027 nostri
1760 4983 1842 5028 anno
1864 4984 1908 5028 rx.

1486 5207 1593 5272 xliv.

1169 5343 1342 5422 Coaafiaunot
1367 5342 1527 5404 decretum
1551 5342 1815 5421 congregationis
1838 5341 1914 5418 Epi·

1206 5451 1372 5511 acoporum
1394 5443 1423 5497 ct
1446 5434 1660 5513 deputarique
1682 5435 1768 5495 circo
1785 5434 1914 5512 religio-

1206 5545 1255 5588 sos
1280 5527 1411 5590 Ordinis
1434 5530 1581 5607 [rutrum
1598 5527 1820 5588 lire-irritarunt
1833 5524 1913 5588 Sou-

1208 5620 1252 5680 cti
1275 5620 1455 5698 Aosqacstiui
1470 5621 1654 5696 provinciae
1671 5620 1857 5684 neatcauca
1872 5619 1913 5680 od

1207 5713 1288 5775 otios
1313 5711 1447 5774 Ordines
1470 5712 1691 5792 conscipicentes
1712 5712 1724 5790 (
1745 5712 1766 5790 ).
