4878 6982
996 573 1138 624 crassus
1158 575 1203 622 xr.
1794 557 1852 624 ata
1902 559 1957 616 An.
1971 562 2001 618 c.
2023 560 2091 616 1708

233 690 235 697 ’
327 693 388 750 tate
410 695 441 750 et
464 687 536 751 sana
567 689 704 754 doctrina
735 692 897 772 praeditis,
920 707 959 755 ex
985 691 1073 754 omni
2080 677 2085 694 “

325 789 422 858 gente
442 789 472 844 et
493 783 620 845 natione
640 783 850 861 desumendis,
869 787 906 848 ad
928 785 1073 848 ellectum

325 875 418 938 tidem
433 875 613 938 catholicam
626 884 658 938 et
672 877 868 956 apostolicam
883 877 916 938 in
935 877 1073 957 partibus

325 965 512 1044 infidelium,
536 976 663 1047 totoque
693 978 850 1033 terrarum
870 971 956 1045 orbe,
979 971 1072 1032 etiam

326 1076 398 1122 cum
419 1077 527 1122 eorum
543 1062 625 1124 vitae
646 1063 836 1138 discrimine,
848 1063 874 1124 si
889 1079 965 1142 opus
979 1063 1071 1137 foret,

325 1155 512 1232 propagandi
533 1161 565 1218 et
585 1154 744 1231 dilatandi,
767 1171 897 1234 eamque
919 1154 1027 1218 tuendi
1042 1162 1074 1218 et

325 1247 528 1310 conservandi
550 1247 583 1310 in
598 1249 636 1309 iis
650 1248 724 1312 locis
745 1249 798 1312 ubi
820 1248 882 1310 iam
902 1253 965 1310 sata
987 1263 1073 1326 repe-

326 1489 414 1536 vorein
429 1492 630 1548 resultantibus,
644 1494 717 1538 motu
732 1493 815 1540 simili
829 1497 876 1540 etc.
892 1497 1019 1552 perpetuo
1033 1505 1071 1539 re-

326 1567 457 1612 vocamus,
471 1568 614 1614 cassamus,
629 1559 757 1615 tollimus,
768 1559 915 1616 irritamus,
925 1561 1070 1616 abolemus,

325 1621 477 1680 viribusque
500 1626 526 1668 et
550 1624 642 1670 ellectu
663 1626 769 1682 penitus
790 1627 816 1670 et
837 1626 944 1671 omnino
964 1635 1071 1670 evacua·

325 1698 393 1742 mus,
408 1689 515 1745 perinde
529 1701 560 1735 ac
574 1691 597 1735 si
610 1701 693 1736 canon
708 1702 754 1736 seu
769 1690 904 1746 responsio
919 1690 1071 1736 huiusmodi

325 1765 460 1812 nunquam
481 1759 632 1802 reservatus
653 1769 700 1802 seu
720 1761 857 1803 reservata
880 1756 980 1810 suisset,
995 1759 1022 1802 et
1037 1757 1072 1801 vi·

325 1832 375 1866 nea
388 1822 522 1879 praedicta
535 1823 567 1868 de
588 1823 691 1869 iuribus
715 1827 741 1868 et
755 1823 922 1880 pertiuentiis
941 1823 1005 1868 dicti
1020 1834 1071 1868 nto-

325 1886 437 1932 nasterii
450 1899 501 1933 non
516 1887 656 1943 extitisset,
671 1899 770 1934 rrecnon
784 1887 891 1934 canoms
907 1900 953 1933 seu
968 1899 1072 1945 respon·

326 1953 407 2000 sionis
430 1954 596 2011 aliorumque
621 1954 722 2000 iunium
743 1955 896 2000 huiusmodi
917 1954 1071 2000 reservatio·

325 2031 385 2068 nem
400 2020 484 2064 eidem
505 2022 582 2066 Petro
603 2019 735 2067 cardinali
758 2023 785 2065 et
808 2020 898 2066 abbati
922 2033 968 2065 seu
983 2031 1072 2077 perpe-

326 2088 372 2132 tuo
388 2087 620 2142 commendatarm,
641 2087 749 2144 eiusque
770 2087 889 2132 indicto
910 2087 1071 2132 monasterio

325 2151 528 2206 successoribus,
542 2152 573 2196 de
587 2155 691 2197 caetero
712 2152 821 2196 nrinime
837 2151 979 2207 suffragari
996 2163 1071 2208 posse

326 2218 455 2272 volumus,
470 2229 598 2275 omneque
620 2217 662 2264 ius
679 2221 705 2264 et
720 2229 824 2264 ornnem
848 2218 987 2272 actionem,
1002 2219 1071 2274 qnod

325 2294 372 2328 seu
386 2294 466 2340 quam
480 2284 638 2340 quicumque
652 2283 716 2329 dicti
731 2285 885 2329 monasterii
897 2295 944 2341 pro
954 2286 1071 2342 tempore

325 2349 406 2394 abbas
421 2360 468 2394 seu
485 2352 627 2406 perpetuus
644 2349 885 2395 commendatarius
902 2361 981 2406 snper
997 2361 1071 2395 cane

326 2415 427 2460 nissen
442 2415 619 2472 responsionis
633 2415 800 2472 aliorumque
811 2415 911 2460 iurium
920 2415 1072 2460 huiusmodi

325 2481 500 2538 perceptione,
513 2481 595 2526 etiam
615 2483 719 2526 attenta
739 2481 911 2540 possessione,
925 2493 972 2527 sen
987 2481 1071 2538 quasi,

326 2546 500 2604 perceptionis
521 2547 681 2602 huiusmodi,
695 2549 723 2592 in
737 2559 789 2604 qua
803 2547 889 2592 dictus
906 2551 999 2594 Petrus
1014 2552 1071 2594 cer-

326 2611 422 2657 dinalis
442 2612 475 2657 ad
497 2623 620 2668 praesens
641 2613 782 2670 reperitur,
804 2614 837 2658 ab
859 2614 949 2658 eodem
967 2613 1070 2669 abbate,

326 2688 372 2722 seu
383 2679 508 2734 perpetuo
517 2679 741 2724 commendatario
750 2690 798 2736 pro
807 2682 925 2736 tempore
934 2679 1071 2734 existente,

326 2745 396 2789 dicta
409 2744 568 2790 auctoritate
582 2745 735 2799 auferimus,
750 2748 776 2791 et
791 2745 965 2792 nihilominus
976 2747 1009 2792 ad
1020 2758 1072 2792 ma-

326 2810 410 2856 iorem
428 2811 568 2866 cautelam,
583 2813 609 2857 et
624 2815 754 2868 quatenus
774 2824 839 2869 opus
854 2813 898 2862 sit.
913 2814 1022 2860 eandem
1036 2814 1072 2860 vi·

326 2886 411 2932 neam,
426 2877 453 2920 et
473 2875 534 2930 alia,
550 2880 579 2922 ut
600 2888 689 2934 snpra,
710 2889 840 2932 concessa,
855 2883 881 2923 et
895 2879 941 2934 sic,
956 2882 985 2924 ut
1000 2891 1073 2936 prae-

325 2943 418 2998 fertur,
428 2945 559 3000 separata,
569 2943 766 3000 dismembrata,
777 2947 803 2990 et
814 2947 961 3002 segregata,
971 2949 997 2991 et
1008 2949 1073 2991 tam-

326 3019 406 3066 quam
427 3010 450 3054 si
470 3009 502 3054 de
523 3009 638 3064 iuribus,
660 3010 844 3066 pertinentiis,
865 3011 891 3056 et
912 3011 1072 3068 proprietate

326 3074 390 3118 dicti
404 3074 558 3120 monasterii
574 3085 624 3120 non
648 3074 767 3130 fuissent,
782 3087 841 3120 curn
856 3076 917 3120 utili
932 3079 958 3120 et
973 3076 1072 3124 directo

326 3140 400 3184 illius
413 3139 530 3186 dominio
544 3141 715 3196 consolidata,
725 3141 810 3186 eidem
825 3142 1026 3199 congregationi
1040 3144 1072 3189 de

326 3205 496 3262 Progapanda
517 3205 579 3250 Fide
600 3208 672 3252 motu
694 3207 753 3263 pari
770 3208 802 3252 de
817 3218 883 3252 novo
897 3207 1072 3263 concedimus,

325 3273 434 3330 perinde
448 3283 478 3316 ac
492 3271 516 3316 si
530 3283 561 3318 ea
575 3273 664 3318 omnia
678 3283 695 3319 a
709 3273 838 3330 principio
858 3284 874 3319 a
895 3274 964 3320 dicto
986 3285 1073 3320 mona-

326 3340 408 3384 sterio
421 3338 611 3384 dismembrata
626 3342 652 3384 et
666 3339 749 3386 libere
767 3339 852 3385 eidem
868 3340 1073 3397 congregationi

325 3417 448 3452 concessa
468 3405 588 3460 fuissent,
602 3408 628 3450 et
642 3415 725 3450 canon
739 3417 786 3452 seu
807 3407 943 3464 responsio
965 3409 1072 3452 centum

326 3476 461 3518 scutorum
482 3471 677 3530 praedictorum
698 3475 849 3518 reservatus
869 3485 914 3518 seu
938 3475 1073 3518 reservata

326 3537 436 3584 minime
450 3538 590 3592 extitisset,
604 3539 631 3583 et
645 3539 676 3582 de
690 3537 760 3583 dicta
774 3537 850 3583 vinea
866 3539 979 3596 aliisque
994 3549 1073 3583 mem·

326 3605 381 3650 bris
401 3605 552 3661 praedictis,
567 3607 691 3662 utsupra
711 3605 850 3658 concessis,
864 3605 948 3662 ipsam
964 3609 1073 3662 congre-

326 3671 460 3727 gationem
480 3670 636 3716 investimus
666 3671 801 3727 illamque,
820 3673 846 3715 et
861 3671 916 3724 illa,
937 3681 997 3716 cum
1011 3669 1072 3715 aliis

326 3737 444 3782 eiusdem
459 3706 674 3794 congregatiotiis
688 3737 763 3782 bonis
773 3736 888 3792 unimus,
899 3737 1072 3790 annectimus,

148 3815 247 3861 ΒΑΜ
263 3825 309 3861 50.
327 3805 353 3846 et
367 3802 575 3860 incorporamus.
590 3803 688 3859 absque
703 3802 758 3846 ullo
772 3813 881 3858 prorsus
893 3803 1005 3856 vinculo,
1015 3814 1073 3847 one·

85 3877 166 3928 cram
196 3871 309 3926 congre-
327 3881 364 3923 re,
379 3881 425 3914 seu
440 3868 601 3924 obligatione
611 3867 728 3914 solvendi
740 3867 920 3924 laudensium,
931 3880 976 3912 ven
987 3873 1073 3913 entra·

85 3923 228 4019 ffiimem
242 3933 259 3967 ⁰
272 3933 310 3968 ⁸⁰·
328 3937 425 3988 turam,
440 3937 488 3980 ant
502 3933 672 3991 capisoldum,
688 3946 734 3978 nec
749 3934 836 3978 minus
846 3934 1007 3991 quindennis
1017 3937 1072 3980 tam

129 3975 195 4021 torte
212 3974 310 4021 Made·

84 4027 138 4072 mii
154 4032 234 4086 atque
244 4027 310 4074 atab-

327 4001 391 4046 dicti
410 4000 567 4046 monasterii
587 4000 691 4054 abbati,
713 4011 759 4044 sen
780 3999 1004 4044 commendatario
1026 4011 1073 4056 pro

84 4092 150 4125 rum
187 4092 310 4139 quorum.
327 4073 445 4126 tempore
465 4068 598 4122 existenti,
619 4079 698 4124 quarn
719 4067 781 4112 aliis
795 4067 930 4124 quibusvis
945 4067 1072 4124 personis,

85 4144 209 4196 cumque,
227 4145 257 4180 ac
271 4137 309 4180 et-
327 4147 374 4182 seu
387 4134 505 4191 collegiis
519 4137 653 4180 Romanae
663 4133 765 4186 curiae,
775 4133 882 4178 etiamsi
892 4133 1000 4190 speciali
1011 4135 1073 4180 riota

85 4198 145 4231 '⁰¹¹²
156 4187 310 4244 quidemst&
326 4203 422 4258 dignae
436 4200 498 4254 sint,
513 4203 591 4257 prout
602 4201 628 4244 in
639 4200 708 4244 dicta
718 4199 842 4244 schedula
852 4209 1004 4255 expressum
1015 4199 1072 4254 init,

85 4251 156 4286 film-

327 4277 406 4325 qnam
420 4267 613 4323 exemptionem
628 4277 643 4311 a
657 4277 822 4324 quacumque
839 4265 991 4310 huiusmodi
1006 4267 1073 4311 solu·

327 4334 407 4388 tione,
421 4332 449 4376 in
463 4332 629 4388 praecedenti
643 4332 816 4386 concessione,
826 4331 859 4377 ad
869 4331 954 4377 dictae
965 4334 1073 4388 congre·

326 4398 441 4455 gationis
461 4398 576 4444 savorem
598 4409 644 4456 per
665 4409 725 4452 nos,
746 4400 775 4442 nt
795 4398 952 4454 praefertur,
969 4397 1072 4453 iactam,

327 4464 408 4509 etiam
423 4465 451 4508 in
466 4465 515 4510 hac
528 4464 615 4509 locum
636 4464 732 4509 habere
752 4464 888 4516 volumus:
909 4463 1073 4510 declarantes

326 4531 453 4584 ulterius,
483 4529 674 4576 monasterium
702 4529 866 4586 peraedictum
894 4530 1003 4586 eiusque
1026 4541 1073 4586 pro

327 4599 444 4653 tempore
458 4597 614 4641 existentem
637 4596 759 4641 abbatem
775 4608 820 4641 seu
835 4599 991 4654 perpetuum
1006 4607 1073 4642 com·

326 4662 530 4716 mandatarium,
545 4673 625 4719 super
639 4661 715 4706 vinea
730 4659 841 4718 aliisque
857 4663 983 4708 membris
1002 4673 1074 4720 proe-

327 4729 412 4784 dictis‚
426 4741 457 4774 ac
469 4739 568 4774 canone
583 4739 629 4774 seu
644 4728 812 4786 responsione
828 4729 989 4783 huiusmodi,
1006 4728 1074 4773 nihil

327 4796 498 4853 praetendere
513 4807 596 4852 posse,
612 4807 694 4852 neque
709 4795 747 4840 eis
762 4795 841 4840 licere
856 4806 935 4851 strper
950 4795 1074 4852 praemis·

327 4863 363 4908 sis
377 4863 475 4908 dictam
490 4862 733 4918 congregationem,
748 4861 803 4906 ullo
818 4861 902 4916 modo,
913 4861 1000 4906 ullove
1011 4863 1074 4905 tern-

326 4922 397 4984 po're,
413 4929 461 4972 sub
475 4928 568 4984 quovis
582 4928 671 4982 titulo,
686 4939 732 4972 seu
747 4929 894 4983 praetextu,
906 4926 988 4971 etiarn
1003 4938 1075 4971 exco-

327 4993 419 5050 gitato,
440 4994 521 5039 etiarn
542 4994 570 5039 in
584 5003 693 5050 corpore
713 4993 782 5038 iuris
802 4994 901 5048 clauso,
924 4993 1073 5044 molestare.

327 5072 374 5105 seu
388 5060 526 5106 molestant
546 5061 639 5114 facere,
655 5061 736 5105 innuo
751 5072 782 5104 ex
801 5071 870 5105 nurrc
890 5071 981 5105 omnes
996 5060 1074 5104 mole·

327 5125 393 5171 stias
411 5127 496 5172 eidem
519 5126 721 5182 (torrgregationi
744 5138 822 5182 super
843 5125 997 5183 praemissis
1013 5127 1074 5172 inse-

327 5192 431 5246 rendas,
450 5193 538 5238 nullas
552 5195 578 5236 et
593 5192 685 5238 irritas
701 5192 875 5246 declaramus,
889 5195 916 5236 et
940 5195 994 5237 tam
1010 5191 1073 5237 dicti

327 5258 482 5303 monasterii
505 5258 610 5313 abbati,
634 5271 680 5303 seu
702 5260 828 5314 perpetuo
848 5259 1073 5304 certamendatario

326 5335 374 5380 pro
395 5327 512 5381 tempore
533 5325 666 5376 existenti,
687 5335 765 5381 quarn
788 5325 997 5381 quibuscumque
1011 5325 1073 5370 aliis

327 5390 508 5447 superioribus
523 5394 549 5436 et
564 5391 691 5448 personis
712 5391 793 5436 etiam
813 5390 840 5436 in
862 5391 1023 5447 praemissis,
1047 5395 1074 5436 et

327 5456 396 5502 circa
417 5469 447 5502 ea
468 5457 663 5514 quomodolibet
684 5457 812 5502 interesse
833 5457 1004 5512 habentibus,
1027 5469 1073 5502 seu

327 5523 424 5568 habere
438 5523 679 5580 praetendentibus,
689 5534 721 5568 ne
731 5523 829 5568 dictam
839 5523 1073 5578 congregationem

327 5593 475 5647 propterea,
496 5589 588 5646 quovis
608 5591 755 5646 praetextu,
770 5590 812 5634 vel
826 5589 918 5646 quavis
932 5601 1020 5644 causa,
1036 5589 1073 5634 in-

327 5656 456 5714 quietare,
477 5656 643 5712 perturbare,
664 5667 695 5700 ac
716 5657 857 5700 molestare
877 5656 1003 5710 audeant,
1026 5669 1073 5701 scu

328 5725 508 5779 praesumant,
525 5722 673 5768 districtius
687 5721 845 5767 inhibemus.
868 5723 990 5768 volentes
1004 5722 1074 5768 insu·

327 5801 374 5847 per
383 5790 519 5834 commodo
534 5791 560 5834 et
575 5787 744 5832 indemnitati
753 5788 837 5832 dictae
849 5788 1073 5844 congregationis,

327 5867 358 5903 ac
372 5856 477 5914 collegii
500 5867 546 5901 seu
572 5854 710 5900 seminarii
730 5854 858 5911 praedicti
881 5855 979 5900 iteruin
994 5857 1074 5912 atque

328 5923 427 5972 iterum
442 5922 586 5978 consulere,
598 5919 800 5978 congregationi
811 5920 967 5978 praedictae,
979 5922 1008 5966 ut
1018 5920 1074 5979 ipsa

436 6043 490 6095 latr.
506 6045 574 6094 Poat.
590 6043 621 6094 dt
636 6039 884 6106 mendicaturus
899 6043 917 6092 1.
932 6041 987 6092 Vct.
1002 6045 1034 6092 ll.

1127 692 1218 768 ritur,
1249 693 1385 757 erexerit
1406 701 1437 758 et
1457 694 1648 772 instituerit,
1674 695 1793 776 aliaque
1814 703 1872 760 sta·

1128 785 1234 861 tuerit,
1258 785 1431 850 decreverit
1452 794 1482 849 et
1503 788 1695 851 ordinaverit
1713 803 1770 868 pro
1791 787 1873 852 [elici

1128 877 1281 954 gubernio
1301 879 1423 956 collegii
1444 896 1499 942 seu
1514 881 1673 944 seminarii
1688 888 1719 943 et
1733 881 1875 944 alumno-

1127 987 1199 1032 rum
1230 970 1425 1048 huiusmodi,
1449 979 1485 1035 nt
1510 972 1543 1034 in
1571 973 1734 1052 praedictis
1762 973 1874 1036 litteris

1126 1079 1220 1142 super
1240 1063 1299 1126 hoc
1320 1063 1410 1126 editis
1430 1064 1552 1143 plenius
1574 1073 1604 1126 et
1629 1065 1756 1128 uberius
1776 1065 1875 1128 conti-

1128 1162 1235 1217 netur:
1260 1155 1451 1233 experientia
1473 1163 1577 1218 tamen
1599 1163 1793 1235 compertum
1815 1164 1873 1232 est,

1128 1247 1257 1310 iuvenes
1272 1247 1345 1309 istos
1360 1263 1398 1310 ex
1413 1248 1589 1326 longinquis
1603 1265 1638 1312 ac
1658 1249 1751 1312 etiam
1773 1256 1874 1312 extre·

1126 1495 1228 1540 ratione
1243 1494 1349 1541 unionis
1364 1497 1390 1541 et
1404 1494 1579 1542 concessionis
1594 1495 1693 1551 vineae,
1708 1507 1724 1541 a
1739 1497 1808 1542 dicto
1823 1507 1876 1544 nte·

1126 1561 1242 1606 nasterio
1264 1561 1483 1616 dismembratae,
1505 1563 1531 1606 et
1553 1563 1690 1618 separatae
1711 1562 1874 1618 praedictae,

1126 1638 1179 1672 una
1200 1638 1259 1672 cum
1281 1627 1336 1672 suis
1359 1627 1484 1672 membris
1506 1627 1723 1684 quibuscumque,
1743 1627 1771 1674 in
1791 1627 1875 1685 priori

1127 1695 1218 1740 nostra
1239 1693 1405 1739 concessione
1421 1693 1510 1749 (quam
1525 1693 1551 1737 in
1567 1692 1600 1738 iis
1615 1693 1745 1749 omnibus,
1760 1703 1827 1750 quae
1841 1693 1875 1738 ad

1126 1759 1274 1815 praedictae
1292 1759 1517 1816 congregationis,
1532 1760 1558 1803 et
1572 1757 1688 1814 collegii,
1704 1771 1750 1803 seu
1765 1758 1876 1804 semina·

1127 1826 1161 1872 rii
1180 1826 1332 1872 huiusmodi
1353 1826 1468 1871 savorem
1490 1824 1597 1870 tendere
1618 1823 1818 1880 dignoscuntur,
1834 1823 1876 1870 tir·

1127 1903 1206 1946 mam,
1221 1893 1331 1948 salvam,
1346 1893 1372 1937 et
1386 1892 1507 1937 illaesam
1522 1901 1579 1936 esse
1594 1890 1725 1946 volumus)
1736 1889 1876 1945 contentis,

1126 1963 1152 2004 et
1167 1958 1306 2016 expressis,
1320 1959 1353 2003 ad
1376 1957 1535 2003 solutionem
1557 1955 1713 2011 communis,
1729 1955 1783 2001 sive
1797 1966 1877 2000 anna·

1127 2029 1178 2080 tae,
1194 2028 1220 2070 et
1234 2023 1456 2082 quindenniorum
1471 2023 1638 2079 aliorumque
1660 2021 1770 2076 iunium,
1793 2031 1877 2066 came-

1126 2103 1172 2138 rae
1186 2095 1292 2136 nostrae
1307 2093 1333 2136 ot
1347 2089 1520 2135 carrcellariae
1534 2087 1725 2146 praedicasse
1744 2087 1877 2132 venerabi-

1126 2157 1192 2202 lium
1207 2157 1321 2202 fratrum
1343 2157 1495 2200 nostrorum
1519 2154 1689 2210 eiusdemque
1704 2156 1814 2198 Sanctae
1829 2155 1877 2198 ao-

1127 2235 1220 2269 manae
1247 2222 1377 2268 Ecclesiae
1406 2220 1585 2266 cardinalium
1609 2218 1735 2276 collegio,
1763 2217 1876 2274 singulis

1126 2289 1274 2346 quindecim
1289 2288 1366 2334 anius
1380 2287 1524 2344 respective
1534 2285 1692 2340 debitorum,
1703 2285 1777 2330 iuxta
1787 2294 1876 2342 quarn·

1126 2356 1216 2412 plures
1238 2355 1403 2400 diversorum
1424 2356 1604 2398 ltonranorurn
1624 2351 1779 2396 Pontificum
1804 2361 1877 2407 prac-

1126 2423 1291 2468 decessorum
1307 2424 1467 2473 nostrorum,
1483 2421 1509 2463 et
1524 2418 1661 2473 signanter
1676 2416 1817 2462 clementis
1832 2419 1877 2460 Pa-

1126 2499 1174 2544 pae
1188 2487 1285 2532 Decimi
1297 2487 1378 2532 etiam
1389 2483 1597 2542 praedecessoris
1608 2483 1701 2539 nostri,
1713 2481 1877 2528 constitutio·

1127 2565 1172 2599 nes
1191 2554 1335 2607 emanatas,
1360 2563 1439 2607 super
1460 2549 1591 2594 solutione
1613 2547 1834 2606 quindenniorum
1850 2553 1877 2594 et

1126 2619 1226 2664 iurium
1249 2617 1402 2664 huiusmodi
1423 2628 1469 2674 per
1491 2615 1580 2661 omnia
1595 2617 1621 2659 et
1635 2614 1741 2671 singula
1765 2614 1877 2660 semina-

1126 2685 1175 2738 ria,
1190 2684 1309 2740 collegia,
1324 2694 1353 2728 ac
1367 2682 1424 2728 loca
1439 2682 1490 2738 pta,
1501 2683 1528 2727 et
1539 2681 1768 2736 congregationes,
1780 2693 1811 2726 ex
1822 2681 1877 2738 qui-

1125 2751 1215 2796 busvis
1236 2748 1515 2795 dismembrationibus
1534 2749 1561 2792 et
1584 2747 1795 2803 separationibus
1809 2747 1877 2792 truc·

1127 2818 1203 2862 tunm
1228 2815 1414 2861 benenciornm
1438 2812 1691 2868 ecclesiasticorum,
1715 2815 1742 2858 et
1766 2812 1875 2858 illorum

1126 2880 1353 2935 concessionibus„
1366 2879 1508 2925 unionibus
1530 2880 1556 2923 et
1574 2878 1817 2936 aggregationibuS,
1842 2877 1876 2923 ad

1126 2958 1218 2993 eorum
1232 2946 1376 3004 respective
1398 2944 1513 2990 savorem
1533 2955 1611 2990 suum
1626 2944 1746 2990 ellectum
1762 2945 1874 3000 sortitis,

1126 3012 1251 3066 iacienda,
1266 3012 1349 3056 eidem
1371 3021 1500 3066 camerae,
1521 3010 1704 3066 cancellariae,
1719 3015 1746 3056 et
1761 3011 1875 3056 secundo

1126 3079 1196 3123 dicto
1217 3078 1329 3134 collegio
1352 3077 1461 3122 minime
1483 3079 1614 3132 teneatur,
1636 3088 1683 3122 nec
1699 3076 1817 3134 obligata
1831 3076 1875 3132 sit,

1126 3143 1208 3188 immo
1221 3155 1237 3189 a
1252 3143 1383 3188 solutione
1403 3143 1537 3200 praedicta
1558 3143 1665 3188 omnino
1687 3142 1771 3188 libera
1795 3145 1821 3187 et
1835 3155 1876 3187 ex·

1126 3213 1215 3266 empta
1229 3209 1333 3264 existat,
1348 3213 1427 3266 prout
1449 3220 1495 3254 nos
1511 3209 1745 3265 congregationem
1761 3207 1876 3264 praedio-

1127 3279 1190 3330 tam,
1201 3279 1235 3328 et,
1246 3278 1375 3332 qnatenus
1390 3285 1455 3332 opus
1470 3275 1514 3330 sit,
1529 3275 1610 3320 etiam
1625 3274 1811 3331 primodictum
1825 3274 1875 3319 col·

1126 3341 1225 3398 legium
1240 3353 1287 3386 seu
1305 3339 1478 3386 sentinarium
1489 3340 1661 3398 praedictum,
1673 3341 1763 3386 tenore
1773 3351 1876 3386 earum·

1126 3408 1185 3452 dem
1199 3407 1387 3464 praesentium,
1402 3407 1430 3452 in
1444 3409 1601 3464 perpetuum
1612 3405 1761 3461 eximimus,
1773 3407 1799 3450 et
1814 3406 1876 3451 libe·

1126 3483 1226 3528 ramus,
1241 3473 1309 3518 itaut
1323 3484 1340 3518 a
1354 3473 1560 3530 congregatione
1574 3472 1717 3529 praedicta,
1733 3483 1809 3518 neca
1824 3473 1876 3529 pri·

1127 3540 1240 3585 modicto
1261 3539 1379 3597 collegio,
1402 3552 1448 3586 seu
1470 3539 1614 3584 seminario
1636 3539 1779 3596 praedicto,
1801 3538 1876 3596 nullo

1128 3617 1243 3664 unquam
1254 3609 1379 3662 ternpore,
1390 3605 1533 3663 quidquam
1549 3605 1602 3662 peti
1617 3607 1664 3650 aut
1673 3604 1810 3660 praetendi
1821 3616 1877 3662 pos-

1128 3673 1171 3728 sit,
1195 3685 1242 3718 nec
1260 3673 1307 3718 illa
1322 3674 1349 3716 et
1369 3672 1436 3716 illud
1457 3673 1570 3728 desuper
1590 3682 1607 3716 a
1629 3681 1761 3727 quoquam
1783 3671 1876 3727 quavis

1127 3739 1286 3784 auctoritate
1306 3737 1470 3795 perturbari,
1492 3736 1640 3790 molestari,
1662 3739 1710 3782 aut
1730 3735 1876 3794 inquietari

1127 3809 1232 3862 queant,
1247 3805 1328 3850 etiam
1343 3805 1425 3860 motu,
1440 3802 1558 3858 scientia,
1576 3802 1774 3858 deliberatione,
1789 3813 1820 3847 ac
1834 3814 1877 3859 po·
1918 3812 2055 3860 clamque
2069 3814 2110 3861 de-

1128 3871 1232 3916 testatis
1248 3870 1411 3928 plenitudine
1426 3868 1559 3914 similibus
1571 3868 1746 3924 concedimus,
1756 3869 1782 3914 et
1792 3868 1877 3913 indul·
1893 3867 2051 3926 rogatorias.

1127 3949 1228 3995 gemus,
1243 3937 1411 3982 decernentes
1426 3936 1530 3980 easdem
1546 3937 1706 3992 praesentes,
1717 3946 1747 3978 ac
1756 3934 1876 3990 desuper,

1128 4004 1150 4049 si
1172 4003 1319 4058 videbitur,
1340 4002 1514 4048 conficiendas
1535 4001 1640 4054 literae,
1662 4000 1736 4045 nullo
1758 4011 1876 4056 unquam

1128 4075 1254 4127 tempore,
1269 4069 1301 4114 de
1315 4067 1493 4125 subreptionis
1508 4067 1549 4112 vel
1560 4065 1730 4122 obreptionis,
1743 4077 1789 4110 seu
1799 4065 1877 4112 nulli·

1128 4138 1192 4182 tatis
1213 4135 1287 4190 vitio,
1308 4135 1350 4180 vel
1371 4133 1524 4179 intentionis
1546 4135 1661 4188 nostrae,
1683 4134 1731 4176 aut
1747 4131 1802 4176 alio
1816 4143 1877 4188 quo-

1128 4203 1198 4258 piam
1220 4201 1321 4246 det'ectu
1342 4200 1438 4254 notari,
1459 4199 1545 4256 argui,
1564 4201 1611 4244 aut
1626 4197 1653 4242 in
1668 4198 1876 4244 controversiam

1127 4269 1160 4314 ad
1175 4269 1328 4325 quorumvis
1350 4265 1505 4312 instantiam
1526 4263 1629 4318 adduci,
1652 4276 1698 4309 seu
1712 4263 1756 4309 via
1770 4263 1877 4310 restitu-

1130 4335 1209 4380 tionis
1223 4335 1251 4379 iu
1266 4335 1409 4390 integrum,
1425 4332 1467 4377 vel
1481 4329 1641 4376 reductionis
1655 4331 1688 4376 ad
1700 4329 1828 4374 terminos
1840 4329 1878 4374 iu-

1128 4401 1174 4456 ris,
1189 4405 1235 4446 aut
1250 4401 1317 4446 alias
1339 4397 1535 4458 quomodolibet
1548 4397 1676 4452 revocari,
1691 4393 1877 4453 impugnarive

1128 4479 1211 4526 posse,
1227 4479 1273 4512 nec
1287 4479 1318 4512 ex
1333 4465 1441 4523 eoquod
1452 4463 1597 4521 praemissa
1607 4463 1741 4508 verificata
1752 4473 1803 4507 non
1814 4461 1877 4518 sint,

1127 4537 1175 4580 ant
1190 4534 1258 4590 quod
1273 4533 1301 4588 ii,
1316 4541 1428 4589 quorum
1451 4531 1570 4584 interest,
1591 4529 1624 4574 ad
1648 4528 1675 4573 id
1693 4527 1778 4572 vocati
1793 4530 1819 4572 et
1833 4538 1878 4572 au·

1128 4601 1178 4645 diti
1193 4611 1244 4644 non
1258 4599 1365 4653 suerint,
1384 4597 1489 4643 easdem
1511 4595 1604 4642 literas
1618 4605 1664 4652 per
1679 4593 1876 4650 subreptionem

1128 4667 1249 4713 obtentas
1267 4664 1377 4718 censeri,
1400 4667 1426 4709 et
1441 4665 1579 4720 propterea
1600 4660 1701 4706 viribus
1722 4669 1820 4714 carere,
1836 4669 1878 4703 ne

1128 4745 1179 4790 qne
1201 4729 1436 4788 congregationem
1462 4727 1623 4785 praedictam
1651 4727 1776 4783 illiusque
1802 4723 1878 4768 mini·

1128 4801 1197 4844 stros
1208 4799 1240 4843 ad
1253 4797 1439 4842 verificandum
1449 4794 1595 4852 praemissa
1605 4793 1735 4850 compelli,
1746 4795 1772 4837 st
1783 4788 1877 4844 teneri,
1918 4801 2041 4850 gramm
2055 4803 2112 4850 ma.

1129 4877 1212 4921 neque
1227 4864 1259 4908 ob
1273 4862 1299 4907 id
1315 4863 1411 4916 nullas,
1426 4864 1452 4906 et
1468 4861 1568 4914 irritas,
1582 4870 1613 4905 ac
1627 4859 1727 4904 nullius
1750 4857 1878 4903 momenti
1898 4855 2112 4924 lotatumdecre-

1128 4942 1194 4984 esse,
1208 4931 1235 4975 et
1249 4929 1304 4975 fore
1324 4928 1434 4984 censeri,
1449 4927 1537 4984 sicque
1552 4937 1598 4982 per
1620 4935 1798 4981 quoscumque
1813 4924 1878 4969 iudi·
1896 4915 1922 4958 ⁸⁰
1937 4916 2062 4960 irritanti·

1129 5009 1170 5042 ces
1186 4999 1234 5046 etc,
1249 4996 1331 5040 etiarn
1352 5003 1493 5040 causarum
1516 4991 1612 5049 palatii
1625 4990 1764 5048 apostolici
1777 4990 1878 5036 audito-

1129 5075 1179 5118 res,
1194 5075 1224 5108 ac
1238 5061 1387 5120 praedictae
1403 5063 1512 5105 sauctae
1527 5062 1661 5103 Ronrartae
1676 5055 1805 5102 Ecclesiae
1820 5059 1879 5102 car·

1129 5130 1230 5174 dinales
1252 5131 1299 5172 etc.
1322 5127 1427 5172 sublata
1442 5129 1489 5171 etc.
1512 5123 1624 5170 iudicari
1646 5122 1740 5168 debere
1754 5124 1802 5168 etc.
1819 5121 1879 5166 irri-

1129 5199 1238 5252 tumque
1253 5197 1300 5240 etc.
1316 5192 1444 5239 attentari
1459 5195 1507 5237 etc.
1523 5201 1574 5235 non
1589 5189 1755 5236 obstantibus
1770 5188 1878 5242 nostris,

1129 5263 1155 5306 et
1169 5259 1342 5306 cancellariae
1357 5257 1515 5316 apostolicae
1525 5256 1675 5314 praedictae
1686 5254 1786 5312 regulis
1797 5255 1829 5300 de
1839 5266 1880 5300 ex·

1129 5326 1266 5384 priruendo
1287 5335 1348 5371 vero
1369 5336 1457 5370 annrao
1478 5324 1567 5368 valore
1588 5323 1616 5368 in
1638 5321 1788 5378 unionibus,
1803 5331 1834 5366 ac
1848 5321 1880 5365 de

1130 5392 1288 5450 praestando
1308 5403 1445 5444 consensu,
1460 5393 1486 5436 et
1501 5390 1532 5433 de
1548 5389 1606 5434 iure
1628 5389 1748 5445 quaesito
1765 5398 1817 5432 non
1834 5387 1880 5433 tol-

1130 5459 1219 5514 lendo,
1241 5471 1272 5504 ac
1296 5460 1387 5504 nostra
1411 5457 1559 5514 praedictae
1583 5455 1680 5512 prioris
1703 5453 1878 5501 concessionis

1130 5525 1263 5578 schedula,
1286 5536 1384 5570 necnon
1407 5521 1591 5568 lateranensis
1613 5521 1721 5567 concilii
1736 5520 1878 5566 novissime

1129 5590 1264 5644 celebrati,
1278 5589 1457 5635 concessiones
1472 5590 1620 5646 perpetuas,
1636 5587 1688 5632 nisi
1702 5587 1729 5632 in
1744 5587 1848 5632 casibus
1862 5597 1879 5631 a

1129 5656 1188 5701 iure
1203 5655 1347 5712 permissis,
1361 5656 1419 5700 tleri
1432 5652 1604 5712 prohibentis,
1613 5664 1712 5698 necnon
1726 5653 1879 5698 recolendae

1131 5721 1274 5766 meritoriae
1289 5722 1448 5778 Symmachi,
1463 5719 1538 5765 Pauli
1553 5720 1672 5775 Secundi,
1687 5719 1762 5764 Pauli
1778 5719 1881 5773 Quarti,

1130 5791 1155 5833 et
1166 5787 1280 5833 aliorum
1291 5791 1468 5832 Romanorum
1478 5785 1640 5842 Pontificum,
1649 5787 1881 5842 praedecessorum

1130 5857 1291 5909 nostrorum,
1302 5855 1333 5899 de
1344 5855 1422 5899 rebus
1433 5852 1562 5898 Ecclesiae
1572 5863 1624 5897 non
1635 5851 1791 5908 alienandis,
1801 5863 1832 5899 ac
1842 5852 1882 5898 Pii

1131 5919 1237 5977 Quarti,
1260 5921 1291 5966 de
1312 5919 1407 5978 gratiis
1427 5929 1547 5966 camerae
1568 5918 1727 5978 apostolicae
1751 5917 1880 5966 interesse

1748 6041 1776 6096 ³2
