4848 6990
355 563 409 623 An.
424 572 453 624 0.
475 567 544 622 1695
596 565 652 634 154

342 719 555 784 cessarunacre
572 714 603 769 et
623 707 759 783 singulas
779 705 919 770 ecclesias
942 707 1193 786 presbyterorum
1214 705 1315 770 Socie-

342 783 414 828 ⁸⁰¹¹⁰
428 777 476 820 xv·
571 803 643 864 tatis
663 802 730 864 lesu
752 801 867 880 ubique
886 802 1054 863 existentes
1076 801 1177 879 aliquo
1192 799 1314 879 speciali

572 910 703 958 munere
723 894 891 968 illustrare,
912 887 1091 957 ancto'ritate
1109 894 1166 956 sibi
1181 910 1198 954 a
1212 893 1316 956 Domi-

571 1004 612 1050 no
632 987 753 1062 traditd,
775 988 921 1050 omnibus
942 989 1104 1065 utriusque
1124 1005 1216 1050 sexus
1234 987 1315 1050 cbri-

570 1081 752 1144 stitidelibus
773 1097 847 1142 vere
865 1081 1095 1160 poenitentibus
1111 1089 1141 1143 et
1156 1080 1313 1154 confessis,

570 1191 603 1236 ac
623 1175 705 1236 sacre
726 1174 945 1236 communione
963 1173 1095 1247 relectis,
1112 1174 1164 1252 qui
1178 1173 1313 1252 aliquam

571 1283 610 1328 ex
623 1266 758 1328 ecclesiis
772 1268 868 1329 dictae
880 1266 1037 1329 societatis
1052 1267 1168 1344 ubique
1180 1267 1315 1328 existen-

570 1360 652 1421 tibus
672 1359 721 1422 die
742 1361 819 1421 lesto
850 1359 954 1423 Sancti
984 1359 1096 1436 lgnatii
1116 1359 1226 1422 ultime
1247 1358 1317 1423 iulii

570 1452 716 1514 celebrari
737 1453 838 1528 solito,
855 1470 871 1513 a
892 1453 998 1532 primis
1014 1454 1150 1532 vesperis
1164 1469 1263 1530 usque
1278 1454 1314 1514 ad

570 1563 711 1609 occasum
732 1545 804 1609 solis
824 1547 894 1608 lesti
911 1547 1100 1622 huiusmodi,
1116 1547 1247 1622 singulis
1261 1562 1315 1607 an-

571 1641 631 1714 nis,
654 1641 764 1702 devote
784 1639 969 1714 visitassent,
992 1647 1023 1703 et
1044 1641 1085 1702 ibi
1108 1655 1163 1718 pro
1176 1639 1315 1701 cbristia-

573 1749 686 1794 norum
706 1733 883 1812 principum
897 1733 1068 1806 concordii,
1085 1733 1247 1794 haeresum
1261 1748 1313 1794 ex-

571 1825 747 1904 tirpatione,
762 1841 796 1886 ac
808 1832 930 1888 sanctae
943 1826 1050 1886 matris
1065 1825 1217 1888 Ecclesiae
1232 1825 1314 1887 exal-

572 1919 688 1980 tatione
709 1919 772 1997 pias
793 1919 827 1980 ad
860 1920 957 1980 Deum
987 1933 1093 1997 preces
1122 1918 1313 1993 elludissent,

572 2011 743 2088 plenariam
759 2011 902 2073 omnium
916 2021 1111 2089 peccatorum
1126 2029 1255 2074 suorum
1268 2013 1314 2072 in·

572 2103 763 2181 dulgentiam
784 2113 815 2166 et
836 2105 1050 2168 remissionem
1075 2105 1315 2168 misericorditer

572 2197 604 2258 in
630 2197 762 2259 Domino
792 2205 942 2276 perpetuo
973 2197 1137 2272 concessit,
1170 2207 1260 2276 prout
1281 2200 1314 2258 in

572 2291 668 2369 ipsius
687 2291 826 2368 Gregorii
848 2291 1087 2370 praedecessoris
1102 2291 1213 2353 litteris
1228 2293 1317 2355 desu-

572 2400 627 2464 ρει·
647 2385 679 2446 in
693 2383 787 2446 simili
803 2383 899 2446 lormd
913 2384 1019 2446 Brevis
1033 2383 1179 2447 conlectis
1193 2385 1316 2464 plenius

571 2479 684 2541 dicitur
704 2479 867 2540 contineri.

412 2586 554 2654 pransurus
612 2573 684 2648 52.
709 2573 790 2634 Cum
817 2582 936 2645 autem,
969 2574 1048 2637 sicut
1077 2575 1207 2638 dilectus
1236 2575 1316 2637 lilius

341 2641 555 2742 E{,³,³,{¹¹§}3,y{¹y¹?,{
572 2674 753 2746 procurator
774 2667 926 2743 generalis
944 2668 1041 2730 dictae
1056 2669 1215 2732 Societatis
1230 2667 1316 2730 nobis

342 2750 554 2850 {affinitatum
572 2776 674 2838 nuper
694 2761 808 2838 exponi
828 2760 911 2835 lecit,
932 2761 1126 2824 commodius
1143 2763 1183 2824 sit
1197 2763 1317 2825 christi-

572 2853 715 2916 fidelibus
728 2853 848 2916 insulae
861 2854 1038 2918 Martinicae
1053 2856 1086 2916 in
1098 2857 1238 2918 Americd
1253 2871 1317 2918 me-

571 2947 714 3010 ridionali
745 2947 821 3009 sitae
841 2948 877 3010 ad
898 2948 1039 3010 ecclesias
1066 2949 1317 3027 presbyterorum

572 3041 840 3102 missionarioruut
862 3040 1020 3102 Societatis
1042 3042 1217 3104 huiusmodi
1232 3043 1266 3103 in
1282 3043 1317 3104 il-

572 3133 609 3194 lis
630 3133 767 3211 partibus
794 3135 975 3210 degentium
1002 3135 1178 3208 visitandas,
1202 3135 1318 3214 praela·

572 3235 698 3305 tamque
725 3225 953 3302 indulgentiam
979 3229 1240 3308 consequendam,
1262 3229 1316 3290 ali-

572 3336 633 3399 quo
654 3321 703 3382 die
723 3320 834 3382 lestivo
861 3337 954 3398 quam
976 3322 1083 3384 feriato
1110 3324 1263 3397 accedere,
1286 3331 1317 3385 ct

572 3421 732 3494 propterea
754 3414 980 3490 indulgentiam
996 3416 1199 3493 supradictam
1214 3419 1249 3479 ad
1265 3418 1316 3479 do-

572 3507 718 3569 minicam
738 3507 819 3569 intra
834 3515 972 3570 octavam
986 3507 1055 3570 lesti
1069 3508 1225 3586 praedicti,
1242 3525 1317 3588 quo·

572 3601 631 3662 ties
651 3601 727 3662 illud
748 3601 781 3663 in
802 3599 883 3663 diem
906 3600 1051 3663 feriatum
1072 3601 1167 3674 cadat,
1186 3618 1240 3681 per
1261 3619 1316 3665 nos

571 3693 734 3756 transierri
753 3709 953 3772 summopere
971 3693 1136 3757 desideret:
1155 3713 1222 3770 nos,
1238 3697 1317 3758 eius·

573 3787 645 3850 dem
659 3789 865 3866 procuratoris
876 3788 1031 3864 generalis
1045 3789 1316 3867 supplicationibus

573 3882 661 3944 nobis
682 3898 775 3961 super
794 3883 849 3943 boc
864 3881 1023 3943 humiliter
1038 3881 1185 3960 porrectis
1199 3899 1316 3946 annue·

573 3993 608 4038 ιε
630 3975 786 4051 volentes
813 3975 1039 4052 indulgentiam
1065 3975 1241 4040 buiusmodi
1263 3995 1316 4056 per

573 4069 691 4132 dictum
701 4070 885 4145 Gregorium
898 4071 1173 4147 praedecessorem,
1187 4077 1221 4132 ut
1233 4088 1317 4150 prae·

572 4161 685 4238 iertur,
713 4177 899 4237 concessam,
927 4165 1025 4240 quoad
1052 4163 1193 4226 ecclesias
1220 4165 1318 4228 dictae

574 4257 732 4320 Societatis
759 4257 792 4318 in
820 4255 920 4318 insula
952 4256 1083 4334 praelata
1114 4258 1317 4320 consistentes

573 4351 751 4426 dumtaxat,
782 4351 902 4429 quoties
932 4351 1047 4412 lestum
1075 4349 1179 4412 Sancti
1208 4352 1317 4427 ignatii

574 4447 764 4523 praedictum
785 4445 817 4505 iu
840 4445 922 4506 diem
942 4443 1088 4506 feriatum
1102 4446 1198 4519 cadat,
1215 4446 1250 4506 ad
1266 4447 1319 4508 do-

574 4539 720 4600 minicam
748 4538 827 4599 intra
856 4537 938 4599 illius
966 4545 1115 4612 octavam,
1139 4538 1217 4601 itaut
1237 4541 1319 4600 cbri-

573 4632 720 4696 stiddeles
741 4632 774 4692 in
795 4631 928 4693 ecclesiis
949 4631 1126 4694 Huiusmodi
1144 4633 1207 4709 ipsa
1222 4634 1318 4695 domi-

575 4727 642 4788 nicai
663 4724 877 4803 adimplentes,
904 4723 1047 4785 eamdem
1073 4739 1197 4802 prorsus
1219 4725 1320 4788 indul-

576 4819 712 4896 gentiam
730 4825 972 4896 consequantur,
988 4833 1081 4895 quam
1095 4831 1320 4895 consequeren-

576 4921 639 4988 tur,
661 4913 686 4974 si
708 4913 814 4974 eadem
834 4911 999 4990 praemissa
1019 4910 1069 4972 die
1090 4910 1166 4972 lesto
1184 4911 1319 4989 praelato

575 5005 790 5084 adimplerent,
822 5005 941 5066 servate
970 5005 1042 5066 aliis
1064 5005 1096 5064 in
1124 5005 1268 5066 omnibus
1290 5013 1320 5066 et

576 5117 631 5179 per
651 5099 755 5160 omnia
776 5098 951 5160 litterarum
973 5099 1195 5175 praedictarum
1209 5097 1318 5172 lormt,

576 5196 683 5256 ealdem
703 5192 864 5272 apostolico
889 5191 1078 5265 auctoritate,
1102 5199 1210 5252 tenore
1235 5207 1321 5269 prae·

575 5289 729 5362 sentium,
754 5293 901 5365 perpetuo
923 5285 1014 5346 etiam
1036 5284 1260 5346 transierimus.
1286 5285 1319 5345 ln

576 5383 765 5444 contrarium
779 5380 959 5442 iacientibus
974 5395 1037 5442 non
1052 5378 1242 5441 obstantibus
1253 5379 1321 5458 qui-

575 5477 776 5554 boscumque.

617 5571 729 5631 Datum
743 5568 868 5644 Romae,
881 5566 961 5646 apud
977 5567 1006 5630 S.
1021 5567 1146 5628 Hariam
1160 5567 1318 5640 Maiorem,

576 5663 634 5726 sub
655 5663 770 5726 annulo
790 5665 910 5736 Piscat,
926 5662 974 5724 die
989 5677 1065 5722 xxx.
1083 5661 1149 5724 iulii
1164 5678 1318 5736 noanon,

578 5758 774 5837 pontificatus
795 5757 892 5818 nostri
913 5773 995 5817 anno
1016 5773 1045 5815 v.

620 5969 649 6030 ll)
664 5969 701 6014 Ex
715 5969 818 6024 negest.
834 5967 861 6014 iu
875 5970 950 6014 Arcti.
966 5972 1038 6015 Brev.

1091 582 1154 634 ltin.
1180 581 1270 632 POHT.
1293 579 1334 629 bu
1355 581 1384 628 Ρ.
1407 577 1437 630 1².
1461 581 1544 630 PARS
1565 579 1587 628 1.

1713 696 1765 761 Xl.

1371 889 1544 967 Confirmat
1580 886 1843 950 coruncurtonevn
1879 882 1998 948 Urbani
2033 884 2112 948 l'IH.

1407 998 1464 1059 pro
1486 979 1730 1044 necessitatibus
1747 978 1888 1048 locorum
1908 979 2115 1042 Terrocsonc·

1409 1085 1460 1140 rae
1481 1075 1537 1156 (ι).

1537 1243 1789 1314 innocentius
1806 1245 1866 1312 ΡΡ.
1885 1243 1942 1311 llll.

1508 1367 1969 1436 mmmmmmm

1408 1545 1574 1610 salvatoris
1595 1553 1626 1608 et
1647 1545 1764 1609 domini
1786 1545 1884 1607 nostri
1902 1544 1969 1606 lesu
1985 1542 2113 1618 Cbristi,
2159 1551 2292 1599 Exordium.

1368 1641 1422 1718 qui
1449 1656 1504 1718 pro
1535 1641 1662 1702 bumani
1694 1640 1818 1716 generis
1848 1637 2062 1716 redemptione
2083 1652 2117 1697 se

1368 1733 1470 1812 ipsum
1491 1733 1663 1795 exinanivit
1684 1732 1780 1794 lactus
1801 1732 1948 1794 obediens
1967 1729 2116 1809 usquead

1369 1837 1516 1901 mortem,
1539 1827 1632 1901 vices,
1654 1827 1724 1888 licet
1746 1825 1907 1899 immeriti,
1923 1831 2069 1901 gerentes
2084 1823 2117 1886 in

1369 1921 1469 1996 terris,
1483 1922 1565 1983 inter
1576 1919 1762 1998 multiplices
1773 1918 2031 1998 gravissimasque
2045 1935 2118 1996 apo-

1367 2015 1491 2077 stolicae
1511 2013 1669 2076 servitutis
1690 2029 1789 2087 curas,
1806 2014 1837 2072 in
1852 2027 1921 2074 eam
1935 2013 2118 2091 praecipuae

1369 2108 1528 2188 pastoralis
1548 2106 1765 2169 sollicitudinis
1786 2105 1945 2183 vigilantii
1963 2105 2119 2168 incumbi-

1371 2219 1450 2276 mus,
1473 2209 1508 2263 ut
1529 2201 1607 2262 tanti
1628 2208 1659 2261 et
1675 2207 1737 2260 tam
1751 2199 1881 2262 salubris
1896 2199 2035 2277 mysterii
2051 2213 2118 2261 mo-

1370 2301 1532 2369 numenta,
1554 2294 1687 2371 quaein
1715 2293 1840 2354 civitate
1870 2292 2064 2356 Hierusalem
2086 2300 2118 2355 et

1371 2389 1444 2452 locis
1465 2385 1692 2449 circumvicinis
1717 2394 1802 2460 sunt,
1825 2393 2063 2460 conserventur,
2086 2393 2118 2448 et

1371 2481 1455 2544 omni
1476 2497 1536 2559 qua
1557 2480 1624 2542 fieri
1646 2479 1759 2558 poterit
1779 2479 1889 2540 maiori
1910 2479 2117 2542 honoriticen-

1373 2576 1410 2637 tid
1433 2574 1619 2636 recolantur.

1411 2671 1430 2744 ἓ
1446 2669 1473 2728 l.
1492 2669 1570 2730 Cum
1585 2666 1699 2744 itaque,
1716 2665 1812 2728 lelicis
1827 2666 2045 2728 recordationis
2060 2666 2117 2730 Ur·
2137 2671 2192 2735 ,lb
2206 2673 2258 2718 Urb.
2272 2676 2322 2722 uu.

1372 2763 1451 2824 bano
1472 2762 1547 2840 Papa
1569 2759 1646 2821 lllll.
1670 2759 1894 2838 praedecessori
1917 2768 2022 2821 nostro
2043 2761 2118 2822 alias
2136 2729 2325 2827 'oddildtdld

1370 2855 1510 2934 exposito
1531 2853 1613 2932 quod
1633 2851 1779 2914 ecclesiae
1798 2858 1829 2912 et
1851 2851 1907 2914 alia
1928 2852 1992 2914 loca
2013 2853 2063 2930 pia
2084 2854 2117 2916 in
2136 2837 2325 2943 ἷῆᾟῶῑῐξῗξξξζ

1372 2948 1493 3011 civitate
1525 2945 1717 3008 Hierusalem
1738 2953 1769 3006 et
1795 2944 1861 3006 aliis
1890 2945 1962 3007 locis
1990 2947 2118 3009 Terrae
2137 2940 2324 3052 gsssffifffflf

1371 3049 1492 3104 sanctae
1507 3039 1669 3100 existentia
1684 3037 1748 3098 lere
1762 3036 1864 3100 diruta
1879 3045 1976 3114 erant,
1994 3045 2025 3101 et
2039 3057 2119 3119 quae
2137 3047 2164 3110 ni
2186 3049 2323 3095 necessitato

1371 3135 1469 3196 adbuc
1490 3131 1531 3193 ibi
1551 3131 1723 3193 existebant
1749 3131 1935 3192 monasteria
1955 3148 2026 3194 aere
2046 3133 2120 3196 alie·
2137 3101 2258 3201 {tacunarum
2270 3102 2324 3150 ¹⁰⁰⁰'

1372 3245 1424 3302 no,
1443 3227 1482 3288 ob
1501 3225 1630 3304 impiam
1645 3225 1827 3298 'lui-carum,
1844 3223 2073 3288 baereticorum
2088 3234 2120 3289 et

1371 3319 1637 3383 schismaticorum
1659 3316 1856 3394 tyrannidem
1878 3324 1908 3378 et
1927 3333 1982 3396 pro
1996 3327 2121 3382 sanctae

1372 3414 1443 3477 fidei
1469 3411 1634 3475 catbolicac
1655 3411 1688 3472 in
1710 3411 1825 3472 eisdem
1853 3411 1926 3474 locis
1957 3427 2119 3476 conserva-

1372 3509 1455 3570 tione
1476 3511 1643 3579 contracto‚
1660 3505 1825 3566 admodum
1844 3513 1968 3582 gravata
1982 3508 2119 3585 reperie-

1372 3603 1497 3674 bantur,
1519 3599 1601 3662 idem
1622 3597 1764 3660 Urbanus
1789 3600 2002 3676 praedecessor
2022 3601 2119 3663 Patri-

1372 3695 1485 3769 arcbis,
1518 3690 1774 3768 archiepiscopis,
1808 3692 1964 3770 Episcopis
1993 3701 2023 3755 et
2051 3693 2120 3756 aliis

1373 3791 1512 3851 locorum
1542 3785 1727 3860 Ordiuariis,
1759 3802 1883 3848 necnon
1915 3789 2059 3852 omnibus
2086 3794 2120 3850 et

1371 3882 1504 3960 singulis
1524 3881 1708 3960 quorumvis
1725 3879 1876 3944 ordinum
1897 3897 1930 3943 ac
1951 3897 2122 3958 congrega-

1371 3977 1496 4038 tionum
1517 3981 1548 4036 et
1570 3973 1788 4035 institutorum
1809 3974 2001 4050 regularium
2023 3991 2121 4053 gene

1372 4070 1488 4131 ralibus
1516 4067 1704 4130 commiserit
1731 4075 1762 4128 et
1788 4067 1996 4144 mandaverit,
2025 4079 2060 4132 ut
2081 4071 2120 4133 ad

1372 4165 1476 4226 minus
1504 4160 1620 4225 duabus
1648 4160 1767 4224 vicibus
1793 4161 1932 4239 quolibet
1956 4179 2037 4226 anno
2058 4163 2121 4224 ad-

1372 4264 1485 4318 ventus
1506 4263 1537 4318 et
1557 4255 1813 4330 Quadragesimae
1843 4256 2034 4334 temporibus
2056 4263 2121 4318 tam

1373 4367 1428 4430 per
1449 4349 1536 4412 verbi
1558 4350 1611 4410 llei
1639 4347 1860 4427 praedicatores
1881 4349 1914 4410 in
1942 4349 2006 4412 suis
2025 4351 2120 4412 sacris

1373 4443 1584 4518 concionibus,
1614 4457 1706 4520 quam
1728 4443 1761 4504 in
1789 4443 1958 4505 actionibus
1980 4449 2011 4504 et
2032 4443 2122 4507 lunc-

1373 4537 1510 4602 tionibus
1544 4535 1673 4615 publicis
1707 4537 1903 4598 necessitates
1936 4536 2121 4600 eorumdem

1373 4645 1529 4694 sacrorum
1552 4637 1831 4692 monumentorum
1853 4630 1965 4708 populo
1986 4631 2120 4710 proponi

1374 4733 1405 4788 et
1419 4722 1628 4788 commendari
1642 4729 1787 4784 curarent
1802 4731 1832 4784 et
1843 4723 1990 4797 lacerent,
2005 4731 2035 4784 et
2046 4723 2121 4784 alias

1373 4827 1466 4898 prout
1484 4819 1517 4879 in
1532 4817 1670 4879 eiusdem
1685 4816 1800 4878 Urbani
1815 4815 2055 4894 praedecessoris
2070 4817 2120 4878 lit-

1375 4913 1448 4974 teris
1468 4913 1599 4988 desuper
1614 4910 1645 4972 in
1660 4911 1755 4971 simili
1769 4910 1868 4972 lormd
1882 4911 1989 4972 Brevis
2004 4911 2054 4973 die
2068 4927 2118 4973 ιιι.

1374 5004 1521 5067 februarii
1542 5018 1718 5065 uocxxxvv.
1741 5003 1903 5082 expeditis,
1919 5019 2054 5081 quarum
2076 5013 2120 5065 te·

1374 5114 1483 5162 norem
1503 5098 1715 5176 praesentibus
1735 5113 1791 5175 pro
1812 5096 1904 5175 plene
1921 5103 1953 5158 et
1966 5096 2121 5159 sufficien-

1376 5202 1422 5254 ter
1446 5207 1591 5271 expresso
1618 5199 1648 5253 et
1675 5191 1793 5252 inserto
1825 5191 1929 5252 haberi
1962 5190 2119 5266 volumus,

1375 5285 1502 5348 uberius
1522 5285 1717 5361 continetur3
1741 5292 1783 5358 et,
1805 5285 1884 5346 sicut
1905 5299 1961 5362 pro
1975 5293 2062 5362 parte
2076 5285 2120 5346 di-

1375 5379 1447 5442 lecti
1468 5379 1524 5439 filii
1554 5377 1737 5456 Hieronymi
1764 5377 1897 5439 Roavuls
1925 5377 2046 5442 Ordinis
2066 5377 2120 5440 Hi·

1375 5488 1489 5534 norum
1511 5471 1614 5534 Sancti
1635 5470 1788 5532 Francisci
1805 5470 2051 5533 Hecollectorum
2064 5487 2120 5533 seu

1376 5567 1413 5628 de
1434 5565 1632 5628 Observantid
1660 5572 1911 5642 nuncupatorum
1941 5564 2120 5642 professoris

1376 5675 1430 5738 pro
1452 5658 1547 5722 Gallia
1567 5657 1770 5720 commissarii
1799 5658 1950 5734 generalis
1980 5657 2120 5720 eiusdem

1377 5753 1594 5814 Terraesantae
1626 5751 1713 5812 nobis
1741 5767 1840 5830 nuper
1866 5751 2039 5828 expositum
2061 5750 2121 5813 luit
