4866 6980
339 555 394 612 An.
408 557 438 612 0.
460 559 527 612 leae
578 555 617 620 ὅθ

558 693 724 755 haberetur
746 692 818 772 ipsis
836 693 1059 772 praesentibus,
1083 693 1108 754 si
1130 692 1233 756 forent
1254 709 1306 754 ex·

558 786 674 848 hibitae
695 785 747 848 vel
768 793 916 848 ostensae.

598 879 710 940 Datum
731 878 844 939 Romae
865 879 945 956 apud
961 878 992 942 S.
1017 878 1156 952 Petrum,
1173 878 1233 941 sub
1253 894 1305 962 an·

559 971 634 1034 nolo
649 971 769 1046 Picent,
782 970 832 1032 die
847 987 940 1032 xxrrr.
951 971 1090 1034 decemb.
1102 986 1304 1046 uncnuxxn,

559 1064 755 1143 pontificatus
773 1064 872 1126 nostri
894 1079 975 1126 anno
996 1080 1039 1124 vr.

898 1344 965 1409 XV.

560 1529 722 1608 Approbot
754 1530 930 1610 Collepinm
963 1531 1153 1598 missionem
1191 1527 1303 1590 Ordia.

600 1624 717 1688 Minor.
753 1621 857 1686 obser.
884 1623 914 1685 S.
943 1625 977 1686 F.
1002 1622 1242 1685 instituendam
1270 1621 1306 1682 t'a

599 1725 756 1780 conventa
781 1716 815 1782 S.
841 1715 957 1780 Crucis
979 1717 1015 1780 dc
1040 1717 1215 1791 oneratam
1236 1729 1307 1792 pro·

598 1811 774 1873 vincienda
790 1811 980 1876 Mactoccnn
996 1811 1032 1873 in
1044 1808 1207 1881 Ameriam·
1220 1808 1306 1871 Gorn-

599 1904 744 1967 micaorii
773 1903 879 1967 Nonae
906 1905 1081 1982 Hispaniae
1113 1902 1197 1965 tttnd
1225 1917 1306 1964 cotn-

597 1997 704 2059 mittit
726 1997 910 2069 cortedune,-
931 1997 1060 2076 regales
1075 2012 1131 2074 pro
1153 2011 1186 2056 eo
1207 2013 1227 2057 a
1248 1995 1305 2056 mi·

598 2089 704 2151 nistre
724 2090 867 2169 pancrati
886 2088 1017 2152 Ordinis
1032 2089 1212 2168 propositas
1235 2103 1306 2148 con·

597 2181 707 2262 firmat
730 2182 786 2263 (l).

730 2351 985 2420 innocentius
1007 2353 1068 2419 ΡΡ.
1092 2351 1137 2418 lll.

663 2472 1200 2554 mmmmmmmffl

597 2649 786 2713 Sacrosancti
800 2648 985 2727 apostolatus
1000 2647 1148 2721 officinm,
1161 2649 1242 2726 quod
1258 2648 1305 2710 ire

556 2741 731 2804 scrutabilis
752 2741 876 2804 divinae
889 2741 1054 2820 sapientiae
1075 2749 1167 2818 atque
1187 2740 1306 2802 bonita-

557 2835 597 2895 tis
618 2834 747 2897 altitudo
768 2833 938 2896 humilitati
959 2840 1101 2908 nostrae,
1124 2831 1211 2894 nullo
1233 2831 1305 2894 licet

556 2925 744 2989 meritorum
765 2931 944 2989 nostrorum
965 2925 1123 3001 suffragio,
1144 2925 1304 3004 imponere

558 3021 683 3096 dignata
711 3026 768 3094 est,
798 3017 962 3081 salubriter
990 3017 1116 3097 exequi,
1140 3019 1304 3082 adiuvante

558 3111 702 3186 Domino,
725 3111 841 3188 iugiter
860 3116 1044 3186 satagentes,
1068 3109 1119 3170 illa
1134 3125 1212 3187 quae
1225 3125 1240 3170 a
1254 3126 1304 3172 so-

558 3204 732 3283 perioribus
752 3203 957 3281 regularibus,
974 3205 1010 3266 ad
1031 3205 1242 3281 promovenda
1257 3219 1304 3265 re·

558 3297 683 3374 ligiosae
704 3295 919 3359 observantiae
939 3295 1050 3370 studia,
1066 3297 1305 3374 procurandam·

559 3409 620 3472 que
652 3389 826 3453 infidelium
858 3390 893 3452 ad
927 3390 1090 3451 veritatem
1120 3389 1305 3451 christianae

558 3485 717 3563 religionis
749 3484 1001 3558 conversionem,
1023 3481 1114 3545 acad
1138 3482 1304 3544 salutarem

560 3583 698 3645 fidelium
721 3579 753 3640 in
779 3579 829 3639 via
857 3578 982 3640 Domini
1013 3577 1227 3652 directionem,
1256 3578 1305 3655 pie

560 3677 791 3754 prudenterque
801 3673 966 3736 constituta
981 3678 1073 3750 atque
1087 3671 1224 3734 ordinata
1238 3688 1305 3734 esse

559 3778 744 3843 noscuntur,
767 3775 802 3829 nt
823 3767 912 3829 firma
940 3781 1062 3844 semper
1093 3773 1186 3844 atque
1207 3765 1307 3826 invio-

559 3862 618 3922 lata
639 3859 815 3939 persistant,
839 3858 994 3937 apostolici
1009 3858 1127 3919 roboris
1142 3857 1304 3936 praesidio,

559 3969 632 4016 cnm
653 3953 684 4015 id
705 3969 721 4012 a
743 3953 831 4014 nobis
853 3952 979 4031 petitur,
1010 3951 1146 4012 libenter
1166 3966 1306 4013 commu-

560 4046 675 4120 nimus,
698 4052 729 4107 et
749 4044 822 4105 alias
844 4045 975 4122 desuper
996 4043 1200 4121 disponimus,
1212 4043 1303 4118 sicut,

560 4152 773 4216 personarum,
797 4137 936 4198 locorum
958 4143 988 4198 et
1010 4141 1187 4214 temporum
1209 4135 1306 4215 quali·

560 4231 675 4293 tatibus
696 4237 817 4293 mature
832 4229 1043 4303 consideratis,
1059 4229 1095 4291 ad
1109 4229 1304 4306 omnipoten-

561 4325 599 4385 tis
619 4324 673 4386 bei
702 4323 833 4400 gloriam
854 4330 885 4384 et
912 4323 1089 4385 animarum
1118 4322 1252 4384 salutem
1273 4339 1307 4384 ac

560 4417 719 4492 religionis
741 4417 971 4478 incrementum
982 4415 1186 4494 conspicimus
1201 4415 1234 4476 in
1249 4414 1306 4475 llo-

561 4509 647 4570 mino
667 4507 831 4569 salubriter
852 4509 1007 4586 expedire.
1143 4513 1146 4521 “

356 4617 542 4664 rcnuomsen-
600 4603 619 4676 5
643 4601 668 4662 l.
687 4601 807 4679 Exponi
828 4601 981 4678 siquidem
1003 4601 1091 4663 uobis
1113 4617 1214 4679 nuper
1235 4601 1306 4664 fecit

330 4671 429 4727 positio.

561 4695 690 4757 dilectus
712 4693 794 4754 frlius
816 4693 954 4770 Angelos
976 4693 1013 4755 de
1035 4695 1183 4768 Zevallos‚
1197 4711 1307 4772 procu-

560 4796 684 4850 curator
698 4786 850 4864 generalis
865 4787 988 4849 Ordinis
1002 4787 1135 4849 fratrum
1149 4787 1305 4848 lllnorum

562 4879 592 4942 S.
605 4879 758 4942 francisci
773 4881 810 4942 de
825 4879 1026 4942 Obseruantia
1040 4886 1304 4956 nuncupatorum,

560 4975 642 5050 qnod
654 4973 783 5034 dilectus
798 4973 891 5033 etiam
904 4970 986 5033 lilios
998 4971 1142 5050 Iosephus
1158 4973 1306 5034 Ximenes

561 5066 763 5141 Samnniego,
787 5065 929 5125 minister·
950 5065 1103 5140 generalis
1124 5063 1198 5126 dicti
1220 5065 1306 5128 Ordi-

562 5159 620 5234 nis,
644 5157 820 5233 Collegium
840 5157 907 5218 sive
938 5155 1150 5218 Seminarium
1172 5158 1305 5220 fratrom

561 5251 827 5314 missionariorum
849 5251 986 5314 eiusdem
1012 5251 1135 5314 Ordinis
1156 5252 1188 5313 in
1211 5251 1304 5313 lndiis

601 5527 630 5582 (1)
646 5529 683 5570 Itx
697 5530 757 5582 App.
774 5527 824 5570 vat.
839 5523 877 5568 ed.
893 5536 916 5580 p.
932 5525 980 5578 311,
994 5523 1093 5568 emend.
1109 5535 1141 5568 ex
1154 5525 1217 5580 fleg.
1229 5525 1303 5568 Arch.

559 5599 632 5638 Brev.

601 5661 630 5716 (2)
647 5663 683 5703 htx
701 5658 820 5713 collegiis
840 5657 991 5715 approbatis
1008 5658 1041 5702 ab
1056 5651 1207 5704 Innocentio
1222 5661 1261 5702 111.
1278 5661 1304 5702 et

560 5739 575 5772 a
589 5725 701 5771 caeteris
717 5728 745 5768 11.
757 5728 781 5768 Ρ.
795 5724 921 5768 normnlla
936 5723 1061 5768 irretituta
1075 5723 1148 5768 fuere
1162 5725 1195 5768 ad
1207 5724 1305 5770 concio·

561 5805 606 5837 nes
620 5793 648 5836 in
667 5792 751 5836 forma
769 5790 924 5835 missionum
945 5789 1015 5834 inter
1035 5790 1178 5836 catholicos
1200 5794 1303 5836 tantum

561 5859 749 5916 promovendas
767 5859 799 5903 ad
821 5857 882 5902 fidei
903 5857 1142 5913 conseruationem,
1158 5861 1185 5902 et
1204 5858 1258 5903 alia
1271 5859 1304 5904 ad

562 5927 638 5972 fldem
654 5925 847 5983 propagandam
864 5923 934 5968 inter
946 5924 1093 5969 haereticos
1103 5927 1129 5968 et
1140 5925 1267 5980 infideles
1278 5928 1304 5970 et

1080 575 1144 622 rba.
1169 575 1259 622 PONT.
1283 573 1324 619 DE
1345 575 1374 620 P.
1398 575 1427 621 F.
1452 576 1535 622 PARS
1557 577 1578 622 l·
1670 576 1676 587 '

1360 692 1606 757 Occidentalibus
1621 694 1656 756 ad
1679 692 1750 755 frdei
1772 693 1938 756 catholicae
1959 709 2106 773 propaga·

1360 787 1479 848 tionem
1506 787 1733 850 instituendum
1756 803 1822 849 esse
1852 787 2046 863 existimans,
2068 789 2106 851 de

1361 879 1589 942 nonnullorum
1617 879 1749 942 fratrum
1770 880 1909 943 doctrina
1930 887 1962 942 et
1988 881 2106 943 virtute

1360 971 1571 1050 praeditorum
1593 971 1732 1048 consilio,
1748 981 1940 1036 conuentum
1955 973 1986 1038 S·
1997 974 2105 1036 Crucis

1360 1064 1398 1126 de
1418 1066 1586 1142 Queretaro
1610 1065 1789 1143 provinciae
1810 1067 1848 1129 de
1870 1066 2050 1129 blechoacan
2072 1067 2105 1129 in

1361 1161 1441 1222 nova
1462 1159 1605 1238 hispanie
1625 1159 1747 1224 Ordinis
1768 1159 1914 1237 praedioli
1934 1160 1964 1222 ei
1985 1160 2031 1223 rei
2051 1160 2106 1223 du·

1361 1253 1407 1314 nit
1427 1252 1661 1328 destinandum,
1683 1269 1717 1314 ac
1741 1253 1873 1331 proinde
1903 1253 2015 1316 dilecto
2043 1253 2106 1316 lilio

1361 1345 1497 1408 Antonio
1519 1346 1612 1409 Linaz
1634 1345 1772 1408 eiusdem
1794 1344 1915 1410 Ordinis
1942 1346 2107 1424 professori

1359 1455 1448 1501 snam
1468 1439 1717 1502 benedictionem
1737 1445 1770 1500 et
1790 1437 1966 1501 facultatem
1985 1455 2107 1503 conces·

1360 1531 1412 1607 sit,
1442 1539 1476 1594 ut
1504 1533 1649 1595 eumdem
1681 1538 1871 1594 conventum
1897 1531 1954 1592 sibi
1981 1531 2107 1610 suisque

1360 1624 1449 1686 sociis
1470 1625 1505 1686 ad
1527 1625 1674 1687 eflectum
1695 1625 1727 1686 in
1749 1641 1785 1686 eo
1803 1623 1986 1688 instituendi
2008 1626 2106 1688 colle-

1362 1717 1449 1794 gium
1477 1717 1744 1780 missionariorum
1775 1719 1971 1794 huiusmodi,
1994 1719 2031 1780 ab
2052 1719 2108 1781 hae

1362 1811 1392 1874 S.
1417 1809 1497 1873 Sede
1517 1818 1623 1890 petere
1644 1811 1772 1886 valeret,
1786 1819 1817 1874 et
1831 1813 1867 1874 ad
1882 1812 1911 1874 id
1927 1827 2020 1874 suum
2035 1827 2106 1875 con·

1361 1917 1487 1965 sensum
1509 1903 1630 1978 tribuit,
1653 1919 1686 1966 ac
1706 1903 1754 1966 sui
1783 1905 1980 1981 generalatus
2004 1911 2105 1968 aucto-

1361 1995 1452 2057 ritate
1472 1995 1644 2074 praedictae
1665 1997 1843 2075 provinciae
1867 1996 1905 2058 de
1926 1997 2106 2061 blechoacan

1361 2103 1565 2163 consensum,
1595 2096 1748 2167 quantum
1776 2096 1913 2168 poterat,
1938 2089 2106 2168 supplerit,

1361 2195 1433 2242 cum
1454 2181 1582 2243 diversis
1603 2179 1832 2244 conditionibus
1854 2187 1884 2243 et
1906 2183 2108 2246 ordinationi·

1360 2273 1428 2348 bns,
1451 2281 1482 2335 et
1503 2273 1581 2350 aliis,
1603 2282 1696 2352 prout
1720 2273 1845 2354 plenius
1872 2275 2052 2338 continetur
2073 2277 2106 2338 in

1360 2364 1457 2442 ipsius
1468 2366 1586 2445 losephi
1608 2366 1745 2429 ministri
1761 2367 1913 2443 generalis
1929 2367 2042 2430 litteris
2056 2385 2108 2448 pa-

1362 2457 1497 2520 tentibus
1519 2461 1650 2538 desuper
1671 2459 1823 2522 emanatio
1842 2460 1970 2536 tenoris,
1986 2461 2040 2539 qui
2061 2477 2105 2523 se-

1360 2551 1479 2628 quitur,
1501 2551 1660 2614 videlicet:

1400 2645 1479 2706 «Fr.
1494 2643 1639 2724 losephus
1655 2645 1802 2710 ximenes
1815 2647 1999 2724 Samaniego
2012 2648 2105 2710 totius

1359 2735 1482 2800 Ordinis
1509 2739 1675 2817 seraphici,
1705 2739 1802 2823 Patris
1830 2741 1927 2802 nostri
1952 2741 2107 2804 francisci

1360 2829 1504 2892 minister
1525 2831 1679 2908 generalis
1699 2838 1730 2894 et
1751 2848 1860 2894 servus
1881 2833 1993 2895 dilecto
2019 2833 2107 2895 nobis

1360 2921 1393 2984 iu
1415 2922 1537 2985 Christo
1558 2924 1637 3002 patri
1657 2923 1745 2986 fratri
1766 2925 1902 2988 Antonio
1917 2926 2012 2988 Linaz
2027 2927 2107 2990 eius-

1360 3014 1430 3076 dem
1459 3013 1581 3078 Ordinis
1608 3031 1710 3078 sacrae
1738 3017 1910 3094 theologiae
1931 3017 2039 3081 lectori
2060 3018 2106 3080 iu-

1359 3107 1464 3183 bilato,
1480 3114 1511 3170 et
1527 3107 1558 3170 S.
1575 3109 1671 3173 Olhcii
1693 3110 1913 3189 qualificatori,
1931 3111 2107 3189 provinciae

1360 3207 1483 3262 nostrae
1515 3201 1568 3266 SS.
1593 3201 1675 3264 Petri
1697 3209 1727 3265 et
1748 3203 1834 3264 Pauli
1863 3205 1900 3267 de
1926 3204 2107 3266 blechoacan

1359 3293 1491 3369 custodi,
1507 3295 1685 3373 provinciae
1699 3312 1774 3358 vero
1796 3305 1918 3360 nostrae
1929 3298 2109 3360 Maioricen·

1358 3387 1399 3448 sis
1420 3387 1558 3464 alumno,
1580 3388 1712 3452 salutem
1733 3390 1767 3453 in
1789 3391 1921 3453 Domino
1945 3392 2108 3470 sempiter-

1360 3497 1442 3542 nam.

1399 3591 1417 3634 c
1430 3577 1509 3639 Cum
1521 3592 1575 3655 per
1585 3583 1686 3656 patres
1698 3579 1915 3656 proministros
1925 3587 1957 3642 et
1968 3579 2107 3643 custodes

1359 3682 1398 3728 eu
1419 3669 1588 3746 provinciis
1610 3671 1723 3732 nostris
1746 3671 1903 3736 indiarum
1932 3673 2109 3736 Occidenta-

1361 3762 1438 3824 lium
1459 3762 1495 3823 ad
1517 3763 1747 3840 suffragandum
1769 3765 1801 3827 in
1822 3766 1954 3846 capitulo
1970 3767 2107 3844 generali

1360 3855 1501 3933 proxime
1522 3854 1705 3919 celebrando
1730 3859 1919 3934 accedentes,
1942 3867 1974 3920 et
1994 3859 2108 3938 praeci·

1360 3963 1421 4026 pue
1441 3963 1497 4026 per
1512 3954 1542 4008 te
1557 3947 1644 4010 nobis
1661 3949 1844 4026 innotuerit,
1860 3967 1993 4012 messem
2009 3952 2108 4014 adhuc

1361 4039 1493 4102 multam
1507 4041 1585 4119 apud
1601 4041 1690 4103 ludos
1704 4050 1821 4119 entare,
1837 4044 1991 4122 operarios
2002 4049 2107 4106 autem

1360 4148 1483 4210 paucos,
1506 4139 1599 4210 atque
1620 4134 1731 4196 idcirco
1747 4135 1915 4198 Dominum
1927 4137 2034 4198 messis
2055 4137 2105 4198 de-

1361 4225 1476 4303 precari
1508 4233 1667 4302 oportere,
1697 4235 1732 4289 ut
1763 4229 1866 4290 mittat
1896 4230 2051 4308 operarios
2073 4229 2105 4291 in

1361 4333 1493 4378 messem
1518 4334 1623 4394 suam3
1646 4335 1702 4380 nos
1728 4321 1956 4383 considerantes
1983 4323 2106 4399 religio·

1361 4425 1433 4471 nem
1456 4416 1593 4471 nostram
1623 4411 1795 4490 fratresque
1822 4413 1975 4489 minores,
1998 4431 2105 4477 secun·

1361 4502 1436 4563 darm
1458 4502 1587 4578 gratiam
1609 4503 1766 4581 seraphiae
1792 4505 1967 4584 institutori
1988 4523 2025 4568 ex
2046 4507 2107 4568 alto

1360 4609 1553 4670 concessam,
1576 4595 1614 4656 ob
1642 4595 1671 4657 id
1700 4597 1895 4673 potissimum
1920 4599 1956 4660 ad
1982 4599 2107 4660 vineam

1361 4687 1483 4749 Domini
1514 4695 1648 4764 vocatos,
1676 4697 1711 4751 ut
1733 4691 1951 4767 Apostolorum
1978 4692 2107 4768 vestigia

1359 4788 1537 4858 sequentes
1560 4789 1671 4844 euntes
1693 4783 1725 4843 ln
1747 4785 1900 4864 mnndum
1924 4787 2107 4848 universnm

1361 4871 1571 4950 praedicarent
1593 4874 1797 4952 Evangelium
1819 4879 1906 4940 omni
1931 4887 2105 4957 creaturam

1360 4965 1501 5027 fidelibus
1516 4965 1630 5028 scilicet
1646 4967 1681 5028 ad
1698 4983 1823 5030 morum
1838 4971 2106 5048 reformationem,

1360 5057 1536 5118 infidelibus
1552 5073 1627 5118 vero
1648 5075 1702 5137 per
1719 5075 1841 5123 socrum
1862 5065 2107 5140 regenerationis

1360 5149 1517 5212 lavacrum
1531 5153 1566 5212 ad
1582 5153 1720 5214 veritatis
1735 5155 1901 5218 catholicae
1912 5157 2107 5233 agnitionem

1360 5259 1390 5313 et
1411 5243 1576 5306 salutarem
1598 5251 1629 5315 S.
1656 5249 1691 5311 R.
1714 5247 1882 5326 Ecclesiae,
1905 5257 2109 5331 anteaquam

1359 5525 1413 5570 alia
1422 5525 1455 5570 ad
1464 5527 1607 5581 utrumque
1616 5526 1694 5570 finam
1703 5525 1881 5570 obtinendum.
1892 5527 2048 5573 Huiusmodi
2056 5531 2110 5574 col·

1359 5591 1480 5638 lectionis
1496 5592 1542 5636 flul
1556 5593 1730 5638 adhaerentes
1746 5593 1889 5637 referemus
1904 5594 2109 5642 constitutiones

1359 5670 1426 5714 qnae
1440 5659 1555 5704 attinent
1569 5657 1602 5703 ad
1617 5657 1728 5714 collegia
1744 5669 1814 5703 mere
1824 5660 1969 5714 apostolica
1979 5663 2005 5706 et
2018 5661 2109 5718 rrrixta,

1359 5728 1477 5770 caeterae
1492 5737 1554 5770 vero
1568 5725 1805 5781 praetermisimus.
1827 5725 1937 5782 Ideoque
1947 5739 2003 5772 ¹non
2019 5729 2110 5774 retuli·

1360 5803 1418 5836 mne
1428 5795 1509 5836 const.
1519 5796 1559 5836 Ec
1570 5795 1691 5836 anteacto
1702 5795 1776 5836 anobis
1787 5797 1918 5838 divinitas
1928 5798 1981 5840 lun.
1992 5799 2032 5840 111.
2044 5797 2109 5842 rela-

1360 5863 1414 5904 tam
1427 5859 1453 5903 in
1464 5863 1524 5916 hpp.
1536 5861 1584 5902 vet.
1594 5858 1654 5902 edit.
1666 5871 1688 5914 p.
1698 5861 1745 5914 308,
1756 5871 1807 5915 qua
1817 5859 1973 5906 institutum
1983 5863 2034 5907 fuit
2044 5864 2106 5910 coll.

1359 5925 1390 5970 dc
1404 5926 1538 5971 Baradoxa
1551 5924 1578 5968 in
1590 5923 1725 5970 lartsitnnia
1735 5937 1782 5982 pro
1792 5926 1963 5973 missionibus
1973 5929 2105 5976 lusitanis.

2136 554 2189 612 An.
2207 558 2241 612 0.
2265 556 2334 610 1682

2141 2657 2251 2704 ministri
2268 2669 2344 2714 gene-

2125 2711 2187 2758 ralis
2201 2711 2302 2758 literae.
