4836 6998
945 607 1141 653 eanenxcrrs
1165 608 1232 652 xxxx.
1789 583 1846 646 387
1912 581 1965 634 An.
1980 583 2011 635 0·
2032 581 2102 634 1725

312 727 368 804 giis
390 741 524 806 quoque,
547 728 676 792 indultis
697 735 728 791 et
749 727 861 790 litteris
876 725 1058 805 apostolicis,
1117 724 1298 800 voluntatis,
1322 722 1457 786 mandati
1479 727 1510 784 et
1531 718 1739 797 derogationis
1754 716 1869 780 intrin-

311 820 368 882 sub
389 820 637 899 quibuscumque
659 821 819 883 tenoribus
841 827 871 882 et
893 819 1011 894 lorlnis,
1027 836 1059 882 33
1117 834 1202 895 gere,
1225 817 1276 880 vel
1298 817 1326 880 ei
1348 833 1424 878 ausu
1453 815 1619 878 temerario
1645 811 1818 888 contraire;
1840 810 1866 871 si

311 927 382 976 cum
404 915 564 993 quibusvis
584 917 678 978 etiam
693 913 959 992 derogatoriarum
974 914 1061 974 dero-
1086 912 1088 989 1
1115 913 1186 991 quis
1207 919 1312 973 autem
1340 910 1396 971 boc
1427 915 1579 970 attentare
1611 904 1864 984 praesumpserit,

312 1007 451 1083 gatoriis,
481 1008 610 1087 aliisque
634 1007 851 1069 efficacissimis
873 1014 903 1068 et
925 1007 1059 1069 insolitis
1086 1006 1088 1061 1
1117 1005 1362 1082 indignationem
1384 1000 1608 1080 omnipotentis
1634 998 1687 1060 llei
1709 1015 1742 1060 ac
1764 998 1866 1058 beato-

310 1100 465 1175 clausulis,
489 1101 759 1178 irritantibusque;
783 1108 814 1162 et
836 1101 901 1162 aliis
916 1101 1057 1176 decretis,
1116 1115 1186 1160 rum
1209 1098 1290 1159 Petri
1311 1104 1343 1157 et
1359 1095 1443 1159 Pauli
1458 1093 1667 1173 apostolorum
1682 1091 1749 1153 eius
1763 1107 1796 1152 se
1811 1106 1865 1153 no·

311 1193 341 1255 in
365 1209 481 1270 genere
501 1193 552 1255 vel
574 1195 606 1256 in
628 1195 739 1278 specie,
762 1194 855 1255 etiam
882 1201 969 1255 motu
991 1209 1061 1272 pro-
1117 1193 1197 1254 verit
1219 1193 1432 1253 incursurum.

312 1287 387 1364 prio,
410 1295 441 1349 et
462 1303 501 1348 ex
521 1287 604 1349 certa
630 1287 770 1360 scientia,
793 1304 826 1348 ac
847 1287 939 1348 etiam
961 1288 1059 1348 consi·
1156 1287 1265 1346 Datum
1281 1285 1407 1356 Romae,
1421 1280 1499 1358 apud
1516 1279 1547 1342 S.
1563 1279 1703 1350 Petrum,
1719 1293 1801 1340 anno
1816 1279 1864 1340 ln-

309 1379 490 1453 storialiter,
519 1387 572 1441 331
598 1380 669 1441 31133
694 1379 940 1458 quomodolibet,
965 1380 1057 1440 etiam
1116 1377 1302 1440 carnationis
1330 1375 1501 1438 dominicae
1530 1388 1706 1446 unccxxv.,
1730 1389 1772 1434 33.
1796 1372 1865 1434 idus

312 1471 428 1533 iteratis
449 1473 579 1546 vicibus,
603 1473 635 1534 in
658 1473 848 1535 contrarium
874 1475 1057 1536 eorumdem
1115 1471 1296 1544 decembris,
1320 1468 1516 1550 pontificatus
1538 1467 1635 1528 nostri
1659 1481 1741 1528 auno
1763 1482 1797 1526 u.
1868 1545 1870 1552 Ι

311 1565 549 1643 praemissorum
576 1567 737 1640 concessis,
760 1565 945 1644 approbatis,
969 1567 1059 1628 inno-

311 1658 388 1720 vatis
408 1664 439 1719 et
454 1659 654 1734 confirmatis,
670 1659 788 1720 etiamsi
808 1659 840 1720 in
857 1660 900 1721 eis
915 1666 1059 1722 33333133
1085 1702 1087 1737 ,

310 1767 454 1828 expresse
472 1751 553 1829 qaod
569 1751 629 1813 illis
645 1767 701 1830 por
715 1768 926 1830 quascumque
940 1752 1058 1814 litteras
1084 1740 1087 1833 Ι

309 1844 497 1922 apostolicas,
521 1845 614 1906 etiam
646 1851 733 1906 motu
762 1846 885 1924 proprio
907 1861 940 1907 ac
961 1846 1058 1908 consi·
1085 1852 1087 1921 1

309 1937 485 2011 31331311133,
510 1943 540 1999 31
561 1955 598 1998 33
621 1938 704 2000 certi
725 1939 853 2001 scientie
875 1941 975 2017 deque
989 1955 1059 2018 apo-
1085 1932 1087 2003 !
1117 1939 1313 2002 Praescribit
1333 1936 1866 2016 3113331113333313311333333333-

308 2029 434 2090 stolicae
455 2031 612 2108 potestatis
633 2031 831 2109 plenitudine
846 2049 901 2110 pro
919 2041 1057 2111 tempore
1085 2032 1087 2107 ξ
1157 2034 1235 2094 13311
1258 2031 1558 2095 catechumenorum
1574 2030 1749 2105 quotannis
1764 2026 1868 2090 subsi-

309 2138 477 2197 concessas,
499 2139 710 2202 quascumque
736 2125 830 2186 etiam
852 2126 1058 2202 derogatoria·
1085 2120 1087 2150 ³
1156 2126 1210 2187 dia
1226 2125 1349 2186 dotalia
1365 2120 1866 2200 archiconfruternitasAntitau-

310 2230 381 2276 rum
402 2217 608 2292 derogatorias
631 2217 662 2278 in
685 2233 717 2278 33
738 2218 947 2293 continentes,
970 2218 1058 2280 dero·
1085 2208 1088 2295 Ι
1155 2219 1307 2282 ciationis
1331 2215 1478 2278 1111111
1501 2223 1643 2291 praestet
1665 2213 1721 2294 (1).

310 2313 374 2388 gari
396 2327 460 2374 non
482 2313 586 2390 possit,
609 2327 712 2390 neque
735 2319 897 2375 censeatur
912 2313 956 2374 eis
971 2315 1059 2376 dero-

310 2413 431 2482 gatum,
459 2405 516 2466 3131
540 2405 718 2468 buiusmodi
745 2407 960 2482 derogationes
985 2425 1058 2470 cou-
1085 2332 1088 2487 1
1275 2383 1521 2454 ΒΕΝΕὓΙῦῘυῧ
1544 2382 1603 2450 ΡΡ·
1631 2383 1700 2450 ΧΙΙΙ·

1235 2511 1271 2578 31
1295 2513 1467 2593 perpetuen
1497 2507 1539 2574 rei
1561 2505 1741 2573 nenorian.

1472 1752 1510 1814 X.

308 2498 501 2561 sistorialiter
532 2498 627 2560 iactae
647 2505 678 2560 et
700 2513 756 2577 per
777 2499 912 2562 diversas
941 2500 1057 2563 litteras
1085 2500 1088 2577 1

310 2592 469 2652 intimatae
489 2590 622 2667 luerint3
645 2592 758 2669 quibus
780 2593 925 2654 omnibus
947 2601 977 2654 et
995 2595 1059 2656 sin·
1085 2592 1088 2715 j

310 2683 402 2760 gulis,
430 2683 550 2745 etiamsi
577 2685 615 2746 de
636 2684 696 2745 illis
722 2700 894 2764 eorumque
922 2687 993 2748 totis
1014 2694 1088 2765 teg

310 2776 438 2838 neribus
457 2776 606 2854 specialis,
629 2778 779 2856 specifica,
796 2793 936 2855 expressa
959 2787 989 2840 et
1012 2779 1058 2840 in·
1086 2784 1088 2849 l
1117 2795 1188 2841 rum
1210 2780 1428 2856 deputatorum
1450 2779 1560 2838 domus
1581 2775 1648 2854 piae
1669 2776 1865 2837 catechume-

1178 2733 1184 2747 .
1211 2687 1237 2746 l.
1262 2685 1379 2764 Nuper,
1397 2701 1452 2762 pro
1474 2689 1559 2762 parte
1581 2663 1767 2744 dilectorum
1789 2682 1866 2744 salio·
1885 2699 2098 2809 puerrss¹¹¹⁰1i¹ria²i¹f

1885 2805 2097 2852 dictlstenuedo·

309 2869 1058 2945 (113131333333333333333311313,333331331
1085 2887 1088 2937 1
1116 2887 1229 2932 333313
1261 2872 1346 2932 13313
1375 2869 1534 2932 3331331331
1561 2869 1594 2928 Β.
1618 2867 1657 2929 Μ.
1682 2869 1717 2928 331
1746 2868 1865 2928 1133133
1884 2860 1918 2906 “S
1952 2859 2096 2906 ⁵⁰¹³⁵¹l¹¹¹¹¹¹¹

311 2975 364 3038 per
384 2961 535 3022 clausulas
556 2961 716 3037 generales
739 2962 819 3024 idem
843 2963 1058 3040 importantes,

311 3053 428 3113 mentio
447 3069 502 3114 333
522 3053 649 3131 quaevis
671 3054 727 3114 alia
751 3056 906 3133 expressio
922 3057 1058 3118 babendo

309 3153 361 3207 aut
382 3146 481 3225 aliqua
504 3146 560 3208 3113
583 3147 734 3225 exquisita
757 3148 855 3210 lorrna
874 3149 909 3210 ad
925 3149 1058 3212 1133333-
1086 3182 1088 3231 t

310 3238 407 3299 nanda
431 3239 522 3314 loret,
545 3239 672 3301 illorum
703 3241 848 3303 omnium
869 3250 900 3303 et
920 3243 1058 3319 singulo·

1117 2971 1325 3042 nuncupatam
1349 2964 1386 3024 de
1408 2963 1490 3024 Urbe
1512 2961 1638 3040 positae,
1662 2960 1751 3022 nobis
1773 2977 1867 3037 expo·
1884 2924 1944 2959 Μεθ’

1116 3057 1210 3118 situm
1231 3055 1301 3132 luit,
1327 3055 1419 3135 quod,
1447 3071 1518 3118 cum
1539 3054 1652 3132 puellis
1673 3069 1728 3116 seu
1755 3053 1866 3116 mulie-

1117 3150 1203 3228 ribus
1230 3149 1394 3227 neopbytis
1417 3149 1448 3209 in
1471 3147 1701 3210 conservatoria
1723 3145 1864 3207 catechu-

1117 3257 1283 3304 menorum
1316 3241 1502 3319 (legentibus
1531 3240 1655 3302 nullum
1681 3239 1764 3300 aliud
1786 3239 1865 3301 dotis

1116 3335 1299 3409 subsidium,
1323 3351 1385 3412 quo
1410 3335 1442 3395 in
1465 3335 1595 3396 11313133
1617 3333 1667 3394 331
1690 3333 1721 3394 13
1744 3331 1864 3394 3333313

1116 3429 1236 3490 nubere
1250 3427 1383 3503 valeant,
1401 3443 1495 3506 quam
1516 3426 1783 3504 vigintiquinque
1797 3443 1867 3488 scu-

1118 3530 1221 3583 torum
1253 3529 1416 3596 monetae,
1439 3522 1522 3598 quod
1545 3521 1582 3582 ab
1603 3521 1675 3599 ipsis
1707 3533 1866 3598 exponen-

1118 3615 1198 3676 tibus
1225 3614 1285 3676 illis
1317 3615 1464 3690 assignari
1492 3614 1586 3688 solet,
1614 3629 1647 3675 ac
1668 3613 1864 3690 eleemosyna

1116 3708 1251 3768 aliorum
1264 3707 1459 3785 septuaginta
1472 3707 1595 3769 circiter
1608 3713 1770 3767 scutorum
1785 3706 1865 3783 paris

310 3348 381 3394 rum
400 3342 533 3408 tenores,
550 3331 663 3396 lormas
679 3341 709 3395 et
723 3351 837 3410 causas,
854 3336 947 3396 etiarn
963 3353 1059 3414 quan·
1086 3382 1088 3419 ,

310 3426 427 3487 1313313
456 3435 672 3503 praegnantes,
696 3427 759 3506 pias
779 3435 811 3489 et
838 3429 1056 3506 privilegiatas,
1086 3434 1088 3475 1

309 3519 520 3596 praesentibus
542 3535 597 3598 pro
616 3521 707 3598 plene
723 3528 754 3582 et
767 3519 958 3583 sufficienter
972 3539 1006 3584 33
1021 3525 1058 3586 de
1086 3522 1088 3597 j

310 3611 405 3674 verbo
424 3614 459 3673 ad
476 3613 620 3688 verbum,
637 3613 715 3674 nibil
731 3615 856 3692 penitus
871 3615 995 3690 omisso,
1012 3617 1060 3677 in·
1086 3630 1088 3639 ·

308 3706 409 3780 sertis,
426 3707 578 3784 expressis
599 3723 633 3769 ac
653 3707 833 3785 specificatis
848 3709 1007 3785 babentes3
1025 3710 1060 3771 il·
1086 3783 1088 3792 y

311 3798 345 3860 lis
360 3799 432 3860 31133
448 3801 479 3860 13
494 3817 550 3860 333
565 3801 677 3863 robore
688 3804 908 3880 permansuris,
922 3805 957 3864 ad
974 3819 1058 3881 prae·

310 3893 474 3954 missorum
498 3895 642 3955 omnium
662 3903 694 3956 et
715 3895 913 3972 singulorum
938 3897 1060 3959 ualidis-

214 3995 219 4004 '
307 3988 423 4048 simum
444 3987 602 4062 ellectum,
624 3988 680 4050 bac
701 3989 769 4050 3133
789 3987 961 4065 dumtaxat,
978 3989 1059 4050 latis-

107 4362 176 4409 Fides
192 4363 290 4409 beben·

84 4416 120 4514 a}
141 4421 290 4473 transump-

92 5531 158 5577 33113.

308 4079 385 4140 sime
407 4087 438 4141 et
459 4079 648 4158 plenissime,
664 4099 697 4142 ac
717 4079 918 4156 sullirienter,
936 4099 1058 4144 necnon

308 4171 481 4250 specialiter
502 4183 532 4234 et
554 4189 697 4252 expresse
718 4174 918 4250 ator-oguinus,
936 4176 1060 4238 ceteris·

309 4284 370 4346 que
392 4270 555 4330 centrariis
576 4271 833 4348 quibuscumque.

350 4362 439 4437 §lu
464 4364 616 4427 Volumus
642 4372 798 4443 praeterea
822 4373 856 4426 31
879 4365 1059 4426 earumdem

310 4458 521 4533 praesentium
551 4458 726 4520 litterarum
757 4459 973 4536 transumptis,
1003 4475 1060 4520 seu

310 4551 472 4627 exemplis,
496 4551 590 4612 etiarn
613 4551 781 4629 impressis,
804 4567 899 4612 manu
929 4551 1060 4613 alicuius

311 4659 349 4704 ex
369 4645 542 4706 secretariis
564 4645 700 4705 ministri
723 4644 772 4705 331
791 4645 992 4706 commissarii
1009 4661 1059 4722 ge-

311 4736 423 4798 neralis
454 4738 527 4799 dicti
559 4738 683 4800 Ordinis
709 4738 777 4799 3133
806 4739 917 4798 3313311
945 4739 1058 4815 publici

312 5015 383 5076 ralis
405 5017 499 5094 ipsius
521 5017 642 5078 Ordinis
657 5017 706 5077 331
721 5017 849 5079 31133133
864 5031 1013 5094 personae
1027 5019 1059 5079 in
1088 5006 1090 5101 1

311 5108 512 5170 ecclesiastici
534 5109 683 5185 dignitate
707 5111 894 5170 constitutae
915 5110 1057 5185 munitis,
1088 5124 1089 5133 ¹

312 5201 418 5262 eadem
440 5217 566 5279 prorsus
588 5203 663 5263 fides
685 5201 717 5262 in
734 5201 846 5264 iudicio
861 5209 891 5262 et
907 5210 993 5262 extra
1009 5201 1059 5260 ad·

313 5294 466 5368 bibeatur,
488 5312 566 5372 quae
588 5296 800 5372 praesentibus
816 5295 888 5372 ipsis
903 5295 1062 5356 adbibere·

314 5395 364 5449 tur
384 5388 409 5447 si
430 5387 534 5449 lorent
557 5389 712 5450 exhibitae
733 5387 783 5448 vel
806 5397 955 5448 ostensae.

312 5575 391 5636 bano
410 5575 555 5653 paginam
583 5581 708 5636 nostrae
734 5574 990 5647 confirmationis,
1014 5574 1060 5634 in·
1089 5584 1091 5633 t

313 5669 500 5742 novationis,
524 5667 761 5746 approbationis,
776 5667 992 5741 concessionis,
1010 5683 1062 5727 ex·
1090 5690 1092 5722 a

314 5760 476 5835 tensionis,
500 5760 713 5834 ordinationis,
734 5759 918 5836 largitionis,
934 5758 1060 5835 decreti,
1089 5760 1092 5828 Ι

358 5971 387 6026 (1)
404 5973 557 6027 namegast.
575 5971 600 6015 13
617 5971 692 6015 Areia.
708 5971 837 6016 Brerium.

1118 3809 1259 3862 monetae
1275 3817 1330 3879 por
1346 3817 1402 3862 nos
1417 3817 1450 3861 ac
1466 3799 1619 3861 Romanos
1630 3799 1794 3860 Pontifices
1810 3815 1865 3877 pro

1117 3903 1257 3970 tempore
1268 3895 1436 3956 existentes
1447 3892 1563 3954 eisdem
1579 3891 1703 3967 elargiri
1719 3899 1864 3953 consueta

1116 3993 1273 4065 suppetat,
1297 3987 1457 4063 dictaeque
1484 3985 1674 4063 neophytae,
1698 3991 1806 4062 utpote
1828 3983 1865 4045 de

1117 4080 1301 4158 gentilitatis
1323 4088 1353 4140 31
1377 4078 1566 4142 infidelitatis
1582 4078 1718 4140 tenebris
1739 4079 1774 4140 ad
1798 4078 1863 4139 veri

1087 4162 1088 4257 p
1119 4173 1262 4247 luminis,
1285 4172 1366 4250 quod
1392 4179 1438 4233 est
1471 4171 1623 4245 Christus,
1652 4171 1864 4247 cognitionem

1087 4298 1088 4307 ,
1118 4267 1242 4330 noviter
1264 4279 1440 4341 conversae,
1465 4266 1558 4340 longe
1579 4263 1733 4326 dillicilius
1755 4279 1865 4342 oppor-

1118 4367 1209 4422 tunas
1242 4360 1364 4436 nuptias
1385 4377 1440 4421 seu
1472 4360 1710 4423 matrimonium
1742 4369 1861 4422 contra·

1119 4453 1211 4514 uendi
1233 4453 1422 4528 occasiones,
1444 4471 1536 4532 quam
1558 4454 1634 4515 aliae
1661 4455 1809 4516 mulieres
1831 4455 1864 4516 in

1117 4553 1237 4607 sauctae
1252 4547 1360 4608 matris
1373 4547 1524 4611 Ecclesiae
1540 4549 1660 4624 gremio
1675 4558 1771 4624 ortae,
1784 4551 1863 4612 31331

1118 4643 1308 4719 experientia
1324 4644 1388 4722 ipsa
1403 4653 1597 4723 compertum
1613 4653 1670 4718 est,
1687 4646 1862 4718 inveniant,

1118 4751 1151 4794 ac
1182 4737 1312 4813 proinde
1334 4753 1383 4798 eas
1404 4739 1436 4798 in
1459 4740 1688 4800 conservatoria
1717 4737 1863 4816 praelato,

310 4830 502 4906 subscriptis,
525 4839 556 4892 et
577 4831 679 4906 sigillo
701 4831 793 4892 3111311
816 4831 951 4892 eiusdem
967 4832 1059 4893 mini·
1117 4843 1189 4889 cum
1211 4828 1331 4905 ingenti
1354 4831 1514 4908 dispendio
1536 4849 1568 4892 ac
1593 4829 1790 4892 incommodo
1812 4830 1865 4892 diu

310 4924 366 4984 stri
389 4924 438 4984 331
460 4925 662 4985 commissarii
677 4933 729 4986 aut
745 4925 952 5001 procuratoris
969 4941 1061 5000 gene·
1088 4945 1089 4953 3
1118 4922 1255 4983 retinere
1276 4929 1308 4983 et
1329 4923 1410 4984 alere
1432 4931 1583 5001 oporteat,
1607 4925 1695 4997 itaut,
1712 4923 1866 5001 occupatis

1118 5030 1172 5093 per
1195 5031 1243 5074 333
1265 5015 1410 5077 33131333
1438 5017 1510 5078 dicti
1531 5017 1753 5078 conservatorii
1779 5031 1866 5077 man·

1117 5107 1268 5182 sionibus,
1293 5109 1396 5170 locum
1417 5109 1581 5186 inibique
1603 5125 1702 5170 33333
1723 5111 1866 5171 33133113·

1119 5215 1227 5262 menae
1249 5200 1324 5262 illud
1348 5201 1468 5278 ingredi
1489 5202 1631 5264 volentes
1664 5202 1864 5280 recipiantur,

1119 5293 1303 5372 quandoque
1317 5295 1422 5355 deesse
1437 5296 1615 5372 contingat3
1639 5294 1777 5358 multum
1792 5311 1866 5356 vero

1088 5407 1090 5444 a
1119 5385 1287 5448 1333133311
1303 5387 1404 5448 eidem
1423 5389 1661 5451 conservatoria·
1674 5389 1865 5467 proueniret,

122 5479 218 5527 sanctio
234 5493 294 5538 roe
352 5483 371 5556 5
394 5479 441 5540 15.
459 5481 543 5543 Nulli
560 5497 634 5557 ergo
649 5481 780 5543 omnino
794 5482 958 5542 bominum
973 5480 1061 5542 liceat
1089 5480 1091 5490 ’

1118 5478 1143 5538 31
1166 5487 1299 5556 quatuor
1330 5481 1416 5542 dotes
1437 5497 1492 5542 333
1517 5482 1650 5544 subsidia
1678 5481 1805 5557 dotalia,
1829 5497 1867 5541 ex

1120 5571 1180 5632 illis
1195 5589 1273 5650 quae
1288 5573 1324 5633 ab
1335 5573 1673 5637 archiconlraternitate
1690 5577 1867 5637 113333313-

1119 5665 1213 5726 tionis
1242 5667 1275 5726 B.
1299 5667 1338 5728 ll.
1363 5665 1501 5744 Virginis
1523 5669 1556 5728 in
1582 5667 1707 5730 ecclesia
1729 5668 1867 5730 eiusdem

1120 5757 1151 5820 S.
1177 5759 1288 5820 lloriae
1308 5775 1402 5838 super
1424 5761 1595 5822 Minervam
1621 5760 1660 5822 de
1681 5760 1762 5823 Urbe
1784 5777 1868 5839 prae-

1097 5897 1289 5906 ψ-
