4844 6990
315 565 369 618 An.
383 565 413 618 (t.
435 564 504 618 ttae
554 561 613 626 476

534 697 730 771 necessitate,
754 695 837 760 vices
865 701 1005 758 exerceat
1032 693 1205 772 praefectus
1226 708 1282 770 pro

534 799 675 870 tempore
708 800 883 852 conventus
916 790 946 852 S.
972 788 1124 852 francisci
1154 785 1281 850 ltaverii

533 885 665 944 civitatis
687 883 860 946 llevicanae
878 891 909 944 et
925 882 1098 960 respective
1120 881 1154 941 B.
1170 880 1281 942 llariae

535 977 674 1053 Virginis
689 977 726 1038 de
738 977 842 1038 llonte
857 975 1000 1038 Carmelo
1015 975 1148 1036 civitatis
1163 973 1280 1047 Limae3

534 1077 576 1144 et,
598 1071 624 1130 si
653 1070 825 1147 praefectus
847 1077 881 1130 nt
910 1084 1001 1146 supra
1028 1068 1213 1144 subrogatus
1236 1066 1283 1126 in-

534 1164 626 1224 terim
649 1179 773 1241 quoque
789 1161 916 1239 periret,
934 1170 1009 1223 tunc
1027 1162 1060 1222 in
1075 1159 1173 1221 officio
1195 1159 1284 1220 viee-

536 1255 689 1333 genoralis
701 1255 916 1318 delinitorium
930 1254 1105 1333 provinciae
1116 1252 1282 1315 suffectum

535 1365 601 1410 esse
622 1357 795 1411 censeatur.

319 1503 324 1514 .
342 1449 402 1502 0⁰1⁸
416 1448 517 1524 pravan-
577 1459 627 1502 nv.
653 1441 914 1518 llice-generales,
926 1443 978 1520 qui
995 1440 1171 1503 huiusmodi
1184 1437 1283 1500 olfacio

304 1503 519 1620 ἷῖἒιιῗῖιῗὲἓ-’ἷεῗιὲζ
536 1551 573 1598 eo
596 1545 735 1614 tempore
756 1551 818 1614 quo
840 1536 1011 1614 capitulum
1040 1532 1185 1610 generale
1206 1530 1284 1592 cele·

303 1608 516 1709 {ffifflffqffitfffflh
538 1629 677 1690 brabitur
698 1637 856 1703 exercent,
873 1628 923 1689 vel
945 1629 1025 1690 intra
1040 1625 1282 1705 quadriennium

536 1724 583 1785 sui
605 1723 696 1784 oflicii
723 1722 902 1800 aliquandiu
930 1725 1154 1795 exercuerunt,
1179 1723 1211 1783 in
1233 1735 1283 1780 eo·

537 1817 607 1880 dem
622 1817 802 1891 suffragium
816 1815 959 1890 habeant,
976 1815 1117 1893 quamvis
1133 1815 1283 1876 alteruter

537 1913 586 1974 vel
609 1919 753 1989 uterque,
776 1909 815 1971 ob
836 1908 995 1982 annalem,
1019 1907 1069 1969 vel
1091 1906 1281 1980 triennalem,

536 2014 588 2066 aut
609 2003 700 2065 aliam
722 2003 869 2064 maiorem
891 2001 1090 2063 residentiam
1112 2010 1142 2062 et
1164 2015 1282 2062 moram

536 2097 691 2174 generalis
707 2096 737 2158 in
754 2095 904 2158 alterutro
926 2095 1096 2172 respective
1119 2109 1230 2170 regno,
1246 2091 1283 2153 ab

535 2191 619 2252 illius
631 2189 791 2263 exercitio,
801 2187 1061 2266 quemadmodum
1073 2187 1197 2250 Ordinis
1211 2201 1284 2247 cou-

534 2285 655 2346 stitutio
679 2299 743 2360 cap.
769 2299 827 2356 uo,
850 2281 908 2356 §a
936 2281 1088 2360 disponit,
1116 2279 1279 2342 destiterit.

533 2379 657 2454 Quoties
679 2386 783 2438 autem
806 2374 1046 2451 vice-generalis
1067 2374 1161 2436 unius
1175 2373 1224 2433 vel
1240 2371 1281 2432 al-

533 2472 630 2534 terius
652 2470 744 2548 regni
765 2469 817 2532 ubi
847 2467 998 2545 generalis
1020 2483 1085 2528 non
1107 2465 1222 2528 residet
1244 2467 1282 2527 ob

534 2564 704 2640 legitimam
726 2577 847 2624 causam
869 2562 972 2622 abesse
994 2561 1166 2634 contingat,
1180 2575 1218 2620 ne
1234 2577 1281 2620 re·

534 2657 618 2734 ligio,
641 2659 774 2720 durante
801 2654 978 2717 huiusmodi
1006 2653 1281 2726 absentiarum

532 2751 702 2830 superiore,
716 2752 882 2828 deputetur
894 2765 948 2827 per
959 2747 1136 2824 generalem
1154 2747 1282 2823 eiusque

533 2845 747 2906 delinitorium
769 2843 835 2905 loco
856 2841 929 2904 dicti
952 2841 1187 2917 vice-generalis
1202 2841 1280 2902 alius

533 2938 696 3013 religiosus
717 2936 770 3014 qui
793 2951 849 3013 pro
870 2935 999 2996 interim
1019 2934 1171 3010 gubernio
1186 2951 1219 2994 ac
1234 2948 1282 2993 re·

533 3031 641 3107 gimini
675 3030 844 3092 incumbat.
877 3028 914 3090 Et
941 3029 965 3088 si
993 3027 1115 3089 litterae
1142 3033 1280 3105 patentes

533 3140 670 3200 congruo
694 3132 833 3200 tempore
847 3129 918 3184 ante
940 3121 1022 3182 illiars
1033 3122 1200 3182 discessum
1216 3135 1279 3180 non

532 3218 759 3298 pervenissent,
776 3217 964 3294 gubernium
979 3215 1018 3276 sit
1033 3231 1127 3293 penes
1142 3213 1280 3276 eiusdem

534 3311 621 3388 regui
641 3320 698 3372 ‘seu
721 3307 896 3388 provinciae
918 3309 1141 3369 clefmitorium.

314 3419 515 3477 naquomspsc-
573 3419 637 3464 xva.
663 3402 866 3479 imposterum
879 3399 913 3460 ad
931 3399 1109 3476 generalem
1131 3399 1162 3462 in
1181 3415 1280 3477 regno

300 3470 515 3574 {3},{{3²,{,¹¹2¹}¹,²},‘}1
534 3497 587 3560 ubi
609 3495 733 3568 residet,
747 3495 777 3555 io
800 3492 896 3554 altero
917 3509 991 3554 vero
1013 3494 1048 3554 ad
1071 3493 1280 3570 vice-genera·

302 3581 373 3627 ’Μία
533 3589 595 3652 lem
618 3588 770 3668 privative
789 3593 906 3666 spectet
931 3586 1148 3662 religiosorum
1171 3603 1281 3652 nume-

533 3697 606 3744 rum
628 3695 741 3757 augere
763 3679 813 3740 vel
832 3678 1030 3754 imminuere,
1047 3695 1098 3742 eos
1113 3687 1234 3742 mutare
1247 3697 1280 3742 ac

532 3775 701 3838 transferre
729 3775 766 3836 de
792 3787 856 3836 uno
882 3773 917 3834 acl
949 3773 1081 3836 alterum
1114 3774 1279 3854 hospitale,

533 3869 617 3932 iuxta
632 3868 896 3946 opportunitatem
907 3883 962 3930 seu
978 3866 1192 3930 necessitatem
1208 3885 1282 3930 con·

533 3971 685 4024 ventuum
718 3967 810 4040 alque
833 3959 989 4023 locorum:
1020 3961 1055 4021 ad
1078 3960 1159 4040 ipsos
1186 3963 1279 4022 etiam

532 4055 686 4134 pertineat
708 4061 847 4134 tempore
874 4053 1058 4116 visitationis
1086 4063 1279 4132 computare,

532 4162 729 4224 cognoscere,
750 4147 901 4208 rationem
916 4147 1052 4222 exigere,
1069 4147 1235 4228 omniaque
1250 4156 1280 4210 et

530 4240 651 4317 singula
683 4241 859 4318 praecipere
881 4247 911 4302 et
941 4240 1119 4318 providere,
1148 4240 1280 4308 durante

531 4333 609 4395 dicti
631 4333 819 4406 visitatione,
836 4349 914 4412 quae
937 4341 998 4396 tam
1021 4350 1075 4413 pro
1098 4335 1177 4396 bono
1199 4336 1281 4411 regi-

532 4428 619 4488 mine
641 4426 852 4504 hospitalium,
875 4441 968 4504 quam
989 4443 1044 4506 pro
1072 4427 1224 4506 spirituali
1247 4445 1280 4490 ac

532 4520 692 4599 temporali
716 4520 927 4584 consolatione
949 4520 1147 4582 intirmorum
1163 4529 1194 4582 et
1209 4521 1280 4582 reli·

532 4614 702 4691 giosorum,
725 4613 778 4690 qui
801 4613 927 4674 illorum
956 4629 1061 4674 curam
1078 4621 1203 4689 gerunt,
1227 4629 1280 4674 ne-

531 4707 658 4770 cessaria
681 4707 836 4782 esse,sive
856 4706 940 4768 iuxta
963 4707 1101 4784 proprias
1121 4707 1281 4770 conscien-

532 4800 588 4862 tias
610 4801 641 4862 in
664 4801 796 4862 Domino
819 4799 964 4878 expedire
987 4801 1176 4862 censuerint.

306 4925 514 4973 mamm.
572 4909 651 4954 xvu.
674 4894 731 4969 Qui
753 4893 788 4954 ad
811 4893 952 4956 habiturn
974 4894 1154 4970 religiosum
1175 4893 1279 4956 cucul-

301 4979 454 5079 dgiia‘iffiffm
474 4977 513 5076 lg}
534 4989 630 5051 latum
652 4987 691 5047 ob
712 4985 834 5064 aliquod
858 4985 1116 5064 impedimentum
1134 5001 1189 5048 seu
1205 4987 1280 5064 legi-

301 5075 491 5144 processionem.
532 5082 642 5143 timam
672 5095 794 5142 causam
826 5077 944 5140 admitti
971 5095 1033 5140 non
1061 5089 1207 5160 possunt,
1231 5079 1280 5141 vel

533 5181 656 5235 tantum
678 5171 874 5250 recipiuntur
896 5172 942 5234 uti
959 5171 1114 5251 simplices
1137 5175 1278 5249 tertiarii,

1055 575 1119 622 lth.
1143 574 1235 620 ebur.
1259 574 1300 618 ult
1321 573 1350 620 P·
1375 575 1403 620 F·
1429 575 1511 620 PARS
1533 574 1554 620 t.

2115 556 2171 610 An.
2186 557 2219 610 0.
2243 554 2322 610 laets

1337 699 1367 756 et
1387 692 1506 756 sincera
1522 693 1649 756 insimul
1666 693 1892 758 transmittatur
1907 691 2085 758 informatio

1336 801 1430 864 super
1451 801 1560 848 eorum
1583 787 1644 848 viti
1666 795 1697 848 et
1718 787 1874 862 moribns3
1897 787 2086 865 obtentaque

1337 877 1461 940 licentia
1483 879 1514 940 in
1537 879 1658 957 scriptis
1679 879 1717 942 ab
1737 879 1844 942 eodem
1860 879 2012 958 praefecto
2034 896 2086 956 ge·

1338 971 1437 1032 nerali
1454 971 1582 1050 eiusque
1597 973 1786 1048 delinitorio,
1802 991 1836 1036 ac
1852 975 2018 1052 praemisso
2033 991 2086 1036 an·

1339 1080 1380 1126 no
1411 1065 1579 1126 novitiatus
1608 1082 1679 1130 curn
1708 1066 1858 1142 clausura,
1892 1068 2085 1146 servatisque

1338 1157 1483 1219 omnibus
1504 1159 1570 1220 aliis
1592 1159 1762 1236 requisitis,
1781 1175 1860 1238 quae
1880 1161 2009 1223 cuilibet
2031 1177 2085 1223 no-

1338 1251 1416 1312 vitio
1438 1251 1586 1328 facienda,
1616 1254 1751 1328 gerenda
1772 1261 1803 1314 et
1824 1256 1972 1316 servanda
1999 1263 2085 1326 sunt,

1338 1343 1542 1406 admittantur
1563 1345 1599 1406 ad
1621 1346 1846 1424 professionem
1860 1347 1918 1409 sub
1939 1348 2087 1426 qualitate

1339 1444 1370 1498 et
1392 1438 1520 1500 nomine
1548 1440 1761 1502 tertiariornm
1790 1441 1855 1501 sive
1878 1442 2083 1502 donatorum:

1339 1530 1495 1592 cucullam
1516 1533 1864 1611 nunquam⁴deferant,
1891 1551 1967 1596 voce
1988 1535 2087 1596 activa

1339 1631 1370 1685 et
1391 1625 1509 1702 passiva
1525 1634 1675 1704 perpetuo
1695 1636 1830 1701 careant,
1847 1635 1877 1690 ct
1892 1629 2087 1692 solummodo

1339 1717 1449 1780 addicti
1471 1719 1534 1782 sint
1557 1719 1617 1780 illis
1639 1721 1794 1782 exercitiis
1815 1730 1846 1782 et
1867 1721 1986 1796 ciliciis,
2008 1739 2087 1800 quae

1339 1810 1477 1888 ipsorum
1499 1811 1591 1872 statui
1607 1813 1814 1888 conveniunt,
1827 1814 1981 1877 sacristiae
2003 1817 2086 1878 vide-

1339 1903 1422 1976 licet,
1446 1903 1716 1984 eleemosynarum
1738 1907 1968 1985 perquisitioni,
1991 1908 2085 1984 horti,

1338 1997 1510 2074 coquinae,
1543 1997 1717 2074 refectorii,
1749 1999 1878 2079 aliisque
1908 2001 2086 2080 huiusmodi

1339 2105 1417 2174 quae
1429 2092 1598 2170 unicuique
1613 2095 1785 2171 prudenter
1796 2103 1826 2156 et
1838 2101 2013 2174 opportune
2027 2096 2089 2156 dis-

1340 2183 1537 2260 tribuentur3
1561 2185 1598 2246 de
1620 2187 1703 2248 bisce
1730 2193 1835 2249 autem
1861 2195 1934 2250 ante
1954 2198 1985 2250 et
2008 2196 2087 2250 tem·

1339 2293 1413 2356 pore
1428 2278 1597 2340 novitiatus
1609 2295 1642 2340 ac
1655 2280 1831 2344 immediate
1842 2288 1913 2344 ante
1925 2281 2087 2360 professio-

1339 2387 1411 2432 nem
1426 2371 1583 2434 cevtiorari
1606 2373 1736 2436 debeant
1750 2391 1784 2434 ac
1797 2375 1889 2452 plene
1903 2375 2036 2449 edoceri,
2051 2382 2084 2436 ut

1338 2465 1434 2542 probe
1447 2466 1545 2526 sciant
1559 2467 1662 2528 omnia
1677 2473 1707 2528 et
1721 2467 1855 2544 singula,
1868 2469 1994 2546 adquae
2009 2470 2084 2530 obli-

1338 2563 1452 2633 gantur
1473 2565 1504 2619 et
1521 2575 1647 2620 servare
1669 2567 1828 2634 tenentur,
1845 2577 1926 2623 neve
1941 2562 2005 2624 ullo
2028 2579 2085 2624 un-

1337 2665 1430 2728 quam
1449 2657 1588 2729 tempore
1603 2653 1771 2730 quidquam
1786 2669 1842 2734 pro
1857 2654 2001 2717 nullitate
2015 2672 2086 2734 pro-

1337 2742 1478 2806 fessionis
1500 2746 1634 2822 allegare
1654 2746 1787 2810 audeant
1808 2748 1857 2809 vel
1874 2761 2082 2826 praesumant.

1377 2853 1466 2900 svart.
1492 2839 1671 2917 Capitulum
1700 2840 1844 2916 generale
1865 2843 1903 2903 de
1924 2843 2084 2904 novennio
2115 2859 2329 2960 confrangens-

1337 2932 1370 2994 in
1393 2935 1599 3008 novennium,
1613 2934 1683 2996 iuva
1698 2937 1864 2998 antedictas
1881 2937 1999 3000 litteras
2013 2954 2085 3017 apo-
2101 2911 2329 3023 ξῖἓὲῃιὲἶῖἑὲξῖ

1336 3026 1457 3088 stolicas
1478 3037 1601 3090 sanctae
1623 3028 1791 3089 memoriae
1821 3029 1979 3092 Benedicti
2002 3033 2080 3094 ltltl.
2103 3020 2230 3074 ΝΜ
2248 3033 2328 3122 ‘'1⁰⁰‘'

1336 3117 1385 3179 die
1406 3137 1448 3180 ιι.
1466 3121 1538 3180 maii
1555 3135 1718 3182 uoccxxv.
1735 3122 1879 3197 signatas,
1896 3123 2081 3186 celebretur.
2102 3073 2257 3226 {ssssxiffli
2272 3081 2328 3175 {1³¹}e

1335 3213 1410 3286 Quia
1434 3221 1536 3274 tamen
1557 3214 1685 3274 evenire
1706 3223 1818 3292 posset,
1841 3225 2017 3294 praesentes
2033 3220 2085 3280 de·
2103 3181 2327 3286 tr⁰ffi¹nn³vidmf¹‘

1336 3305 1528 3380 claratioues,
1542 3305 1749 3368 ordinationes
1771 3315 1801 3369 et
1822 3316 1947 3383 statuta,
1964 3311 2002 3372 ob
2017 3311 2086 3372 lon-

1336 3415 1413 3476 gum
1435 3400 1527 3460 nimis
1543 3399 1580 3460 ab
1594 3399 1676 3462 Urbe
1691 3399 1725 3460 ad
1742 3401 1875 3479 praefata
1896 3417 1991 3480 regna
2012 3404 2083 3478 iter,

1335 3499 1510 3572 opportuno
1533 3502 1674 3571 tempore
1688 3503 1761 3556 ante
1776 3495 1908 3574 proximi
1924 3496 2022 3560 futuri
2037 3515 2085 3560 ca-

1336 3586 1426 3664 pituli
1449 3587 1690 3650 celebrationem
1706 3604 1768 3650 non
1785 3590 1965 3668 pervenire,
1980 3609 2083 3670 neque

1336 3681 1394 3758 (ob
1425 3679 1639 3760 perdifficilem
1671 3682 1958 3748 transfretationem
1989 3695 2083 3765 atque

1336 3789 1405 3835 raro
1435 3775 1603 3838 admodum
1631 3775 1871 3852 contingentem
1897 3779 1934 3840 ab
1959 3797 2025 3842 uno
2046 3783 2082 3844 ad

1335 3867 1469 3931 alterum
1491 3883 1637 3946 regnum,
1661 3877 1696 3931 ut
1716 3871 1835 3932 dictum
1856 3881 1914 3947 est,
1938 3874 2086 3937 transfre-

1338 3961 1460 4022 tationis
1481 3962 1687 4041 occasionem)
1709 3964 1744 4024 ad
1764 3967 1907 4028 omnium
1929 3968 2084 4030 vocalium

1337 4054 1480 4117 notitiam
1501 4053 1611 4118 deduci
1634 4071 1735 4132 posse:
1760 4059 1845 4133 binc,
1868 4060 1905 4122 ad
1925 4060 2085 4122 evitandas

1335 4148 1582 4226 perturbationes
1604 4157 1635 4210 et
1657 4151 1881 4214 controversias
1908 4169 1988 4230 quae
2008 4153 2084 4216 oriri

1336 4240 1408 4304 inde
1430 4252 1567 4322 possent,
1584 4242 1755 4322 praefectus
1777 4245 1932 4321 generalis
1954 4245 2031 4310 illud
2047 4246 2083 4308 ad

1336 4353 1455 4400 annum
1476 4345 1600 4400 tantum
1617 4353 1782 4415 prorogare
1802 4338 1914 4413 valeat,
1930 4338 1955 4400 si
1970 4339 2011 4400 ita
2028 4357 2083 4418 pro

1336 4429 1416 4490 bono
1437 4429 1599 4505 religionis
1627 4431 1839 4494 necessarium
1861 4430 1926 4492 fore
1954 4439 2007 4494 aut
2029 4449 2084 4496 ev·

1337 4522 1442 4598 pedire
1471 4532 1651 4598 cognoscat,
1674 4523 1859 4599 dummado,
1885 4541 1925 4586 en
1954 4541 2080 4602 novem,

1336 4621 1403 4676 octo
1424 4614 1535 4678 saltem
1555 4615 1711 4692 suffragia,
1734 4617 1901 4682 abeodem
1929 4619 2082 4698 praefecto

1337 4707 1486 4784 generali,
1502 4709 1714 4771 assistentibus
1730 4711 1939 4786 generalibus
1955 4713 2082 4791 allisque

1335 4803 1389 4879 qui
1412 4801 1444 4864 in
1469 4802 1577 4864 litteris
1602 4803 1775 4881 apostolicis
1801 4805 1861 4867 diei
1883 4821 1985 4876 xxviv.
2010 4807 2083 4868 maii

1335 4911 1527 4959 unccxxxu.
1550 4913 1607 4976 pro
1631 4897 1834 4960 electionibus
1855 4899 2083 4976 praefectorum

1336 4987 1555 5066 designantur,
1584 4997 1703 5052 secreto
1731 4993 1925 5068 praestanda,
1955 5009 2084 5054 concur-

1336 5089 1422 5142 rant:
1456 5081 1548 5143 iidem
1576 5090 1681 5144 autem
1704 5083 1826 5144 vocales
1847 5085 1884 5146 ad
1912 5085 2082 5163 capitulum

1336 5173 1375 5234 ita
1406 5183 1606 5252 prorogatum
1634 5175 1795 5251 accedant,
1818 5178 1871 5254 qui
1899 5177 1985 5240 nulli
2007 5178 2082 5240 tacta

532 5268 628 5344 vulgo
643 5266 768 5336 donati,
784 5265 809 5326 si
824 5267 934 5328 deinde
950 5267 1086 5344 ipsorum
1102 5267 1196 5346 aliqui
1211 5285 1280 5346 per·
1336 5269 1552 5346 prorogatione
1569 5267 1781 5346 accessissent;
1805 5278 1848 5344 et,
1864 5271 1889 5330 si
1906 5285 2014 5332 eorum
2030 5271 2082 5333 ali·

531 5369 625 5440 petuo
647 5361 679 5422 in
703 5359 856 5435 religione
877 5359 984 5420 vivere
1012 5368 1154 5439 optarent
1180 5371 1211 5424 et
1232 5381 1279 5424 so·
1336 5361 1389 5438 qui
1418 5368 1493 5422 tunc
1526 5363 1673 5440 temporis
1708 5363 1848 5438 legitimo
1883 5365 2083 5429 detineantur

532 5454 671 5516 lemnem
692 5453 917 5532 professionem
938 5454 1092 5529 emittere,
1116 5463 1278 5534 postquam
1305 5487 1308 5555 t
1336 5453 1576 5530 impedimento,
1605 5453 1817 5532 subrogentur
1844 5457 1911 5531 alii,
1936 5463 2081 5536 utsupra

531 5563 587 5626 per
609 5547 774 5609 biennium
795 5546 904 5608 saltem
928 5554 1084 5626 tamquam
1106 5551 1210 5610 donati
1232 5551 1278 5610 in·
1336 5563 1424 5609 num.
1444 5564 1490 5610 ιιι.
1507 5556 1539 5609 et
1555 5565 1598 5610 xa.
1616 5557 1768 5612 statutum
1784 5558 1839 5612 est..
1858 5551 2002 5629 Cumque
2017 5567 2080 5612 nou

531 5641 713 5716 servierint,
737 5641 854 5720 possint
876 5657 931 5722 per
956 5640 1122 5720 praefectos
1144 5658 1278 5704 conven-
1304 5598 1307 5757 ἱ
1336 5647 1397 5702 tam
1420 5641 1508 5704 facile
1528 5659 1544 5702 a
1566 5643 1708 5722 praefatis
1738 5645 1844 5721 regnis
1865 5647 1901 5706 ad
1928 5644 2082 5723 Apostoli·

532 5740 622 5796 tuum
645 5735 705 5796 uni
727 5751 799 5798 cum
827 5733 967 5797 discretis
992 5751 1047 5796 seu
1077 5735 1221 5812 gravibus
1245 5753 1278 5798 ac
1305 5786 1307 5857 l
1334 5749 1400 5798 cam
1413 5734 1524 5797 Sedem
1541 5751 1683 5798 recursus
1696 5737 1800 5798 baberi
1815 5743 1919 5815 queat,
1933 5737 1986 5800 ubi
2003 5738 2081 5800 iusta

531 5828 736 5904 prudentibus
747 5828 898 5904 religiosis
913 5827 1043 5908 proponi
1059 5827 1212 5908 praefecto
1227 5844 1279 5906 ge·
1305 5878 1307 5917 Ι

1334 5843 1367 5888 ac
1398 5843 1514 5904 urgens
1545 5845 1633 5890 causa
1660 5823 1846 5904 intercedat,
1875 5831 2081 5908 imposterum

533 5920 630 5986 aerati
651 5921 780 6002 eliasque
807 5921 1031 6000 assistentibus,
1054 5923 1164 6004 quibus
1187 5921 1276 6002 plena
1304 5948 1307 5990 ι
1334 5921 2083 6004 etiamcapitulageneralia,codemtamenpror·
