4878 6982
1012 541 1155 589 CLEMENS
1176 540 1221 586 Xl.

339 663 495 725 scribitur.
520 663 564 725 lle
584 663 694 725 eodem
714 664 864 724 descensu
884 678 939 724 sen
954 660 1090 721 adventu

340 755 507 832 spirituum
522 756 616 816 etiam
631 755 916 832 primogenitorum
931 753 1091 816 defuncto·

341 863 424 922 rum,
441 855 472 909 et
494 849 532 910 de
552 847 702 909 fruitione
716 865 772 909 sau
787 847 993 924 acceptatione
1009 847 1091 906 obla-

341 947 446 1001 torum
467 939 585 1018 pluries
607 941 641 1002 fit
663 939 782 1000 mentio
803 940 835 1000 in
854 940 940 1001 libris
954 938 1091 1016 antiquis

291 1046 296 1056 ¹
340 1037 372 1092 et
393 1030 459 1092 aliis
479 1031 641 1093 ritualibus
669 1031 791 1106 sinicis;
822 1029 905 1093 unde
930 1030 1023 1092 multi
1045 1029 1091 1092 Si-

342 1139 455 1186 nenses
474 1125 599 1186 eosdem
620 1123 858 1202 progenitorum
877 1124 1004 1200 spiritus
1026 1139 1090 1184 cae-

342 1216 491 1278 remoniis
504 1215 687 1294 supradictis
702 1216 848 1276 invitatos
859 1216 969 1278 venire
984 1224 1014 1278 et
1029 1215 1090 1278 frui

342 1316 452 1388 putant
473 1317 526 1370 ant
546 1311 689 1372 credunt.
724 1309 794 1370 Non
817 1310 904 1387 pauci
928 1317 1032 1370 tamen
1054 1310 1090 1370 ad

342 1403 556 1477 imaginariam
580 1402 629 1464 vel
650 1402 774 1464 dubiam
797 1401 898 1480 potius
917 1417 1011 1479 quam
1026 1417 1090 1462 rea-

342 1495 406 1556 lem
427 1494 595 1572 spirituum
626 1495 844 1572 praesentiam,
867 1495 1038 1556 adventum
1061 1502 1091 1555 et

342 1586 525 1648 fruitionem
546 1587 620 1648 baec
641 1587 756 1662 omnia,
774 1595 808 1649 ut
830 1587 923 1648 etiam
946 1603 983 1648 ex
1005 1587 1092 1646 libris

343 1688 374 1742 et
394 1678 556 1742 ritualibus
576 1679 681 1741 sinicis
696 1679 866 1755 colligitur,
884 1681 1033 1740 reducere
1047 1679 1092 1739 vi·

342 1773 469 1834 deutur.
493 1771 661 1836 Coufucius
683 1787 757 1833 vero
780 1771 811 1832 iu
828 1772 889 1834 lun
908 1772 951 1834 llo
966 1772 1022 1832 ait:
1041 1771 1092 1841 clvi

343 1865 380 1925 iu
402 1863 501 1940 choy:
525 1863 575 1934 clai
599 1865 663 1925 llio
685 1864 721 1924 iu
745 1864 810 1926 xta
833 1863 926 1940 clap,
950 1863 1027 1924 idest
1048 1862 1091 1922 of-

342 1956 509 2020 ferendum
529 1973 584 2018 seu
605 1957 840 2019 sacrificandum
856 1965 912 2030 est,
929 1957 1027 2018 veluti
1043 1955 1094 2016 ad·

343 2057 458 2124 essent,
479 2049 596 2111 scilicet
626 2048 685 2110 illis
713 2049 824 2126 quibus
856 2049 996 2122 offertur,
1020 2049 1093 2110 olle·

342 2144 477 2204 rendum
500 2159 557 2204 seu
578 2142 814 2204 sacrificandum
843 2149 889 2202 est
920 2141 1091 2220 spiritibus,

343 2234 443 2296 veluti
458 2235 585 2312 spiritus
599 2233 750 2307 adessent,
763 2251 817 2296 seu
834 2234 1013 2295 existerent.
1028 2233 1094 2296 Sta-

345 2326 420 2387 tutis
441 2333 547 2388 autem
568 2329 642 2386 anni
663 2326 855 2403 temporibus
871 2327 903 2386 in
918 2326 1034 2386 eisdem
1050 2325 1092 2386 lo-

343 2420 386 2481 cis
406 2435 462 2480 seu
484 2418 606 2498 templis
627 2418 836 2496 praefatorum
854 2420 1094 2496 progenitorum

344 2511 562 2574 defunctorum
582 2511 740 2590 spiritibus
754 2511 909 2572 solemnes
924 2511 1095 2574 oblationes

344 2621 400 2666 seu
420 2605 565 2666 sacrificia
587 2604 774 2678 offeruntur,
797 2606 832 2666 ad
855 2621 934 2682 quae
956 2613 1095 2667 tanturn-

345 2698 436 2761 modo
467 2697 617 2774 cuiusque
647 2696 781 2758 familiae
810 2698 869 2758 viri
891 2715 925 2759 ac
946 2698 1094 2760 mulieres

345 2790 516 2867 respective
536 2791 742 2863 conveniunt,
759 2806 791 2852 ac
812 2792 993 2852 earumdem
1008 2790 1094 2850 fami-

345 2883 457 2944 liarum
479 2883 680 2961 primogeniti
701 2899 740 2944 eu
763 2883 832 2960 lege
854 2885 967 2946 debent
983 2885 1095 2960 prima-

345 2977 390 3036 ria
411 2975 508 3036 officia
531 2975 562 3035 in
583 2973 671 3036 dictis
699 2976 907 3037 oblationibus
936 2992 1093 3050 exercere,

346 3069 399 3146 qui
421 3069 515 3130 etiam
535 3067 667 3146 propriis
688 3069 830 3130 manibus
859 3069 1001 3130 animalia
1023 3069 1096 3130 offe·

346 3159 440 3222 reuda
468 3161 610 3222 occidunt
632 3161 662 3221 iu
687 3161 771 3234 locis,
795 3179 827 3222 ac
848 3177 918 3224 cum
942 3177 1095 3223 caeremo—

347 3253 406 3314 niis
428 3254 459 3314 in
481 3252 645 3314 ritualibus
660 3269 715 3330 pro
730 3267 935 3332 personarum
950 3255 1095 3334 qualitate

347 3347 518 3425 respective
540 3347 744 3424 praescriptis,
762 3347 929 3426 omniaque
943 3363 1096 3425 peragun-

348 3447 399 3500 tur
419 3439 529 3500 eodem
543 3437 610 3500 fere
624 3439 698 3512 ritu,
715 3441 841 3500 mutatis
858 3441 1025 3514 mutandis,
1042 3441 1096 3517 qui

347 3547 438 3610 supra
460 3531 492 3592 in
515 3531 720 3592 oblationibus
741 3531 932 3594 solemnibus
948 3532 1097 3594 Confusio

348 3623 492 3686 exhibitis
514 3624 559 3702 (l)
581 3623 752 3701 descriptus
773 3632 831 3684 est.
856 3625 889 3686 ln
906 3625 1027 3704 templis
1042 3641 1097 3686 seu

348 3717 474 3779 aedibus
502 3715 563 3786 cfttt
595 3717 680 3796 vairp
712 3718 913 3795 nuncupatis,
943 3719 1028 3778 iuxta
1056 3717 1096 3779 ri—

349 3809 431 3870 tuale
454 3809 515 3870 Kiu
538 3809 582 3884 tp
596 3809 691 3871 serica
708 3825 770 3870 non
786 3810 975 3884 offeruntur,
992 3811 1097 3872 necin

348 3901 456 3963 eodem
480 3901 515 3962 fit
536 3902 655 3964 mentio
678 3901 759 3963 illius
786 3919 970 3980 papyraceae
991 3919 1098 3964 mone-

348 4003 406 4068 tae,
429 4010 507 4072 quae
530 4011 616 4057 nunc
638 3995 784 4071 temporis
807 3996 838 4056 in
860 3997 1003 4058 omnibus
1019 3996 1100 4056 obla·

350 4087 496 4160 tionibus
521 4103 599 4165 quae
629 4087 879 4164 progenitoribus
907 4087 1061 4150 defunctis
1083 4105 1098 4148 a

350 4179 519 4256 gentilibus
541 4180 607 4240 lieri
630 4180 743 4254 solent,
767 4189 934 4254 crematur,
958 4183 1097 4258 eoquod

350 4273 422 4333 baec
443 4273 636 4333 caeremonia
659 4289 722 4332 nou
743 4275 782 4334 sit
797 4275 920 4351 propria
935 4283 1035 4335 sectae
1051 4275 1100 4334 lit-

350 4365 491 4436 terariae,
515 4380 618 4441 neque
640 4365 672 4424 in
694 4365 756 4425 fme
777 4365 939 4426 oblationis
961 4366 1013 4426 illa
1031 4383 1099 4426 ver-

350 4457 462 4518 borum
483 4455 616 4516 forniula
638 4457 866 4533 praescribitur,
888 4474 947 4534 qua
964 4457 995 4517 in
1011 4475 1102 4535 supe-

350 4549 484 4610 rioribus
505 4547 711 4610 oblationibus
729 4550 877 4609 abeuntes
892 4551 1016 4626 spiritus
1032 4567 1100 4628 pro-

349 4649 535 4718 sequuntur,
552 4639 603 4700 sed
627 4647 749 4700 tanturn
771 4643 807 4703 ad
830 4643 858 4702 id
883 4643 1032 4718 quaedam
1055 4643 1113 4702 in-·

349 4733 532 4795 clinationes
554 4741 585 4794 et
607 4734 1000 4811 prostrationes‚faciendae
1023 4735 1101 4796 refe-

350 4833 482 4900 runtur3
506 4825 619 4902 quibus
645 4827 785 4903 peractis,
811 4826 949 4901 tabellae,
972 4827 996 4887 si
1018 4827 1102 4888 adbi-

350 4918 432 4979 bitae
451 4925 484 4978 et
505 4919 660 4994 expositae
680 4919 810 4992 fuerint,
831 4920 863 4980 in
885 4919 987 4980 locum
1007 4935 1100 4980 suum

351 5017 550 5088 reportantur
570 5018 601 5070 et
623 5011 655 5070 in
672 5011 874 5072 tabernaculis
890 5020 1099 5088 reponuntur,

352 5117 473 5164 necnon
489 5103 724 5180 progenitorum
742 5103 880 5177 nomine,
893 5120 948 5164 seu
963 5105 1000 5166 de
1016 5119 1102 5164 man·

351 5194 421 5256 dato
452 5196 646 5267 eorumdem,
669 5203 704 5255 nt
726 5195 759 5254 in
782 5196 884 5257 rituali
909 5197 968 5257 llic
991 5198 1036 5272 Ly
1057 5197 1101 5257 di-

351 5287 443 5362 citur,
466 5305 482 5348 a
504 5289 653 5363 magistro
667 5290 932 5352 caeremoniarum
950 5291 1100 5350 ministris

351 5379 521 5458 primariis,
550 5389 580 5442 et
609 5381 757 5458 implicite
785 5383 973 5444 adstantibus
1002 5385 1101 5444 omni-

351 5471 420 5545 bus,
443 5471 596 5549 plurimae
618 5472 778 5534 felicitates
800 5475 1047 5552 promittuntur3
1071 5485 1101 5537 et

351 5569 517 5642 antequam
539 5565 613 5627 fuant
635 5566 806 5626 nonnullae
825 5582 862 5627 eu
878 5567 1040 5644 praedictis
1054 5585 1102 5629 so-

352 5654 508 5719 lemnibus
535 5655 752 5733 oblationibus,
780 5660 915 5720 sortibus
942 5677 1013 5722 cum
1035 5675 1102 5737 spe-

394 5865 424 5922 (1)
441 5866 509 5912 Edit.
525 5868 601 5913 blain.
618 5867 683 5924 legit
697 5872 839 5914 exlttottus.

1147 659 1214 720 ciali
1229 660 1421 720 caeremonia
1435 668 1507 722 ante
1520 660 1645 722 ianuam
1659 661 1741 722 aedis
1752 676 1807 721 sen
1821 667 1900 720 tem-

1147 751 1189 829 pli
1219 750 1281 821 clio
1313 751 1398 830 Toup
1427 753 1556 830 eligitur
1583 753 1663 826 dies,
1692 759 1724 813 et
1751 754 1788 814 de
1816 749 1898 814 felici

1147 845 1301 906 electione
1322 853 1492 906 monentur
1514 846 1628 922 pariter
1646 845 1770 924 speciali
1785 845 1850 906 ritu
1865 845 1898 906 in

1147 937 1254 999 eadem
1281 937 1356 999 aede
1382 954 1437 1001 seu
1465 938 1582 1016 templo
1610 939 1821 1017 progenitores
1848 937 1898 998 de·

1147 1028 1258 1104 functi,
1281 1047 1337 1092 seu
1363 1032 1548 1094 eorumdem
1574 1031 1712 1108 spiritns,
1736 1037 1771 1091 ut
1793 1031 1899 1091 videre

1148 1131 1193 1186 est
1215 1124 1247 1184 in
1269 1123 1351 1184 dicto
1371 1123 1493 1198 rituali;
1518 1124 1550 1184 in
1573 1139 1634 1200 quo
1655 1125 1750 1185 etiam
1772 1122 1896 1196 dicitur,

1147 1219 1230 1296 quod
1252 1233 1359 1278 omues
1381 1217 1551 1279 oblationes
1573 1216 1625 1287 clvi
1643 1217 1816 1278 consistunt
1832 1223 1898 1277 tan-

1149 1313 1322 1384 tummodo,
1344 1325 1398 1370 seu
1420 1310 1645 1388 principaliter,
1663 1309 1696 1370 in
1714 1307 1800 1370 totali
1815 1309 1899 1369 soda-

1148 1401 1234 1466 litate
1256 1411 1285 1464 et
1300 1401 1496 1479 perfectione
1514 1403 1626 1462 amoris
1643 1409 1673 1462 et
1688 1400 1897 1476 reverentiae3

1147 1504 1179 1558 et
1201 1496 1269 1556 ideo
1290 1509 1438 1572 pauperes
1462 1495 1546 1554 iuxta
1568 1499 1779 1571 paupertatem
1798 1508 1896 1566 suam,

1149 1587 1268 1650 infirmi
1291 1587 1376 1649 iuxta
1403 1585 1485 1646 vires
1513 1603 1592 1660 suae,
1615 1585 1648 1646 iu
1672 1584 1731 1646 illis
1752 1583 1899 1645 faciendis

1148 1697 1181 1742 se
1212 1685 1342 1756 gerant3
1375 1679 1430 1756 qui
1461 1694 1538 1740 vero
1570 1677 1686 1739 divitiis
1717 1683 1749 1737 et
1780 1676 1899 1736 viribus

1148 1773 1316 1845 abundant,
1340 1771 1425 1833 iusta
1447 1769 1650 1849 praescriptos
1672 1770 1748 1832 ritus
1768 1785 1817 1829 eas
1831 1783 1900 1846 per-

1148 1873 1249 1941 agant.

1190 1959 1297 2018 Preces
1319 1971 1394 2018 vero
1422 1956 1509 2030 licet,
1537 1971 1576 2016 en
1599 1954 1813 2033 antiquissimo
1834 1954 1899 2018 ritu
1919 1953 2133 2054 uerssssei'rfflr'r'ffi

1151 2051 1181 2112 in
1204 2050 1282 2112 libro
1310 2066 1365 2112 seu
1393 2049 1496 2112 rituali
1528 2050 1572 2125 Ly
1596 2049 1653 2124 Ky,
1683 2048 1900 2112 tautummodo
1920 2062 1940 2106 rr
1957 2061 2048 2106 sonus.

1150 2143 1241 2204 certis
1262 2142 1455 2220 temporibus
1476 2157 1531 2202 seu
1554 2156 1608 2218 pro
1630 2141 1760 2220 publicis
1777 2140 1901 2218 imperii

1151 2235 1383 2297 necessitatibus
1405 2236 1438 2294 in
1462 2233 1584 2310 templis
1601 2235 1835 2311 progenitorum
1851 2233 1901 2294 de·

1150 2327 1329 2390 functorum
1362 2326 1470 2406 chapp
1498 2328 1584 2390 Mino
1617 2327 1803 2403 nuncupatis
1834 2340 1902 2402 per·

1150 2422 1285 2496 agendae
1306 2421 1568 2497 praescribantur,
1589 2427 1619 2480 et
1641 2435 1703 2480 non
1726 2433 1781 2496 pro
1803 2417 1902 2496 priva-

1152 2517 1189 2577 tis
1210 2513 1442 2575 necessitatibus
1474 2529 1528 2573 seu
1561 2511 1759 2586 indigentiis,
1793 2510 1845 2570 vel
1865 2510 1902 2570 ad

1151 2608 1283 2686 privatas
1305 2605 1466 2668 felicitates
1486 2604 1682 2682 postulandas
1697 2603 1782 2682 (cum
1797 2619 1814 2664 e
1828 2619 1901 2665 con-

1153 2711 1197 2763 tra
1219 2701 1276 2762 boo
1296 2700 1399 2776 ipsum
1421 2716 1459 2760 eu
1481 2697 1590 2760 eodem
1607 2697 1823 2774 antiquissimo
1839 2697 1902 2757 ritu

1152 2797 1184 2856 in
1207 2792 1414 2856 oblationibus
1433 2792 1526 2853 etiam
1541 2789 1733 2851 solemnibus
1748 2788 1902 2850 ordinarie

1151 2885 1317 2948 offerendis
1339 2885 1541 2945 interdictum
1563 2883 1727 2960 videatur);
1746 2880 1904 2942 nibilomi-

1152 2997 1211 3042 nus
1233 2979 1325 3040 etiam
1346 2977 1381 3038 ad
1403 2977 1536 3054 privatas
1557 2975 1718 3036 felicitates
1735 2974 1772 3034 ab
1787 2973 1902 3034 eisdem

1151 3070 1405 3152 progenitoribus
1427 3067 1564 3130 defuncti
1585 3068 1745 3144 petendas,
1762 3065 1903 3144 depreca-

1153 3167 1265 3238 tiones,
1282 3162 1466 3240 praesertim
1485 3177 1571 3223 nunc
1588 3161 1745 3238 temporis,
1761 3177 1777 3220 a
1792 3159 1905 3222 Sinen-

1152 3259 1234 3320 sibus
1262 3257 1448 3334 quandoque
1477 3254 1544 3314 sieri
1573 3253 1754 3315 referuntur
1782 3261 1813 3314 et
1834 3269 1903 3330 pro-

1151 3352 1266 3413 bantur
1288 3365 1326 3409 en
1347 3347 1406 3409 alio
1429 3347 1533 3408 rituali
1548 3346 1646 3408 sinico
1662 3347 1693 3410 iu
1710 3355 1842 3425 quatuor
1859 3352 1904 3406 to-

1152 3459 1220 3504 mos
1245 3441 1343 3504 diviso
1371 3446 1401 3500 et
1426 3441 1484 3502 llio
1512 3441 1556 3516 Ly
1583 3440 1699 3516 pariter
1727 3440 1819 3512 dicto,
1842 3453 1904 3517 quo

1155 3534 1287 3612 gentiles
1308 3533 1419 3612 passim
1441 3540 1578 3594 utuntur
1599 3534 1630 3593 in
1648 3532 1742 3607 Sinis,
1760 3532 1830 3593 licet
1847 3532 1906 3592 bu-

1154 3627 1288 3690 iusmodi
1310 3625 1541 3703 deprecationes
1568 3641 1631 3685 non
1658 3625 1776 3687 fuerint
1802 3632 1906 3686 aucto·

1154 3721 1245 3781 ritate
1260 3717 1392 3794 publica,
1409 3717 1460 3778 sed
1478 3719 1580 3795 potius
1596 3719 1684 3780 tacita
1700 3719 1904 3796 permissione

1156 3815 1187 3874 in
1209 3811 1319 3873 eodem
1346 3810 1450 3872 rituali
1472 3819 1503 3872 et
1523 3810 1594 3873 alibi
1616 3829 1631 3871 a
1653 3811 1781 3889 privatis
1803 3811 1907 3872 docto-

1155 3905 1242 3966 ribus
1263 3905 1407 3966 insertae.
1432 3903 1652 3964 Communiter
1673 3913 1777 3965 antem
1793 3921 1829 3966 eo
1844 3919 1906 3964 ma·

1156 3999 1202 4074 gis
1225 3997 1327 4057 felices
1349 4011 1381 4056 ac
1404 3995 1577 4056 fortunatos
1597 4012 1630 4056 se
1649 3996 1713 4056 fore
1730 4003 1840 4074 putant
1854 4005 1907 4056 aut

1155 4096 1292 4168 sperant,
1322 4103 1383 4164 quo
1415 4087 1523 4147 maiori
1556 4089 1671 4164 pietate
1692 4105 1725 4150 ac
1746 4088 1908 4163 diligentia

1155 4182 1253 4242 solitis
1269 4179 1375 4240 officiis
1391 4195 1462 4254 erga
1475 4180 1626 4256 praefatos
1637 4179 1798 4242 defunctos
1810 4180 1908 4242 functi

1156 4274 1285 4336 luerint.
1311 4272 1356 4332 lis
1378 4271 1500 4332 classico
1522 4273 1627 4332 rituali
1649 4273 1741 4333 etiam
1764 4273 1907 4348 babetur,

1157 4367 1251 4444 (quod,
1275 4367 1306 4427 in
1335 4364 1453 4424 alendis
1482 4365 1667 4426 animalibus
1688 4367 1723 4428 ad
1751 4382 1842 4427 usum
1864 4383 1910 4426 sa·

1158 4458 1347 4520 crificiorum
1380 4465 1448 4517 tum
1472 4457 1564 4534 Xuop
1590 4457 1636 4527 Ti,
1661 4465 1729 4518 tum
1751 4459 1909 4536 spiritibus

1157 4549 1318 4622 omnibus,
1346 4549 1441 4608 etiam
1469 4549 1722 4625 progenitorum,
1753 4551 1785 4611 in
1813 4559 1909 4611 teme·

1158 4641 1195 4702 lis
1223 4641 1268 4719 (ι)
1297 4650 1327 4701 et
1358 4641 1428 4701 locis
1460 4641 1575 4701 eisdem
1607 4642 1778 4718 respective
1806 4643 1910 4704 dicatis

1158 4733 1389 4795 offerendorum
1421 4732 1598 4809 destinatis,
1629 4735 1751 4812 imperii
1783 4737 1908 4797 urbium

1158 4827 1319 4906 praefectis
1340 4825 1378 4886 de
1401 4827 1545 4887 mandato
1567 4828 1652 4903 regio
1676 4829 1852 4890 iniunctum
1872 4830 1910 4888 sit

1159 4928 1193 4982 ut
1214 4935 1340 4979 omnem
1363 4933 1470 4979 curam
1487 4919 1663 4994 adhibeant,
1681 4921 1864 4998 populisque
1880 4921 1909 4981 id

1159 5014 1261 5090 ipsum
1282 5010 1440 5084 suadeant,
1464 5027 1501 5071 eo
1522 5011 1604 5088 quod
1626 5012 1663 5072 ad
1679 5013 1839 5074 felicitates
1854 5029 1910 5090 pro

1158 5107 1275 5168 eisdem
1302 5104 1423 5182 populis
1451 5104 1597 5182 petendas
1620 5106 1652 5166 in
1675 5107 1763 5166 dictis
1785 5105 1910 5167 oblatio·

1158 5198 1249 5260 nibus
1271 5195 1374 5258 offerri
1396 5197 1538 5258 debeant.
1562 5197 1638 5257 item
1661 5213 1699 5257 ox
1720 5197 1850 5260 classicis
1869 5199 1909 5258 ri·

1158 5290 1292 5352 tualibus
1314 5289 1402 5366 plura
1424 5289 1616 5363 referuntur,
1640 5290 1724 5351 unde
1739 5289 1848 5352 deduci
1864 5292 1910 5351 vi-

1158 5383 1249 5444 detur
1278 5381 1423 5444 Sinenses
1452 5395 1516 5441 non
1545 5387 1670 5442 tantum
1699 5399 1714 5441 a
1742 5383 1834 5462 ildttp
1861 5384 1907 5451 Τι’,

1158 5475 1287 5552 aliisque
1313 5473 1483 5551 spiritibus,
1511 5473 1669 5534 montium
1696 5474 1824 5548 scilicet,
1852 5475 1910 5537 llu-

1159 5569 1293 5641 minum,
1317 5574 1389 5642 etc,
1414 5581 1525 5627 verum
1545 5567 1638 5628 etiam
1654 5583 1668 5624 a
1685 5565 1844 5643 spiritibus
1859 5567 1909 5628 de-

1158 5645 1521 5722 functorum'felicitates
1553 5658 1703 5736 plurimas
1725 5659 1848 5720 concedi
1871 5659 1912 5720 ob

1128 5876 1132 5927 l
1198 5876 1227 5928 tt)
1244 5873 1290 5917 vel
1300 5876 1413 5925 teinpus,
1428 5873 1468 5916 vel
1481 5875 1616 5918 tltevvtettts.
1629 5879 1722 5926 graece
1737 5857 1866 5921 θεμέλιοῑς·

1820 525 1878 588 231
1930 527 1985 581 An.
1999 527 2030 583 O.
2053 529 2122 582 1704
