4880 6982
1008 615 1148 660 CLEMENS
1171 613 1213 658 Xl.

335 731 495 810 derogare,
517 751 561 808 ac,
584 741 735 811 quatenus
756 749 832 811 opus
852 733 902 807 sit,
926 739 1080 794 nostrast

335 826 531 888 cancellariae
550 826 731 904 apostolicae
752 827 858 902 regula
880 827 917 888 de
939 841 1000 888 1133
1023 825 1079 886 131-

335 917 427 982 leudo
448 920 517 983 iure
540 919 689 998 quaesito,
712 935 769 982 nec
791 936 853 982 non
877 920 926 982 iel.
946 935 1006 981 133.
1024 919 1080 980 Bo-

336 1012 438 1074 3113311
467 1013 522 1074 PP.
551 1013 628 1076 Vlll.
656 1014 895 1091 praedecessoris
924 1012 1021 1074 nostri
1043 1013 1081 1074 de

335 1122 408 1181 333,
431 1114 462 1168 31
482 1106 603 1169 33331111
625 1107 776 1182 generalis
796 1108 834 1170 de
848 1106 965 1169 duabus
980 1105 1079 1181 dietis,

335 1198 464 1278 aliisque
494 1200 688 1280 apostolicis,
727 1217 759 1262 33
790 1201 822 1262 13
854 1199 1080 1263 universalibus

335 1293 636 1372 provincialibusque
663 1301 694 1356 31
720 1293 917 1372 synodalibus
945 1293 1081 1356 conciliis

336 1386 426 1450 editis
446 1387 641 1462 generalibus
662 1387 712 1449 vel
732 1387 913 1465 specialibus
934 1387 1083 1450 constitu-

337 1479 471 1542 tionibus
493 1488 523 1542 et
545 1479 789 1543 ordinacionibus
803 1503 813 1556 3,
844 1496 901 1542 nec
923 1496 985 1543 non
1008 1495 1081 1557 quo·

336 1573 457 1636 rumvis
477 1572 633 1647 ordinum,
652 1573 941 1650 congregationum,
958 1573 1081 1635 institu-

336 1674 452 1739 torum,
472 1666 665 1740 societatum,
688 1668 781 1730 31133
803 1668 883 1741 lesu,
898 1684 931 1729 ac
946 1683 1082 1729 conven-

243 1840 245 1850 .
337 1767 438 1836 tuum,
460 1761 664 1837 collegiorum
685 1768 715 1822 31
729 1761 945 1838 hospitiorum,
961 1777 994 1822 ac
1008 1776 1082 1837 qua-

335 1855 456 1916 rumvis
477 1855 676 1917 ecclesiarum
698 1862 728 1915 et
747 1853 886 1918 locorum
901 1853 1035 1933 piorum,
1050 1859 1080 1913 et

335 1947 401 2010 aliis
415 1947 603 2028 quibuslibet
617 1948 710 2010 etiam
722 1947 908 2021 iuramento,
921 1946 1080 2008 confirma·

335 2042 421 2104 tione
449 2042 620 2121 apostolica,
653 2041 703 2102 vel
724 2041 831 2119 quavis
858 2040 1003 2102 1111311313
1024 2037 1081 2098 3113

334 2136 494 2210 roboratis,
510 2135 632 2196 31313113
653 2133 973 2196 313333331331311333
988 2132 1081 2194 31133

334 2227 642 2302 immemorabilibus,
664 2227 842 2306 ,privilegiis
870 2241 1004 2304 quoque,
1034 2225 1080 2286 iu-

334 2322 428 2385 dultis
449 2329 480 2384 et
502 2321 599 2384 literis
619 2321 802 2398 apostolicis,
827 2320 945 2382 eisdem
966 2317 1080 2380 ordini-

334 2416 403 2491 bus,
426 2415 729 2492 congregationibus,
753 2414 914 2488 institutis,
930 2413 1079 2476 societati-

335 2509 403 2584 bus,
432 2509 648 2582 conveutibus,
677 2508 825 2586 collegiis,
855 2506 1006 2585 hospitiis,
1033 2523 1080 2570 ec-

334 2602 434 2664 clesiis
454 2608 485 2663 et
507 2601 581 2664 13313
601 2601 670 2679 3113,
700 2601 888 2678 illorumque
915 2599 1082 2678 superiori·

335 2695 391 2758 bus
412 2703 443 2757 et
465 2695 614 2773 personis,
638 2702 668 2756 et
690 2694 756 2756 aliis
771 2693 972 2772 quibuslibet,
988 2693 1080 2754 etiam

334 2788 456 2867 speciali
483 2787 644 2850 mentione
676 2794 707 2850 et
735 2787 934 2865 expressione
961 2786 1079 2863 dignis,

335 2886 392 2944 sub
411 2881 661 2959 quibuscumque
682 2880 849 2942 verborum
872 2881 1029 2942 tenoribus
1051 2889 1082 2942 et

334 2975 452 3048 131313,
475 2991 509 3036 33
529 2989 601 3036 3313
622 2973 782 3051 quibusvis
809 2973 902 3034 31133
923 2974 1081 3048 derogato-

335 3069 450 3130 riarum
473 3067 684 3144 derogatoriis,
707 3065 835 3144 aliisque
850 3065 1079 3140 ellioacioribus,

336 3161 548 3224 31133331331313
569 3177 603 3222 33
624 3159 753 3221 133311113
775 3159 919 3222 clausulis
933 3167 964 3222 et
979 3161 1082 3223 decre-

337 3255 375 3317 tis
396 3255 428 3315 13
451 3269 565 3330 genere
585 3253 636 3314 vel
664 3253 696 3314 iu
723 3252 836 3330 specie,
869 3253 961 3314 etiam
993 3260 1080 3314 motu

335 3347 470 3424 proprio,
487 3354 518 3408 et
538 3347 575 3408 de
595 3346 756 3422 apostolica
776 3346 933 3423 3313313113
947 3346 1083 3424 plenitu-

335 3439 408 3500 dine
428 3457 461 3502 ac
482 3438 746 3514 consistorialiter,
775 3439 826 3500 vel
852 3439 945 3500 etiam
967 3439 1003 3498 ad
1025 3438 1080 3500 im-

336 3539 530 3611 peratorum,
553 3547 666 3608 regum
687 3538 718 3592 et
733 3531 921 3610 principum,
937 3531 1082 3592 aliarum-

335 3643 396 3706 que
416 3625 596 3704 quarumvis
617 3639 820 3704 personarum
838 3625 973 3702 qnalibet
988 3624 1083 3686 eccle-

334 3719 452 3781 siastica
473 3719 523 3780 vel
551 3719 707 3780 mundana
735 3718 885 3794 dignitate
912 3733 967 3780 seu
995 3733 1082 3796 3133-

336 3812 505 3876 eminentia
529 3811 716 3889 fulgentium
748 3811 926 3872 instantiam
955 3810 1005 3872 vel
1032 3826 1082 3872 eo

335 3922 406 3968 rum
417 3905 690 3983 contemplatione,
703 3921 757 3966 sea
769 3905 842 3965 alias
856 3905 1082 3982 quoquomodo

335 4000 497 4074 concessis,
514 3991 703 4060 confirmatis
724 4005 755 4059 et
776 3997 893 4074 pluries
914 3997 1077 4058 innovatis.

335 4093 450 4167 Quibus
478 4091 622 4152 omnibus
643 4097 674 4152 31
694 4091 842 4166 singulis,
875 4091 994 4152 etiamsi
1026 4107 1080 4168 pro

335 4185 462 4248 illorum
482 4184 647 4248 sulstcieuti
671 4184 869 4260 derogatione
890 4183 928 4246 de
950 4183 1010 4246 illis
1031 4199 1082 4245 eo·

376 4452 406 4508 (l)
422 4455 457 4496 lix
473 4454 516 4508 Ep.
533 4455 559 4496 et
573 4454 613 4495 Br.
629 4451 715 4497 select.
733 4459 749 4498 t.
765 4455 786 4506 a,
801 4465 824 4510 p.
839 4455 959 4508 3313311.
975 4458 1022 4499 etc.
1039 4457 1080 4498 Se·

335 4518 425 4576 quenti
439 4518 478 4564 lit.
494 4520 575 4574 apost.
592 4518 676 4563 eidem
691 4519 1081 4578 1333113311333113131131333·

336 4593 397 4632 tuor
412 4586 526 4632 vicarios
542 4587 701 4641 apostolicos
717 4586 743 4630 113
758 4587 812 4632 11113
828 4589 948 4644 partibus
960 4589 1080 4634 13113333-

336 4654 453 4707 stitutos,
468 4664 513 4698 seu
528 4657 554 4697 31
569 4665 584 4697 3
600 4664 626 4696 33
641 4653 845 4710 constituendos,
860 4667 924 4712 3333
935 4653 961 4700 13
972 4656 1080 4701 11313133

336 4721 420 4776 nangis
434 4719 547 4774 idoneos,
563 4723 588 4763 31
603 4723 677 4764 13313
692 4721 795 4765 1333311
805 4723 954 4778 exequendo
964 4723 1079 4779 aptiores

335 4787 504 4842 iudicaverit,
524 4787 720 4832 cathedralibus
740 4788 856 4832 ecclesiis
876 4789 1080 4846 blaxirnopolita·

336 4867 392 4908 nae,
413 4853 630 4909 monopolitanae,
650 4855 1080 4911 (131·33333333111313333113113

335 4920 466 4976 politanae
481 4920 506 4964 in
525 4919 644 4976 partibus
663 4919 809 4964 infidelium
827 4921 965 4966 corrsisten.
982 4922 1008 4966 in
1024 4923 1081 4979 npt-

335 4998 424 5042 scopos
439 4989 464 5030 et
480 4989 600 5030 l’astores
615 4985 764 5040 3133113313,
779 4986 869 5043 eisque
884 4997 979 5031 13131133
994 5000 1080 5034 331133-

334 5053 461 5098 erationis
474 5064 534 5096 3113
549 5053 701 5098 assistentia
722 5053 834 5097 duorum
853 5055 1079 5110 Presbyter-orani,

334 5120 396 5164 11331
417 5131 467 5164 11311
489 5119 674 5176 Episcoporum
695 5131 742 5164 uec
760 5120 935 5166 ecclesiastica
949 5121 1079 5176 dignitate

334 5185 548 5240 constitutorum,
563 5186 585 5230 si
600 5185 741 5240 adfuerint,
756 5187 796 5230 sin
811 5186 899 5232 11111133
919 5188 1000 5234 etiarm
1023 5189 1079 5233 sine

336 5253 443 5300 illorum
457 5252 619 5308 assistentia,
633 5253 781 5310 impendere
796 5255 888 5299 valeat.

453 5391 598 5433 t'caaaabta'
612 5389 705 5431 Fratri
720 5392 814 5432 carolo
829 5391 964 5433 1131313313

515 5457 689 5500 Patvtarcbae
703 5459 895 5504 doeattadriaao,

578 5565 721 5608 CLEMENS
736 5567 779 5607 PP.
795 5566 835 5608 xl.

575 5661 732 5702 l'eaterabtlis
750 5663 843 5708 113131,

423 5731 536 5772 salictam
550 5730 574 5770 et
588 5730 761 5778 apostoticam
781 5729 990 5770 bertcuttctioatc’rn.

375 5865 440 5905 Curua
454 5871 510 5914 nos,
522 5871 568 5916 pro
577 5860 716 5906 3333311333
731 5858 804 5904 nobis
818 5859 945 5906 divinitus
960 5860 1080 5916 apostoli-

255 5939 256 5943 ’
335 5941 380 5974 cae
402 5928 538 5974 servitutis
561 5940 677 5982 munere,
700 5928 779 5973 etiarn
794 5929 827 5972 ad
842 5928 1033 5972 13133113313333
1047 5929 1080 5972 ab

337 5999 431 6042 Sancta
446 5997 509 6040 Sede
524 5995 642 6050 regiones
658 5995 799 6040 l’astoralis
810 5995 963 6051 vigilantiae
975 5999 1080 6042 nostrae

1135 747 1269 811 rumque
1289 731 1362 794 totis
1385 732 1543 794 tenoribus
1564 731 1712 812 specialis,
1728 731 1878 812 333311133,

1135 842 1276 904 expressa
1298 833 1328 888 et
1350 826 1521 902 individua,
1545 842 1578 887 33
1599 827 1635 888 de
1651 825 1745 888 verbo
1761 825 1797 888 ad
1811 841 1880 886 ver-

1136 921 1220 994 bum,
1245 936 1308 981 non
1331 927 1435 981 33133
1465 935 1520 998 331
1541 919 1690 982 clausulas
1721 918 1880 996 generales

1135 1013 1217 1074 idem
1240 1015 1441 1091 importantes
1463 1012 1592 1087 mentio,
1608 1027 1662 1075 seu
1684 1012 1810 1090 quaevis
1824 1011 1880 1072 alia

1135 1106 1288 1184 expressio
1309 1106 1459 1181 habenda,
1476 1113 1529 1168 aut
1543 1106 1642 1184 aliqua
1657 1105 1713 1166 alia
1729 1105 1880 1182 exquisita

1133 1199 1231 1262 13133
1251 1201 1288 1262 ad
1309 1200 1366 1262 boc
1379 1200 1529 1262 servanda
1544 1199 1635 1273 toret,
1652 1198 1779 1262 illorum
1794 1205 1879 1259 teno-

1134 1308 1194 1368 res,
1216 1292 1299 1356 datas
1331 1293 1443 1354 turmas
1465 1297 1496 1354 et
1516 1291 1687 1356 occasiones
1714 1291 1881 1370 praesenti-

1135 1387 1190 1447 bus
1212 1403 1267 1466 pro
1288 1386 1379 1464 plene
1400 1392 1431 1446 31
1451 1384 1651 1460 sufficienter,
1672 1401 1706 1446 ac
1726 1386 1763 1446 de
1785 1384 1880 1446 verbo

1134 1477 1326 1542 adverbum
1353 1477 1431 1540 nibil
1462 1477 1586 1554 penitus
1616 1478 1729 1540 omisso
1756 1479 1881 1540 insertis

1134 1572 1279 1650 espressis
1304 1580 1336 1633 31
1360 1571 1489 1634 servatis
1521 1572 1692 1648 respective
1722 1570 1878 1644 babentes,

1120 1665 1203 1726 ditis
1225 1664 1297 1726 31133
1319 1665 1350 1726 13
1373 1680 1429 1726 333
1461 1665 1571 1726 robore
1603 1665 1821 1742 permansuris,
1844 1666 1880 1726 ad

1135 1758 1374 1835 praemissorum
1389 1757 1544 1831 ellectum,
1558 1757 1612 1819 bac
1627 1757 1694 1820 vice
1708 1758 1878 1832 dumtaxat,

1133 1851 1305 1928 specialiter
1325 1857 1356 1913 et
1377 1865 1520 1929 expresse
1541 1867 1574 1912 33
1595 1850 1772 1929 3133133133
1794 1851 1880 1914 dero·

1134 1958 1241 2019 gamus
1262 1960 1294 2006 33
1316 1943 1499 2018 derogatum
1519 1959 1586 2005 esse
1606 1943 1762 2016 volumus,
1783 1950 1882 2004 caete-

1134 2036 1238 2114 risque
1258 2037 1421 2098 contrariis
1452 2037 1709 2115 quibuscumque.
1733 2036 1879 2110 Quocirca

1134 2127 1319 2192 fraternitati
1343 2136 1413 2192 tuae
1427 2145 1482 2206 331
1498 2138 1671 2208 3133333133
1686 2128 1879 2204 mandamus

1135 2230 1286 2300 quatenus
1301 2221 1478 2284 iniunctum
1494 2222 1548 2284 tibi
1563 2239 1689 2297 munus,
1704 2221 1880 2286 huiusmodi

1135 2314 1175 2374 ita
1194 2314 1326 2376 fideliter
1341 2323 1371 2376 et
1385 2321 1513 2378 strenue
1528 2315 1700 2394 exequaris,
1717 2323 1752 2378 at
1766 2331 1804 2377 ex
1820 2314 1881 2376 tuis

1134 2407 1298 2482 laboribus,
1322 2409 1381 2470 tide
1402 2414 1432 2468 et
1449 2407 1621 2485 diligentia,
1639 2406 1743 2469 divina
1758 2407 1882 2470 favente

1135 2501 1283 2576 bonitate,
1306 2501 1400 2580 optati
1428 2509 1458 2564 et
1484 2503 1597 2581 sperati
1625 2503 1744 2565 1133133
1766 2503 1799 2564 ad
1828 2503 1883 2566 bet

1135 2594 1264 2670 gloriam
1285 2604 1317 2656 31
1338 2594 1515 2658 33133133
1536 2595 1668 2658 salutem
1684 2597 1879 2675 proveniant.

1134 2686 1307 2764 Ρ13311133
1328 2687 1457 2749 interim
1480 2687 1634 2750 bonorum
1655 2689 1798 2754 omnium
1813 2707 1882 2752 auc-

1137 2788 1236 2842 torem
1257 2781 1356 2843 Deum
1379 2781 1443 2856 tibi,
1469 2783 1652 2844 venerabilis
1668 2782 1773 2858 irater,
1791 2785 1883 2846 enixe

1134 2889 1307 2952 precamur,
1320 2881 1411 2952 atque
1425 2874 1623 2952 apostolicam
1636 2875 1882 2940 benedictionem

1133 2979 1173 3026 ex
1194 2965 1280 3027 omni
1301 2967 1399 3030 cordis
1422 2968 1520 3028 nostri
1541 2969 1860 3046 sensuimpertimur.

1175 3059 1286 3120 Datum
1315 3058 1444 3132 Romae,
1470 3059 1550 3139 apud
1579 3060 1609 3123 S.
1638 3061 1763 3124 blariam
1783 3063 1882 3124 111313-

1135 3169 1214 3228 133,
1236 3154 1295 3216 sub
1314 3153 1431 3216 annulo
1453 3155 1624 3229 Piscatoris,
1648 3156 1696 3217 die
1719 3171 1785 3217 xxi.
1803 3165 1878 3235 3331.

1136 3263 1306 3323 ccccxxx,
1328 3248 1524 3328 pontificatus
1545 3249 1645 3312 nostri
1667 3267 1751 3313 anno
1773 3267 1840 3312 xxx.

1389 3463 1626 3473 ——-———

1469 3627 1546 3690 clx.

1138 3813 1342 3878 Commendat
1355 3817 1546 3892 lraperatori
1563 3816 1718 3878 Statariam
1731 3816 1880 3878 Potrici·-

1174 3906 1266 3968 ctmm
1281 3907 1542 3970 Alexandrinam
1562 3911 1703 3986 33331313
1720 3910 1815 3974 Siata-s
1835 3911 1882 3971 vt-

1174 4000 1341 4061 situtorcm
1355 4002 1572 4076 apostoticam
1588 4009 1618 4064 et
1630 4004 1785 4082 Legatum
1800 4021 1819 4065 a
1835 4004 1881 4066 ta-

1176 4099 1240 4154 tere
1268 4094 1391 4165 mittit;
1420 4094 1559 4157 ostendit
1586 4097 1781 4174 aequitatem
1809 4113 1880 4158 coa-

1174 4186 1361 4248 stitutionis
1383 4187 1470 4249 31133
1491 4189 1579 4250 ritas
1602 4190 1748 4252 Siccnses
1768 4189 1823 4270 (l).

1134 4466 1224 4502 curam
1240 4457 1416 4511 extendentes,
1427 4468 1473 4514 per
1488 4457 1555 4502 alias
1573 4458 1675 4501 nostras
1691 4457 1718 4501 in
1734 4457 1816 4502 simili
1831 4457 1879 4502 sor-

1135 4533 1178 4568 ma
1193 4523 1281 4568 Brevis
1300 4524 1401 4578 literas,
1420 4535 1534 4581 quarum
1557 4527 1675 4568 tenorem
1697 4525 1879 4580 praesentibus

1134 4591 1227 4636 baberi
1249 4591 1369 4636 volumus
1391 4601 1438 4647 pro
1456 4601 1586 4647 expresso,
1601 4593 1627 4636 13
1642 4594 1803 4638 nostramet
1818 4598 1879 4649 333

1134 4657 1243 4702 statinae
1260 4657 1333 4701 sedis
1355 4657 1566 4703 3311113133311333
1582 4661 1607 4702 31
1623 4659 1787 4703 visitatorem
1803 4659 1829 4704 in
1845 4659 1880 4702 Si-

1134 4735 1228 4768 narum
1244 4724 1356 4780 imperio
1370 4724 1482 4781 aliisque
1498 4724 1632 4769 indiarum
1647 4726 1822 4771 Orientalium
1841 4738 1880 4770 re-

1133 4792 1192 4846 guis
1207 4797 1233 4836 et
1248 4791 1350 4846 insutis,
1365 4804 1424 4837 cum
1440 4795 1570 4848 potestate
1585 4793 1666 4838 311333
1683 4794 1766 4839 1333111
1777 4795 1880 4840 eteius-

1133 4859 1191 4903 dem
1207 4858 1279 4903 83313
1293 4859 1324 4904 de
1339 4859 1423 4904 latere
1439 4860 1537 4916 Legati,
1547 4872 1578 4906 ac
1588 4861 1699 4906 diversis
1709 4861 1879 4908 facrrltatibus

1134 4927 1159 4968 et
1175 4925 1284 4970 indultis
1299 4926 1523 4981 corastituerimus,
1538 4930 1564 4972 et
1578 4927 1805 4984 deputaverinrus3
1821 4929 1879 4974 lieri

1134 5003 1195 5037 vero
1210 4992 1299 5048 possit,
1315 4995 1344 5037 nt
1359 5004 1406 5048 pro
1420 4993 1578 5049 specialibus
1595 4994 1808 5039 cbristitidelium
1824 4994 1880 5040 illa·

1134 5071 1165 5102 rn
1170 5071 1194 5102 111
1205 5060 1322 5116 partium
1332 5060 1532 5105 necessitatibus
1543 5061 1646 5116 aliquos
1656 5073 1686 5105 ex
1696 5061 1806 5107 vicariis
1817 5067 1879 5118 Apo

1136 5127 1237 5172 stolicis
1258 5127 1354 5170 ibidem
1377 5127 1538 5182 constitutis,
1560 5139 1606 5172 seu
1621 5128 1701 5174 etiarn
1716 5139 1732 5174 a
1747 5131 1772 5174 te
1786 5129 1880 5174 3311311-
1916 5167 1918 5172 .

1134 5193 1246 5247 tuendis,
1258 5193 1284 5238 iu
1297 5193 1434 5250 Episcopus
1449 5194 1600 5251 aliquarum
1615 5195 1794 5250 ecclesiarum,
1806 5197 1833 5240 in
1844 5197 1880 5242 iu·

1135 5259 1250 5305 tideliurn
1266 5260 1385 5316 partibus
1400 5260 1600 5306 consistentium
1613 5262 1769 5317 quantocius
1780 5273 1880 5318 promo-

1135 5326 1188 5372 veri
1202 5327 1329 5384 expediat.
1347 5331 1395 5371 Nos
1406 5327 1486 5372 saluti
1497 5328 1656 5382 animarum,
1666 5332 1795 5384 quantum
1805 5329 1879 5374 nobis

1134 5395 1233 5440 3113113
1250 5393 1410 5450 coraceditur,
1431 5395 1606 5451 peramplius
1620 5395 1755 5451 providere
1776 5396 1879 5452 cupien-

1135 5466 1182 5516 tes,
1198 5465 1274 5518 teque
1289 5474 1305 5508 a
1319 5461 1455 5518 quibusvis
1474 5461 1758 5517 excornmunicationis‚
1774 5475 1879 5520 suspen-
1960 5455 1962 5462 '

1135 5529 1216 5574 sionis
1228 5531 1252 5574 et
1264 5529 1405 5582 interdicti,
1416 5529 1528 5584 aliisque
1539 5529 1720 5574 ecclesiasticis
1731 5529 1878 5584 sententiis,

1134 5595 1252 5641 censuris
1266 5599 1292 5640 et
1307 5595 1404 5651 poenis,
1419 5607 1435 5640 a
1449 5596 1507 5640 iure
1520 5595 1560 5639 vel
1571 5595 1604 5640 ab
1615 5595 1728 5651 bomine,
1740 5597 1831 5652 quasvis
1842 5609 1880 5642 oc·

1134 5663 1238 5708 sasione
1253 5663 1293 5706 vel
1308 5661 1471 5717 masclatis,
1488 5661 1510 5704 si
1525 5661 1620 5716 quibus
1635 5663 1828 5718 quomodolibet
1843 5663 1880 5708 in-

1135 5730 1247 5774 nodatus
1261 5727 1360 5784 existis,
1374 5728 1407 5773 ed
1422 5728 1542 5772 ellectum
1553 5728 1731 5784 praesentiunt
1741 5730 1879 5775 dumtaxat

1134 5795 1353 5851 consequendum,
1368 5795 1464 5840 13313111
1480 5795 1547 5839 33113
1562 5795 1726 5840 absolventes
1741 5799 1766 5840 et
1778 5797 1880 5842 absolu-

1136 5865 1192 5906 tura
1207 5862 1260 5906 1313
1270 5865 1413 5916 censentes,
1424 5862 1455 5906 de
1466 5863 1680 5918 congregationis
1691 5863 1879 5908 nonnullorum

1135 5941 1165 5974 ex
1181 5928 1374 5974 ververabilibns
1388 5927 1514 5972 tratribus
1529 5927 1625 5973 nostris
1641 5933 1663 5972 S.
1675 5932 1703 5973 a.
1716 5933 1743 5973 n.
1760 5931 1880 5976 cardina·

1135 5994 1203 6040 111133
1219 5994 1330 6050 negantis
1344 5995 1528 6052 propagandae
1543 5994 1612 6040 Fidei
1631 5997 1786 6054 praepositis
1801 6009 1880 6054 super

1802 597 1857 660 331
1911 596 1963 648 An.
1977 597 2008 650 0.
2030 597 2096 648 1719
