<?xml version="1.0" encoding="UTF-8"?>
<!DOCTYPE html PUBLIC "-//W3C//DTD XHTML 1.0 Transitional//EN"
    "http://www.w3.org/TR/xhtml1/DTD/xhtml1-transitional.dtd">
<html xmlns="http://www.w3.org/1999/xhtml" xml:lang="en" lang="en">
 <head>
  <title>
</title>
<meta http-equiv="Content-Type" content="text/html;charset=utf-8" />
  <meta name='ocr-system' content='tesseract 3.04.00' />
  <meta name='ocr-capabilities' content='ocr_page ocr_carea ocr_par ocr_line ocrx_word'/>
</head>
<body>
  <div class='ocr_page' id='page_1' title='image "./iurispontificii04martgoog_0359.png"; bbox 0 0 4836 6998; ppageno 0'>
   <div class='ocr_carea' id='block_1_1' title="bbox 116 1975 219 2031">
    <p class='ocr_par' dir='ltr' id='par_1_1' title="bbox 116 1975 219 2031">
     <span class='ocr_line' id='line_1_1' title="bbox 116 1975 219 2031; baseline 0.01 -11"><span class='ocrx_word' id='word_1_1' title='bbox 116 1975 219 2031; x_wconf 75' lang='lat' dir='ltr'><strong>probat</strong></span> 
     </span>
    </p>
   </div>
   <div class='ocr_carea' id='block_1_2' title="bbox 145 3969 288 4016">
    <p class='ocr_par' dir='ltr' id='par_1_2' title="bbox 145 3969 288 4016">
     <span class='ocr_line' id='line_1_2' title="bbox 145 3969 288 4016; baseline 0.014 -2"><span class='ocrx_word' id='word_1_2' title='bbox 145 3969 288 4016; x_wconf 83' lang='lat' dir='ltr'><strong>clausulae-</strong></span> 
     </span>
    </p>
   </div>
   <div class='ocr_carea' id='block_1_3' title="bbox 979 585 1277 634">
    <p class='ocr_par' dir='ltr' id='par_1_3' title="bbox 979 585 1277 634">
     <span class='ocr_line' id='line_1_3' title="bbox 979 585 1277 634; baseline 0.003 -1"><span class='ocrx_word' id='word_1_3' title='bbox 979 587 1186 634; x_wconf 76' lang='lat' dir='ltr'><strong>innocencius</strong></span> <span class='ocrx_word' id='word_1_4' title='bbox 1210 585 1277 634; x_wconf 84' lang='lat' dir='ltr'><strong>ttttt.</strong></span> 
     </span>
    </p>
   </div>
   <div class='ocr_carea' id='block_1_4' title="bbox 352 703 1102 1432">
    <p class='ocr_par' dir='ltr' id='par_1_4' title="bbox 352 703 1102 1136">
     <span class='ocr_line' id='line_1_4' title="bbox 353 703 1102 784; baseline 0.001 -19"><span class='ocrx_word' id='word_1_5' title='bbox 353 717 427 765; x_wconf 90' lang='lat' dir='ltr'><strong>eum</strong></span> <span class='ocrx_word' id='word_1_6' title='bbox 440 703 613 778; x_wconf 86' lang='lat' dir='ltr'><strong>coadiuvet,</strong></span> <span class='ocrx_word' id='word_1_7' title='bbox 630 712 661 765; x_wconf 90' lang='lat' dir='ltr'><strong>et</strong></span> <span class='ocrx_word' id='word_1_8' title='bbox 676 704 770 784; x_wconf 79' lang='lat' dir='ltr'><strong>petiti</strong></span> <span class='ocrx_word' id='word_1_9' title='bbox 785 706 872 768; x_wconf 77' lang='lat' dir='ltr'><strong>soliti</strong></span> <span class='ocrx_word' id='word_1_10' title='bbox 887 705 1102 768; x_wconf 89' lang='lat' dir='ltr'><strong>benedictione</strong></span> 
     </span>
     <span class='ocr_line' id='line_1_5' title="bbox 352 796 1099 875; baseline 0.004 -21"><span class='ocrx_word' id='word_1_11' title='bbox 352 812 368 854; x_wconf 90' lang='lat' dir='ltr'><strong>a</strong></span> <span class='ocrx_word' id='word_1_12' title='bbox 389 796 549 875; x_wconf 91' lang='lat' dir='ltr'><strong>superiore</strong></span> <span class='ocrx_word' id='word_1_13' title='bbox 578 796 666 858; x_wconf 91' lang='lat' dir='ltr'><strong>locali</strong></span> <span class='ocrx_word' id='word_1_14' title='bbox 687 813 704 860; x_wconf 93' lang='lat' dir='ltr'><strong>e</strong></span> <span class='ocrx_word' id='word_1_15' title='bbox 726 807 884 860; x_wconf 90' lang='lat' dir='ltr'><strong>conventu</strong></span> <span class='ocrx_word' id='word_1_16' title='bbox 913 805 1016 860; x_wconf 87' lang='lat' dir='ltr'><strong>exeat:</strong></span> <span class='ocrx_word' id='word_1_17' title='bbox 1047 799 1099 874; x_wconf 91' lang='lat' dir='ltr'><strong>qui</strong></span> 
     </span>
     <span class='ocr_line' id='line_1_6' title="bbox 352 888 1100 968; baseline 0.005 -20"><span class='ocrx_word' id='word_1_18' title='bbox 352 888 476 966; x_wconf 87' lang='lat' dir='ltr'><strong>quidem</strong></span> <span class='ocrx_word' id='word_1_19' title='bbox 490 898 670 966; x_wconf 88' lang='lat' dir='ltr'><strong>procurator</strong></span> <span class='ocrx_word' id='word_1_20' title='bbox 685 890 733 952; x_wconf 89' lang='lat' dir='ltr'><strong>vel</strong></span> <span class='ocrx_word' id='word_1_21' title='bbox 749 905 804 968; x_wconf 90' lang='lat' dir='ltr'><strong>per</strong></span> <span class='ocrx_word' id='word_1_22' title='bbox 818 891 1005 952; x_wconf 81' lang='lat' dir='ltr'><strong>sexennium</strong></span> <span class='ocrx_word' id='word_1_23' title='bbox 1018 905 1100 952; x_wconf 87' lang='lat' dir='ltr'><strong>com·</strong></span> 
     </span>
     <span class='ocr_line' id='line_1_7' title="bbox 352 981 1100 1062; baseline 0.004 -21"><span class='ocrx_word' id='word_1_24' title='bbox 352 981 472 1058; x_wconf 91' lang='lat' dir='ltr'><strong>pletum</strong></span> <span class='ocrx_word' id='word_1_25' title='bbox 486 981 577 1044; x_wconf 90' lang='lat' dir='ltr'><strong>fuerit</strong></span> <span class='ocrx_word' id='word_1_26' title='bbox 589 982 772 1062; x_wconf 71' lang='lat' dir='ltr'><strong>praefectus,</strong></span> <span class='ocrx_word' id='word_1_27' title='bbox 787 982 836 1044; x_wconf 91' lang='lat' dir='ltr'><strong>vel</strong></span> <span class='ocrx_word' id='word_1_28' title='bbox 849 998 903 1062; x_wconf 92' lang='lat' dir='ltr'><strong>per</strong></span> <span class='ocrx_word' id='word_1_29' title='bbox 914 983 1100 1046; x_wconf 89' lang='lat' dir='ltr'><strong>decennium</strong></span> 
     </span>
     <span class='ocr_line' id='line_1_8' title="bbox 353 1073 578 1136; baseline -0.009 -2"><span class='ocrx_word' id='word_1_30' title='bbox 353 1073 578 1136; x_wconf 90' lang='lat' dir='ltr'><strong>missionarius.</strong></span> 
     </span>
    </p>

    <p class='ocr_par' dir='ltr' id='par_1_5' title="bbox 352 1167 1101 1432">
     <span class='ocr_line' id='line_1_9' title="bbox 393 1167 1101 1244; baseline 0.006 -18"><span class='ocrx_word' id='word_1_31' title='bbox 393 1181 483 1227; x_wconf 87' lang='lat' dir='ltr'><strong>xvuv.</strong></span> <span class='ocrx_word' id='word_1_32' title='bbox 502 1168 536 1228; x_wconf 92' lang='lat' dir='ltr'><strong>ln</strong></span> <span class='ocrx_word' id='word_1_33' title='bbox 552 1167 590 1228; x_wconf 89' lang='lat' dir='ltr'><strong>iis</strong></span> <span class='ocrx_word' id='word_1_34' title='bbox 604 1167 750 1230; x_wconf 91' lang='lat' dir='ltr'><strong>omuibus</strong></span> <span class='ocrx_word' id='word_1_35' title='bbox 765 1168 797 1232; x_wconf 91' lang='lat' dir='ltr'><strong>S.</strong></span> <span class='ocrx_word' id='word_1_36' title='bbox 811 1167 1019 1244; x_wconf 77' lang='lat' dir='ltr'><strong>congregato</strong></span> <span class='ocrx_word' id='word_1_37' title='bbox 1029 1183 1101 1230; x_wconf 89' lang='lat' dir='ltr'><strong>con·</strong></span> 
     </span>
     <span class='ocr_line' id='line_1_10' title="bbox 352 1260 1101 1338; baseline 0.003 -18"><span class='ocrx_word' id='word_1_38' title='bbox 352 1260 513 1322; x_wconf 89' lang='lat' dir='ltr'><strong>scientiam</strong></span> <span class='ocrx_word' id='word_1_39' title='bbox 543 1261 638 1338; x_wconf 89' lang='lat' dir='ltr'><strong>patris</strong></span> <span class='ocrx_word' id='word_1_40' title='bbox 667 1261 820 1338; x_wconf 86' lang='lat' dir='ltr'><strong>generalis</strong></span> <span class='ocrx_word' id='word_1_41' title='bbox 848 1269 1007 1322; x_wconf 82' lang='lat' dir='ltr'>oneratam</span> <span class='ocrx_word' id='word_1_42' title='bbox 1035 1277 1101 1322; x_wconf 91' lang='lat' dir='ltr'><strong>esse</strong></span> 
     </span>
     <span class='ocr_line' id='line_1_11' title="bbox 352 1353 1099 1432; baseline 0.005 -20"><span class='ocrx_word' id='word_1_43' title='bbox 352 1353 470 1427; x_wconf 91' lang='lat' dir='ltr'><strong>voluit,</strong></span> <span class='ocrx_word' id='word_1_44' title='bbox 503 1354 631 1431; x_wconf 87' lang='lat' dir='ltr'><strong>eiusque</strong></span> <span class='ocrx_word' id='word_1_45' title='bbox 659 1355 787 1416; x_wconf 89' lang='lat' dir='ltr'><strong>arbitrio</strong></span> <span class='ocrx_word' id='word_1_46' title='bbox 812 1354 939 1432; x_wconf 92' lang='lat' dir='ltr'><strong>reliquit</strong></span> <span class='ocrx_word' id='word_1_47' title='bbox 965 1355 1021 1416; x_wconf 91' lang='lat' dir='ltr'><strong>alia</strong></span> <span class='ocrx_word' id='word_1_48' title='bbox 1041 1361 1099 1416; x_wconf 92' lang='lat' dir='ltr'><strong>sta-</strong></span> 
     </span>
    </p>
   </div>
   <div class='ocr_carea' id='block_1_5' title="bbox 352 1446 1101 1808">
    <p class='ocr_par' dir='ltr' id='par_1_6' title="bbox 352 1446 1101 1808">
     <span class='ocr_line' id='line_1_12' title="bbox 358 1446 1101 1526; baseline 0.007 -21"><span class='ocrx_word' id='word_1_49' title='bbox 358 1446 464 1506; x_wconf 88' lang='lat' dir='ltr'><strong>tuendi</strong></span> <span class='ocrx_word' id='word_1_50' title='bbox 487 1446 683 1526; x_wconf 88' lang='lat' dir='ltr'><strong>(supradictis</strong></span> <span class='ocrx_word' id='word_1_51' title='bbox 706 1455 809 1510; x_wconf 88' lang='lat' dir='ltr'><strong>tamen</strong></span> <span class='ocrx_word' id='word_1_52' title='bbox 824 1449 923 1510; x_wconf 91' lang='lat' dir='ltr'><strong>firmis</strong></span> <span class='ocrx_word' id='word_1_53' title='bbox 938 1464 1101 1510; x_wconf 88' lang='lat' dir='ltr'><strong>remanen-</strong></span> 
     </span>
     <span class='ocr_line' id='line_1_13' title="bbox 353 1537 1098 1620; baseline 0.004 -20"><span class='ocrx_word' id='word_1_54' title='bbox 353 1537 448 1618; x_wconf 82' lang='lat' dir='ltr'>tibus)</span> <span class='ocrx_word' id='word_1_55' title='bbox 471 1548 538 1601; x_wconf 88' lang='lat' dir='ltr'><strong>tum</strong></span> <span class='ocrx_word' id='word_1_56' title='bbox 549 1548 688 1604; x_wconf 79' lang='lat' dir='ltr'>exactam</span> <span class='ocrx_word' id='word_1_57' title='bbox 704 1540 880 1617; x_wconf 82' lang='lat' dir='ltr'><strong>regularem</strong></span> <span class='ocrx_word' id='word_1_58' title='bbox 895 1540 1098 1620; x_wconf 82' lang='lat' dir='ltr'>disciplinam,</span> 
     </span>
     <span class='ocr_line' id='line_1_14' title="bbox 354 1631 1100 1712; baseline 0.007 -20"><span class='ocrx_word' id='word_1_59' title='bbox 354 1639 419 1692; x_wconf 87' lang='lat' dir='ltr'><strong>turn</strong></span> <span class='ocrx_word' id='word_1_60' title='bbox 441 1631 617 1696; x_wconf 91' lang='lat' dir='ltr'><strong>studiorum</strong></span> <span class='ocrx_word' id='word_1_61' title='bbox 638 1633 811 1712; x_wconf 90' lang='lat' dir='ltr'><strong>profectum</strong></span> <span class='ocrx_word' id='word_1_62' title='bbox 830 1635 1048 1698; x_wconf 76' lang='lat' dir='ltr'><strong>concernentia</strong></span> <span class='ocrx_word' id='word_1_63' title='bbox 1070 1641 1100 1697; x_wconf 93' lang='lat' dir='ltr'><strong>et</strong></span> 
     </span>
     <span class='ocr_line' id='line_1_15' title="bbox 352 1725 1068 1808; baseline 0.004 -24"><span class='ocrx_word' id='word_1_64' title='bbox 352 1725 389 1786; x_wconf 87' lang='lat' dir='ltr'><strong>ab</strong></span> <span class='ocrx_word' id='word_1_65' title='bbox 410 1725 515 1787; x_wconf 90' lang='lat' dir='ltr'><strong>eadem</strong></span> <span class='ocrx_word' id='word_1_66' title='bbox 538 1725 568 1788; x_wconf 91' lang='lat' dir='ltr'><strong>S.</strong></span> <span class='ocrx_word' id='word_1_67' title='bbox 593 1725 844 1804; x_wconf 79' lang='lat' dir='ltr'><strong>congregatione</strong></span> <span class='ocrx_word' id='word_1_68' title='bbox 866 1728 1068 1808; x_wconf 87' lang='lat' dir='ltr'><strong>approbanda.</strong></span> 
     </span>
    </p>
   </div>
   <div class='ocr_carea' id='block_1_6' title="bbox 159 1909 1100 1991">
    <p class='ocr_par' dir='ltr' id='par_1_7' title="bbox 159 1909 1100 1991">
     <span class='ocr_line' id='line_1_16' title="bbox 159 1909 1100 1991; baseline 0.01 -25"><span class='ocrx_word' id='word_1_69' title='bbox 159 1921 271 1976; x_wconf 75' lang='lat' dir='ltr'><strong>negatas</strong></span> <span class='ocrx_word' id='word_1_70' title='bbox 289 1929 333 1978; x_wconf 74' lang='lat' dir='ltr'><strong>aa·</strong></span> <span class='ocrx_word' id='word_1_71' title='bbox 392 1912 411 1983; x_wconf 62' lang='grc' dir='ltr'><strong>ἓ</strong></span> <span class='ocrx_word' id='word_1_72' title='bbox 432 1909 461 1971; x_wconf 87' lang='grc'><strong>3.</strong></span> <span class='ocrx_word' id='word_1_73' title='bbox 485 1911 565 1972; x_wconf 84' lang='lat' dir='ltr'><strong>Cum</strong></span> <span class='ocrx_word' id='word_1_74' title='bbox 587 1919 703 1986; x_wconf 87' lang='lat' dir='ltr'><strong>antem,</strong></span> <span class='ocrx_word' id='word_1_75' title='bbox 726 1913 806 1974; x_wconf 87' lang='lat' dir='ltr'><strong>sicut</strong></span> <span class='ocrx_word' id='word_1_76' title='bbox 826 1913 933 1976; x_wconf 88' lang='lat' dir='ltr'><strong>eadem</strong></span> <span class='ocrx_word' id='word_1_77' title='bbox 949 1914 1100 1991; x_wconf 81' lang='lat' dir='ltr'>expositio</span> 
     </span>
    </p>
   </div>
   <div class='ocr_carea' id='block_1_7' title="bbox 345 2003 1102 4680">
    <p class='ocr_par' dir='ltr' id='par_1_8' title="bbox 345 2003 1101 3920">
     <span class='ocr_line' id='line_1_17' title="bbox 351 2003 1099 2082; baseline 0.003 -18"><span class='ocrx_word' id='word_1_78' title='bbox 351 2003 569 2079; x_wconf 89' lang='lat' dir='ltr'><strong>subiungebat,</strong></span> <span class='ocrx_word' id='word_1_79' title='bbox 591 2004 718 2082; x_wconf 87' lang='lat' dir='ltr'><strong>praefati</strong></span> <span class='ocrx_word' id='word_1_80' title='bbox 740 2004 928 2079; x_wconf 75' lang='lat' dir='ltr'><strong>cardinales,</strong></span> <span class='ocrx_word' id='word_1_81' title='bbox 951 2005 1027 2068; x_wconf 82' lang='lat' dir='ltr'><strong>facti</strong></span> <span class='ocrx_word' id='word_1_82' title='bbox 1042 2007 1099 2068; x_wconf 93' lang='lat' dir='ltr'><strong>sibi</strong></span> 
     </span>
     <span class='ocr_line' id='line_1_18' title="bbox 352 2095 1099 2178; baseline 0.005 -22"><span class='ocrx_word' id='word_1_83' title='bbox 352 2112 408 2174; x_wconf 87' lang='lat' dir='ltr'><strong>per</strong></span> <span class='ocrx_word' id='word_1_84' title='bbox 429 2111 501 2158; x_wconf 90' lang='lat' dir='ltr'><strong>ven.</strong></span> <span class='ocrx_word' id='word_1_85' title='bbox 516 2095 553 2158; x_wconf 89' lang='grc' dir='ltr'><strong>ιι.</strong></span> <span class='ocrx_word' id='word_1_86' title='bbox 570 2097 697 2159; x_wconf 87' lang='lat' dir='ltr'><strong>Petrum</strong></span> <span class='ocrx_word' id='word_1_87' title='bbox 713 2097 874 2176; x_wconf 86' lang='lat' dir='ltr'><strong>hloysium</strong></span> <span class='ocrx_word' id='word_1_88' title='bbox 889 2098 1099 2178; x_wconf 83' lang='lat' dir='ltr'><strong>hrchiepisco·</strong></span> 
     </span>
     <span class='ocr_line' id='line_1_19' title="bbox 352 2189 1099 2268; baseline 0.004 -18"><span class='ocrx_word' id='word_1_89' title='bbox 352 2205 428 2267; x_wconf 91' lang='grc' dir='ltr'>ριιιιι</span> <span class='ocrx_word' id='word_1_90' title='bbox 449 2189 585 2251; x_wconf 84' lang='lat' dir='ltr'><strong>Larissae</strong></span> <span class='ocrx_word' id='word_1_91' title='bbox 612 2190 819 2254; x_wconf 79' lang='lat' dir='ltr'><strong>secretarium</strong></span> <span class='ocrx_word' id='word_1_92' title='bbox 842 2191 1099 2268; x_wconf 82' lang='lat' dir='ltr'><strong>congregationis</strong></span> 
     </span>
     <span class='ocr_line' id='line_1_20' title="bbox 352 2281 1099 2360; baseline 0.003 -16"><span class='ocrx_word' id='word_1_93' title='bbox 352 2283 532 2344; x_wconf 90' lang='lat' dir='ltr'><strong>eorumdem</strong></span> <span class='ocrx_word' id='word_1_94' title='bbox 548 2281 770 2356; x_wconf 75' lang='lat' dir='ltr'><strong>cardinalium,</strong></span> <span class='ocrx_word' id='word_1_95' title='bbox 787 2283 928 2344; x_wconf 91' lang='lat' dir='ltr'><strong>omnium</strong></span> <span class='ocrx_word' id='word_1_96' title='bbox 946 2291 978 2344; x_wconf 91' lang='lat' dir='ltr'><strong>et</strong></span> <span class='ocrx_word' id='word_1_97' title='bbox 992 2283 1099 2360; x_wconf 87' lang='lat' dir='ltr'><strong>singu-</strong></span> 
     </span>
     <span class='ocr_line' id='line_1_21' title="bbox 352 2373 1099 2450; baseline 0.007 -16"><span class='ocrx_word' id='word_1_98' title='bbox 352 2375 451 2435; x_wconf 87' lang='lat' dir='ltr'><strong>larum</strong></span> <span class='ocrx_word' id='word_1_99' title='bbox 474 2373 665 2450; x_wconf 80' lang='lat' dir='ltr'><strong>Regularum</strong></span> <span class='ocrx_word' id='word_1_100' title='bbox 687 2374 865 2438; x_wconf 91' lang='lat' dir='ltr'><strong>huiusmodi</strong></span> <span class='ocrx_word' id='word_1_101' title='bbox 886 2374 1030 2438; x_wconf 83' lang='lat' dir='ltr'><strong>dIstiuctd</strong></span> <span class='ocrx_word' id='word_1_102' title='bbox 1052 2392 1099 2438; x_wconf 93' lang='lat' dir='ltr'><strong>re·</strong></span> 
     </span>
     <span class='ocr_line' id='line_1_22' title="bbox 351 2467 1100 2547; baseline 0.004 -18"><span class='ocrx_word' id='word_1_103' title='bbox 351 2467 477 2540; x_wconf 87' lang='lat' dir='ltr'><strong>latione,</strong></span> <span class='ocrx_word' id='word_1_104' title='bbox 501 2467 643 2528; x_wconf 88' lang='lat' dir='ltr'><strong>unanimi</strong></span> <span class='ocrx_word' id='word_1_105' title='bbox 667 2483 820 2530; x_wconf 90' lang='lat' dir='ltr'><strong>consensu</strong></span> <span class='ocrx_word' id='word_1_106' title='bbox 842 2469 910 2530; x_wconf 91' lang='lat' dir='ltr'><strong>illas</strong></span> <span class='ocrx_word' id='word_1_107' title='bbox 931 2470 1100 2547; x_wconf 88' lang='lat' dir='ltr'><strong>approban-</strong></span> 
     </span>
     <span class='ocr_line' id='line_1_23' title="bbox 352 2559 1098 2636; baseline 0.004 -15"><span class='ocrx_word' id='word_1_108' title='bbox 352 2569 408 2633; x_wconf 89' lang='lat' dir='ltr'><strong>tes,</strong></span> <span class='ocrx_word' id='word_1_109' title='bbox 421 2559 649 2621; x_wconf 85' lang='lat' dir='ltr'><strong>confirmandas</strong></span> <span class='ocrx_word' id='word_1_110' title='bbox 661 2575 727 2621; x_wconf 87' lang='lat' dir='ltr'><strong>esse</strong></span> <span class='ocrx_word' id='word_1_111' title='bbox 738 2561 936 2636; x_wconf 73' lang='lat' dir='ltr'><strong>censuerim,</strong></span> <span class='ocrx_word' id='word_1_112' title='bbox 952 2562 1026 2624; x_wconf 89' lang='lat' dir='ltr'><strong>hinc</strong></span> <span class='ocrx_word' id='word_1_113' title='bbox 1040 2568 1098 2636; x_wconf 89' lang='lat' dir='ltr'><strong>est,</strong></span> 
     </span>
     <span class='ocr_line' id='line_1_24' title="bbox 351 2651 1098 2730; baseline 0.005 -17"><span class='ocrx_word' id='word_1_114' title='bbox 351 2651 434 2730; x_wconf 92' lang='lat' dir='ltr'><strong>quod</strong></span> <span class='ocrx_word' id='word_1_115' title='bbox 449 2667 505 2714; x_wconf 88' lang='lat' dir='ltr'><strong>hos</strong></span> <span class='ocrx_word' id='word_1_116' title='bbox 525 2651 698 2714; x_wconf 87' lang='lat' dir='ltr'><strong>inviolabili</strong></span> <span class='ocrx_word' id='word_1_117' title='bbox 711 2656 891 2716; x_wconf 87' lang='lat' dir='ltr'><strong>earumdem</strong></span> <span class='ocrx_word' id='word_1_118' title='bbox 908 2654 1098 2730; x_wconf 81' lang='lat' dir='ltr'><strong>Regularum</strong></span> 
     </span>
     <span class='ocr_line' id='line_1_25' title="bbox 351 2744 1100 2826; baseline 0.007 -22"><span class='ocrx_word' id='word_1_119' title='bbox 351 2745 454 2806; x_wconf 92' lang='lat' dir='ltr'><strong>robori</strong></span> <span class='ocrx_word' id='word_1_120' title='bbox 473 2751 502 2806; x_wconf 91' lang='lat' dir='ltr'><strong>el</strong></span> <span class='ocrx_word' id='word_1_121' title='bbox 519 2744 669 2806; x_wconf 86' lang='lat' dir='ltr'><strong>eflicaciae</strong></span> <span class='ocrx_word' id='word_1_122' title='bbox 684 2744 848 2823; x_wconf 89' lang='lat' dir='ltr'><strong>providere</strong></span> <span class='ocrx_word' id='word_1_123' title='bbox 863 2746 1012 2822; x_wconf 88' lang='lat' dir='ltr'><strong>volentes,</strong></span> <span class='ocrx_word' id='word_1_124' title='bbox 1028 2764 1100 2826; x_wconf 91' lang='lat' dir='ltr'><strong>sup-</strong></span> 
     </span>
     <span class='ocr_line' id='line_1_26' title="bbox 345 2835 1099 2914; baseline 0.005 -18"><span class='ocrx_word' id='word_1_125' title='bbox 345 2835 567 2914; x_wconf 86' lang='lat' dir='ltr'><strong>plicationibus</strong></span> <span class='ocrx_word' id='word_1_126' title='bbox 588 2839 770 2900; x_wconf 87' lang='lat' dir='ltr'><strong>eorumdem</strong></span> <span class='ocrx_word' id='word_1_127' title='bbox 788 2839 996 2900; x_wconf 88' lang='lat' dir='ltr'><strong>Cardinalium</strong></span> <span class='ocrx_word' id='word_1_128' title='bbox 1012 2840 1099 2902; x_wconf 90' lang='lat' dir='ltr'><strong>nobis</strong></span> 
     </span>
     <span class='ocr_line' id='line_1_27' title="bbox 351 2929 1100 3009; baseline 0.005 -19"><span class='ocrx_word' id='word_1_129' title='bbox 351 2946 444 3007; x_wconf 91' lang='lat' dir='ltr'><strong>super</strong></span> <span class='ocrx_word' id='word_1_130' title='bbox 467 2931 522 2991; x_wconf 95' lang='lat' dir='ltr'><strong>hoc</strong></span> <span class='ocrx_word' id='word_1_131' title='bbox 544 2929 709 2992; x_wconf 89' lang='lat' dir='ltr'><strong>humiliter</strong></span> <span class='ocrx_word' id='word_1_132' title='bbox 730 2933 879 3009; x_wconf 75' lang='lat' dir='ltr'><strong>porrectis</strong></span> <span class='ocrx_word' id='word_1_133' title='bbox 894 2931 1030 3008; x_wconf 87' lang='lat' dir='ltr'><strong>benigne</strong></span> <span class='ocrx_word' id='word_1_134' title='bbox 1051 2934 1100 2994; x_wconf 92' lang='lat' dir='ltr'><strong>in-</strong></span> 
     </span>
     <span class='ocr_line' id='line_1_28' title="bbox 351 3021 1098 3101; baseline 0.003 -17"><span class='ocrx_word' id='word_1_135' title='bbox 351 3021 468 3096; x_wconf 88' lang='lat' dir='ltr'><strong>clinati,</strong></span> <span class='ocrx_word' id='word_1_136' title='bbox 491 3022 613 3084; x_wconf 90' lang='lat' dir='ltr'><strong>easdem</strong></span> <span class='ocrx_word' id='word_1_137' title='bbox 636 3025 837 3101; x_wconf 89' lang='lat' dir='ltr'><strong>praeinsertas</strong></span> <span class='ocrx_word' id='word_1_138' title='bbox 859 3024 1005 3101; x_wconf 79' lang='lat' dir='ltr'><strong>Regulos,</strong></span> <span class='ocrx_word' id='word_1_139' title='bbox 1026 3042 1098 3086; x_wconf 89' lang='lat' dir='ltr'><strong>cum</strong></span> 
     </span>
     <span class='ocr_line' id='line_1_29' title="bbox 351 3115 1100 3192; baseline 0.007 -17"><span class='ocrx_word' id='word_1_140' title='bbox 351 3115 496 3176; x_wconf 86' lang='lat' dir='ltr'><strong>omuibus</strong></span> <span class='ocrx_word' id='word_1_141' title='bbox 517 3123 548 3176; x_wconf 93' lang='lat' dir='ltr'><strong>et</strong></span> <span class='ocrx_word' id='word_1_142' title='bbox 567 3116 700 3192; x_wconf 86' lang='lat' dir='ltr'><strong>singulis</strong></span> <span class='ocrx_word' id='word_1_143' title='bbox 716 3116 746 3178; x_wconf 90' lang='lat' dir='ltr'><strong>iu</strong></span> <span class='ocrx_word' id='word_1_144' title='bbox 762 3117 807 3178; x_wconf 87' lang='lat' dir='ltr'><strong>eis</strong></span> <span class='ocrx_word' id='word_1_145' title='bbox 822 3119 976 3179; x_wconf 86' lang='lat' dir='ltr'><strong>contentis</strong></span> <span class='ocrx_word' id='word_1_146' title='bbox 997 3128 1100 3180; x_wconf 89' lang='lat' dir='ltr'><strong>auoto-</strong></span> 
     </span>
     <span class='ocr_line' id='line_1_30' title="bbox 352 3208 1101 3287; baseline 0.007 -19"><span class='ocrx_word' id='word_1_147' title='bbox 352 3208 760 3286; x_wconf 83' lang='lat' dir='ltr'><strong>1·ttateap0stotica,tenore</strong></span> <span class='ocrx_word' id='word_1_148' title='bbox 781 3211 1004 3287; x_wconf 87' lang='lat' dir='ltr'><strong>praesentium,</strong></span> <span class='ocrx_word' id='word_1_149' title='bbox 1028 3229 1101 3273; x_wconf 90' lang='lat' dir='ltr'><strong>cou-</strong></span> 
     </span>
     <span class='ocr_line' id='line_1_31' title="bbox 353 3303 1099 3381; baseline 0.003 -19"><span class='ocrx_word' id='word_1_150' title='bbox 353 3303 524 3377; x_wconf 86' lang='lat' dir='ltr'><strong>frrmamus,</strong></span> <span class='ocrx_word' id='word_1_151' title='bbox 541 3311 572 3364; x_wconf 86' lang='lat' dir='ltr'><strong>et</strong></span> <span class='ocrx_word' id='word_1_152' title='bbox 586 3303 800 3381; x_wconf 90' lang='lat' dir='ltr'><strong>approbamus,</strong></span> <span class='ocrx_word' id='word_1_153' title='bbox 825 3303 948 3381; x_wconf 92' lang='lat' dir='ltr'><strong>illisque</strong></span> <span class='ocrx_word' id='word_1_154' title='bbox 969 3305 1099 3366; x_wconf 88' lang='lat' dir='ltr'><strong>inviola-</strong></span> 
     </span>
     <span class='ocr_line' id='line_1_32' title="bbox 351 3393 1097 3473; baseline 0.003 -17"><span class='ocrx_word' id='word_1_155' title='bbox 351 3393 423 3456; x_wconf 89' lang='lat' dir='ltr'><strong>bilis</strong></span> <span class='ocrx_word' id='word_1_156' title='bbox 443 3395 626 3473; x_wconf 82' lang='lat' dir='ltr'><strong>apostolime</strong></span> <span class='ocrx_word' id='word_1_157' title='bbox 647 3395 801 3457; x_wconf 91' lang='lat' dir='ltr'><strong>firmitatis</strong></span> <span class='ocrx_word' id='word_1_158' title='bbox 815 3396 912 3456; x_wconf 93' lang='lat' dir='ltr'><strong>robur</strong></span> <span class='ocrx_word' id='word_1_159' title='bbox 926 3397 1097 3472; x_wconf 89' lang='lat' dir='ltr'><strong>adiicimus,</strong></span> 
     </span>
     <span class='ocr_line' id='line_1_33' title="bbox 351 3485 1093 3564; baseline 0.005 -17"><span class='ocrx_word' id='word_1_160' title='bbox 351 3505 386 3548; x_wconf 93' lang='lat' dir='ltr'><strong>ac</strong></span> <span class='ocrx_word' id='word_1_161' title='bbox 407 3504 514 3548; x_wconf 90' lang='lat' dir='ltr'><strong>omnes</strong></span> <span class='ocrx_word' id='word_1_162' title='bbox 534 3494 565 3550; x_wconf 91' lang='lat' dir='ltr'><strong>et</strong></span> <span class='ocrx_word' id='word_1_163' title='bbox 585 3485 725 3564; x_wconf 91' lang='lat' dir='ltr'><strong>singulos</strong></span> <span class='ocrx_word' id='word_1_164' title='bbox 754 3488 831 3548; x_wconf 87' lang='lat' dir='ltr'><strong>iuris</strong></span> <span class='ocrx_word' id='word_1_165' title='bbox 852 3497 883 3550; x_wconf 91' lang='lat' dir='ltr'><strong>et</strong></span> <span class='ocrx_word' id='word_1_166' title='bbox 904 3489 974 3550; x_wconf 87' lang='lat' dir='ltr'><strong>facti</strong></span> <span class='ocrx_word' id='word_1_167' title='bbox 999 3489 1093 3551; x_wconf 88' lang='lat' dir='ltr'><strong>deleo·</strong></span> 
     </span>
     <span class='ocr_line' id='line_1_34' title="bbox 353 3581 1100 3658; baseline 0.007 -17"><span class='ocrx_word' id='word_1_168' title='bbox 353 3587 413 3654; x_wconf 89' lang='lat' dir='ltr'><strong>tus,</strong></span> <span class='ocrx_word' id='word_1_169' title='bbox 435 3581 460 3641; x_wconf 92' lang='lat' dir='ltr'><strong>si</strong></span> <span class='ocrx_word' id='word_1_170' title='bbox 482 3581 536 3658; x_wconf 91' lang='lat' dir='ltr'><strong>qui</strong></span> <span class='ocrx_word' id='word_1_171' title='bbox 558 3581 690 3658; x_wconf 85' lang='lat' dir='ltr'><strong>desuper</strong></span> <span class='ocrx_word' id='word_1_172' title='bbox 711 3581 942 3658; x_wconf 86' lang='lat' dir='ltr'><strong>quomodolibet</strong></span> <span class='ocrx_word' id='word_1_173' title='bbox 964 3583 1100 3646; x_wconf 89' lang='lat' dir='ltr'><strong>interve-</strong></span> 
     </span>
     <span class='ocr_line' id='line_1_35' title="bbox 351 3671 1097 3753; baseline 0.004 -19"><span class='ocrx_word' id='word_1_174' title='bbox 351 3674 467 3747; x_wconf 88' lang='lat' dir='ltr'><strong>nerint,</strong></span> <span class='ocrx_word' id='word_1_175' title='bbox 489 3672 688 3752; x_wconf 78' lang='lat' dir='ltr'><strong>supplemus3</strong></span> <span class='ocrx_word' id='word_1_176' title='bbox 709 3671 792 3734; x_wconf 88' lang='lat' dir='ltr'><strong>salva</strong></span> <span class='ocrx_word' id='word_1_177' title='bbox 809 3685 911 3736; x_wconf 77' lang='lat' dir='ltr'><strong>tannen</strong></span> <span class='ocrx_word' id='word_1_178' title='bbox 927 3691 1049 3753; x_wconf 89' lang='lat' dir='ltr'><strong>semper</strong></span> <span class='ocrx_word' id='word_1_179' title='bbox 1064 3677 1097 3737; x_wconf 88' lang='lat' dir='ltr'><strong>in</strong></span> 
     </span>
     <span class='ocr_line' id='line_1_36' title="bbox 351 3766 1101 3845; baseline 0.004 -19"><span class='ocrx_word' id='word_1_180' title='bbox 351 3766 526 3843; x_wconf 85' lang='lat' dir='ltr'><strong>praemissis</strong></span> <span class='ocrx_word' id='word_1_181' title='bbox 540 3767 722 3828; x_wconf 85' lang='lat' dir='ltr'><strong>auctoritate</strong></span> <span class='ocrx_word' id='word_1_182' title='bbox 737 3767 907 3843; x_wconf 88' lang='lat' dir='ltr'><strong>praedictae</strong></span> <span class='ocrx_word' id='word_1_183' title='bbox 924 3769 1101 3845; x_wconf 73' lang='lat' dir='ltr'><strong>cougrega-</strong></span> 
     </span>
     <span class='ocr_line' id='line_1_37' title="bbox 352 3858 691 3920; baseline -0.003 -2"><span class='ocrx_word' id='word_1_184' title='bbox 352 3858 446 3920; x_wconf 88' lang='lat' dir='ltr'><strong>tionis</strong></span> <span class='ocrx_word' id='word_1_185' title='bbox 468 3858 691 3920; x_wconf 77' lang='lat' dir='ltr'><strong>CardinaIIum.</strong></span> 
     </span>
    </p>

    <p class='ocr_par' dir='ltr' id='par_1_9' title="bbox 349 3951 1102 4680">
     <span class='ocr_line' id='line_1_38' title="bbox 390 3951 1102 4031; baseline 0.001 -18"><span class='ocrx_word' id='word_1_186' title='bbox 390 3952 409 4025; x_wconf 70' lang='grc' dir='ltr'><strong>ἓ</strong></span> <span class='ocrx_word' id='word_1_187' title='bbox 430 3951 459 4014; x_wconf 77' lang='grc'><strong>4.</strong></span> <span class='ocrx_word' id='word_1_188' title='bbox 479 3952 700 4025; x_wconf 86' lang='lat' dir='ltr'><strong>Decernentes,</strong></span> <span class='ocrx_word' id='word_1_189' title='bbox 717 3951 840 4012; x_wconf 87' lang='lat' dir='ltr'><strong>easdem</strong></span> <span class='ocrx_word' id='word_1_190' title='bbox 864 3961 1044 4031; x_wconf 85' lang='lat' dir='ltr'><strong>praesentes</strong></span> <span class='ocrx_word' id='word_1_191' title='bbox 1067 3955 1102 4015; x_wconf 91' lang='lat' dir='ltr'><strong>ll·</strong></span> 
     </span>
     <span class='ocr_line' id='line_1_39' title="bbox 352 4045 1097 4124; baseline 0.007 -20"><span class='ocrx_word' id='word_1_192' title='bbox 352 4051 432 4106; x_wconf 86' lang='lat' dir='ltr'><strong>teras</strong></span> <span class='ocrx_word' id='word_1_193' title='bbox 453 4063 486 4106; x_wconf 91' lang='lat' dir='ltr'><strong>ac</strong></span> <span class='ocrx_word' id='word_1_194' title='bbox 501 4045 632 4122; x_wconf 84' lang='lat' dir='ltr'><strong>Regulos</strong></span> <span class='ocrx_word' id='word_1_195' title='bbox 648 4045 825 4106; x_wconf 89' lang='lat' dir='ltr'><strong>huiusmodi</strong></span> <span class='ocrx_word' id='word_1_196' title='bbox 841 4061 964 4124; x_wconf 92' lang='lat' dir='ltr'><strong>semper</strong></span> <span class='ocrx_word' id='word_1_197' title='bbox 985 4047 1097 4122; x_wconf 84' lang='lat' dir='ltr'><strong>firmas,</strong></span> 
     </span>
     <span class='ocr_line' id='line_1_40' title="bbox 351 4137 1097 4219; baseline 0.005 -21"><span class='ocrx_word' id='word_1_198' title='bbox 351 4137 464 4198; x_wconf 89' lang='lat' dir='ltr'><strong>validas</strong></span> <span class='ocrx_word' id='word_1_199' title='bbox 480 4145 511 4200; x_wconf 91' lang='lat' dir='ltr'><strong>et</strong></span> <span class='ocrx_word' id='word_1_200' title='bbox 526 4137 661 4200; x_wconf 88' lang='lat' dir='ltr'><strong>ellicaces</strong></span> <span class='ocrx_word' id='word_1_201' title='bbox 676 4139 810 4199; x_wconf 81' lang='lat' dir='ltr'><strong>existere</strong></span> <span class='ocrx_word' id='word_1_202' title='bbox 826 4146 856 4199; x_wconf 90' lang='lat' dir='ltr'><strong>et</strong></span> <span class='ocrx_word' id='word_1_203' title='bbox 871 4137 948 4212; x_wconf 89' lang='lat' dir='ltr'><strong>fore,</strong></span> <span class='ocrx_word' id='word_1_204' title='bbox 964 4155 1097 4219; x_wconf 91' lang='lat' dir='ltr'><strong>suosque</strong></span> 
     </span>
     <span class='ocr_line' id='line_1_41' title="bbox 351 4231 1097 4310; baseline 0.007 -19"><span class='ocrx_word' id='word_1_205' title='bbox 351 4231 504 4310; x_wconf 77' lang='lat' dir='ltr'><strong>planarios</strong></span> <span class='ocrx_word' id='word_1_206' title='bbox 519 4239 550 4292; x_wconf 91' lang='lat' dir='ltr'><strong>et</strong></span> <span class='ocrx_word' id='word_1_207' title='bbox 564 4231 703 4306; x_wconf 89' lang='lat' dir='ltr'><strong>integros</strong></span> <span class='ocrx_word' id='word_1_208' title='bbox 724 4231 851 4292; x_wconf 82' lang='lat' dir='ltr'><strong>effeetus</strong></span> <span class='ocrx_word' id='word_1_209' title='bbox 871 4233 974 4293; x_wconf 92' lang='lat' dir='ltr'><strong>sortiri</strong></span> <span class='ocrx_word' id='word_1_210' title='bbox 993 4241 1024 4295; x_wconf 89' lang='lat' dir='ltr'><strong>et</strong></span> <span class='ocrx_word' id='word_1_211' title='bbox 1045 4234 1097 4296; x_wconf 93' lang='lat' dir='ltr'><strong>ob·</strong></span> 
     </span>
     <span class='ocr_line' id='line_1_42' title="bbox 351 4322 1099 4404; baseline 0.007 -20"><span class='ocrx_word' id='word_1_212' title='bbox 351 4322 464 4397; x_wconf 88' lang='lat' dir='ltr'><strong>tinere,</strong></span> <span class='ocrx_word' id='word_1_213' title='bbox 487 4340 521 4386; x_wconf 88' lang='lat' dir='ltr'><strong>ac</strong></span> <span class='ocrx_word' id='word_1_214' title='bbox 542 4323 614 4398; x_wconf 91' lang='lat' dir='ltr'><strong>illis,</strong></span> <span class='ocrx_word' id='word_1_215' title='bbox 627 4325 662 4385; x_wconf 92' lang='lat' dir='ltr'><strong>ad</strong></span> <span class='ocrx_word' id='word_1_216' title='bbox 679 4341 756 4402; x_wconf 91' lang='lat' dir='ltr'><strong>quos</strong></span> <span class='ocrx_word' id='word_1_217' title='bbox 777 4332 892 4404; x_wconf 88' lang='lat' dir='ltr'><strong>spectat</strong></span> <span class='ocrx_word' id='word_1_218' title='bbox 907 4333 1004 4404; x_wconf 91' lang='lat' dir='ltr'><strong>etpro</strong></span> <span class='ocrx_word' id='word_1_219' title='bbox 1021 4335 1099 4388; x_wconf 86' lang='lat' dir='ltr'><strong>tern-</strong></span> 
     </span>
     <span class='ocr_line' id='line_1_43' title="bbox 350 4419 1097 4495; baseline 0.007 -19"><span class='ocrx_word' id='word_1_220' title='bbox 350 4432 424 4493; x_wconf 90' lang='lat' dir='ltr'><strong>pore</strong></span> <span class='ocrx_word' id='word_1_221' title='bbox 444 4419 704 4494; x_wconf 84' lang='lat' dir='ltr'><strong>quandocumque</strong></span> <span class='ocrx_word' id='word_1_222' title='bbox 722 4419 882 4495; x_wconf 86' lang='lat' dir='ltr'><strong>spectabit,</strong></span> <span class='ocrx_word' id='word_1_223' title='bbox 906 4419 937 4479; x_wconf 90' lang='grc' dir='ltr'><strong>ιιι</strong></span> <span class='ocrx_word' id='word_1_224' title='bbox 954 4419 1097 4481; x_wconf 91' lang='lat' dir='ltr'><strong>omnibus</strong></span> 
     </span>
     <span class='ocr_line' id='line_1_44' title="bbox 350 4508 1098 4587; baseline 0.005 -17"><span class='ocrx_word' id='word_1_225' title='bbox 350 4517 382 4570; x_wconf 90' lang='lat' dir='ltr'><strong>et</strong></span> <span class='ocrx_word' id='word_1_226' title='bbox 402 4525 458 4586; x_wconf 91' lang='lat' dir='ltr'><strong>per</strong></span> <span class='ocrx_word' id='word_1_227' title='bbox 485 4510 589 4572; x_wconf 89' lang='lat' dir='ltr'><strong>omnia</strong></span> <span class='ocrx_word' id='word_1_228' title='bbox 612 4508 791 4587; x_wconf 90' lang='lat' dir='ltr'><strong>plenissime</strong></span> <span class='ocrx_word' id='word_1_229' title='bbox 814 4511 986 4587; x_wconf 87' lang='lat' dir='ltr'><strong>suflragari,</strong></span> <span class='ocrx_word' id='word_1_230' title='bbox 1009 4521 1040 4574; x_wconf 90' lang='lat' dir='ltr'><strong>et</strong></span> <span class='ocrx_word' id='word_1_231' title='bbox 1061 4514 1098 4574; x_wconf 86' lang='lat' dir='ltr'><strong>ab</strong></span> 
     </span>
     <span class='ocr_line' id='line_1_45' title="bbox 349 4601 1098 4680; baseline 0.004 -19"><span class='ocrx_word' id='word_1_232' title='bbox 349 4601 392 4662; x_wconf 89' lang='lat' dir='ltr'><strong>eis</strong></span> <span class='ocrx_word' id='word_1_233' title='bbox 414 4603 585 4680; x_wconf 84' lang='lat' dir='ltr'><strong>respective</strong></span> <span class='ocrx_word' id='word_1_234' title='bbox 604 4601 824 4663; x_wconf 87' lang='lat' dir='ltr'><strong>inviolabiliter</strong></span> <span class='ocrx_word' id='word_1_235' title='bbox 844 4603 1017 4664; x_wconf 87' lang='lat' dir='ltr'><strong>observari:</strong></span> <span class='ocrx_word' id='word_1_236' title='bbox 1041 4605 1098 4664; x_wconf 92' lang='lat' dir='ltr'><strong>sio·</strong></span> 
     </span>
    </p>
   </div>
   <div class='ocr_carea' id='block_1_8' title="bbox 1823 567 2119 632">
    <p class='ocr_par' dir='ltr' id='par_1_10' title="bbox 1823 567 2119 632">
     <span class='ocr_line' id='line_1_46' title="bbox 1823 567 2119 632; baseline 0 -14"><span class='ocrx_word' id='word_1_237' title='bbox 1823 567 1880 632; x_wconf 79' lang='lat'><strong>351</strong></span> <span class='ocrx_word' id='word_1_238' title='bbox 1932 567 1985 618; x_wconf 76' lang='lat' dir='ltr'><strong>aa.</strong></span> <span class='ocrx_word' id='word_1_239' title='bbox 2001 569 2030 620; x_wconf 93' lang='lat' dir='ltr'><strong>c.</strong></span> <span class='ocrx_word' id='word_1_240' title='bbox 2052 567 2119 620; x_wconf 82' lang='lat'>1721</span> 
     </span>
    </p>
   </div>
   <div class='ocr_carea' id='block_1_9' title="bbox 1151 705 2132 4026">
    <p class='ocr_par' dir='ltr' id='par_1_11' title="bbox 1154 705 1902 1320">
     <span class='ocr_line' id='line_1_47' title="bbox 1157 705 1902 784; baseline 0.001 -18"><span class='ocrx_word' id='word_1_241' title='bbox 1157 722 1217 782; x_wconf 93' lang='lat' dir='ltr'><strong>que</strong></span> <span class='ocrx_word' id='word_1_242' title='bbox 1238 705 1270 767; x_wconf 92' lang='lat' dir='ltr'><strong>in</strong></span> <span class='ocrx_word' id='word_1_243' title='bbox 1292 706 1466 782; x_wconf 71' lang='lat' dir='ltr'><strong>praemisse</strong></span> <span class='ocrx_word' id='word_1_244' title='bbox 1481 722 1536 784; x_wconf 87' lang='lat' dir='ltr'><strong>per</strong></span> <span class='ocrx_word' id='word_1_245' title='bbox 1555 722 1768 784; x_wconf 88' lang='lat' dir='ltr'><strong>quoscumque</strong></span> <span class='ocrx_word' id='word_1_246' title='bbox 1786 706 1902 768; x_wconf 87' lang='lat' dir='ltr'><strong>iudices</strong></span> 
     </span>
     <span class='ocr_line' id='line_1_48' title="bbox 1156 798 1901 875; baseline 0.005 -17"><span class='ocrx_word' id='word_1_247' title='bbox 1156 798 1326 859; x_wconf 89' lang='lat' dir='ltr'><strong>ordinarios</strong></span> <span class='ocrx_word' id='word_1_248' title='bbox 1358 808 1388 860; x_wconf 93' lang='lat' dir='ltr'><strong>et</strong></span> <span class='ocrx_word' id='word_1_249' title='bbox 1417 799 1582 875; x_wconf 84' lang='lat' dir='ltr'><strong>delegatos,</strong></span> <span class='ocrx_word' id='word_1_250' title='bbox 1614 801 1708 862; x_wconf 90' lang='lat' dir='ltr'><strong>etiam</strong></span> <span class='ocrx_word' id='word_1_251' title='bbox 1740 814 1901 862; x_wconf 89' lang='lat' dir='ltr'><strong>causarum</strong></span> 
     </span>
     <span class='ocr_line' id='line_1_49' title="bbox 1156 889 1901 968; baseline 0.008 -20"><span class='ocrx_word' id='word_1_252' title='bbox 1156 889 1259 967; x_wconf 87' lang='lat' dir='ltr'><strong>palatii</strong></span> <span class='ocrx_word' id='word_1_253' title='bbox 1281 891 1437 968; x_wconf 89' lang='lat' dir='ltr'><strong>apostolici</strong></span> <span class='ocrx_word' id='word_1_254' title='bbox 1458 890 1624 966; x_wconf 89' lang='lat' dir='ltr'><strong>auditores,</strong></span> <span class='ocrx_word' id='word_1_255' title='bbox 1651 891 1777 954; x_wconf 90' lang='lat' dir='ltr'><strong>iudicari</strong></span> <span class='ocrx_word' id='word_1_256' title='bbox 1800 897 1830 954; x_wconf 91' lang='lat' dir='ltr'><strong>et</strong></span> <span class='ocrx_word' id='word_1_257' title='bbox 1850 891 1901 954; x_wconf 89' lang='lat' dir='ltr'><strong>de·</strong></span> 
     </span>
     <span class='ocr_line' id='line_1_50' title="bbox 1157 983 1901 1057; baseline 0.005 -15"><span class='ocrx_word' id='word_1_258' title='bbox 1157 983 1238 1044; x_wconf 84' lang='lat' dir='ltr'><strong>finiri</strong></span> <span class='ocrx_word' id='word_1_259' title='bbox 1262 983 1384 1057; x_wconf 92' lang='lat' dir='ltr'><strong>debere,</strong></span> <span class='ocrx_word' id='word_1_260' title='bbox 1406 999 1440 1045; x_wconf 92' lang='lat' dir='ltr'><strong>ac</strong></span> <span class='ocrx_word' id='word_1_261' title='bbox 1458 984 1582 1045; x_wconf 91' lang='lat' dir='ltr'><strong>irritum</strong></span> <span class='ocrx_word' id='word_1_262' title='bbox 1609 985 1747 1048; x_wconf 87' lang='lat' dir='ltr'><strong>etimne</strong></span> <span class='ocrx_word' id='word_1_263' title='bbox 1767 985 1792 1046; x_wconf 89' lang='lat' dir='ltr'><strong>si</strong></span> <span class='ocrx_word' id='word_1_264' title='bbox 1814 1001 1901 1047; x_wconf 92' lang='lat' dir='ltr'><strong>secus</strong></span> 
     </span>
     <span class='ocr_line' id='line_1_51' title="bbox 1155 1075 1900 1154; baseline 0.004 -19"><span class='ocrx_word' id='word_1_265' title='bbox 1155 1089 1249 1152; x_wconf 91' lang='lat' dir='ltr'><strong>super</strong></span> <span class='ocrx_word' id='word_1_266' title='bbox 1277 1075 1361 1136; x_wconf 90' lang='lat' dir='ltr'><strong>hisa</strong></span> <span class='ocrx_word' id='word_1_267' title='bbox 1387 1090 1544 1154; x_wconf 92' lang='lat' dir='ltr'><strong>quoquam</strong></span> <span class='ocrx_word' id='word_1_268' title='bbox 1569 1077 1677 1154; x_wconf 92' lang='lat' dir='ltr'><strong>quavis</strong></span> <span class='ocrx_word' id='word_1_269' title='bbox 1702 1075 1900 1150; x_wconf 88' lang='lat' dir='ltr'><strong>auctoritate,</strong></span> 
     </span>
     <span class='ocr_line' id='line_1_52' title="bbox 1154 1168 1901 1246; baseline 0.005 -19"><span class='ocrx_word' id='word_1_270' title='bbox 1154 1168 1289 1229; x_wconf 89' lang='lat' dir='ltr'><strong>scienter</strong></span> <span class='ocrx_word' id='word_1_271' title='bbox 1311 1168 1360 1230; x_wconf 90' lang='lat' dir='ltr'><strong>vel</strong></span> <span class='ocrx_word' id='word_1_272' title='bbox 1390 1168 1581 1245; x_wconf 80' lang='lat' dir='ltr'><strong>Ignorantes,</strong></span> <span class='ocrx_word' id='word_1_273' title='bbox 1612 1169 1777 1246; x_wconf 87' lang='lat' dir='ltr'><strong>contigerit</strong></span> <span class='ocrx_word' id='word_1_274' title='bbox 1803 1176 1901 1231; x_wconf 90' lang='lat' dir='ltr'><strong>atten-</strong></span> 
     </span>
     <span class='ocr_line' id='line_1_53' title="bbox 1157 1260 1224 1320; baseline -0.015 0"><span class='ocrx_word' id='word_1_275' title='bbox 1157 1260 1224 1320; x_wconf 87' lang='lat' dir='ltr'><strong>tari.</strong></span> 
     </span>
    </p>

    <p class='ocr_par' dir='ltr' id='par_1_12' title="bbox 1151 1351 2132 3008">
     <span class='ocr_line' id='line_1_54' title="bbox 1195 1351 2132 1427; baseline 0.002 -14"><span class='ocrx_word' id='word_1_276' title='bbox 1195 1353 1214 1427; x_wconf 65' lang='grc' dir='ltr'><strong>ἓ</strong></span> <span class='ocrx_word' id='word_1_277' title='bbox 1235 1351 1264 1413; x_wconf 87' lang='lat'><strong>5.</strong></span> <span class='ocrx_word' id='word_1_278' title='bbox 1288 1352 1358 1414; x_wconf 90' lang='lat' dir='ltr'><strong>Non</strong></span> <span class='ocrx_word' id='word_1_279' title='bbox 1376 1353 1567 1417; x_wconf 88' lang='lat' dir='ltr'><strong>obstantibus</strong></span> <span class='ocrx_word' id='word_1_280' title='bbox 1582 1354 1856 1418; x_wconf 85' lang='lat' dir='ltr'><strong>constitutionibus</strong></span> <span class='ocrx_word' id='word_1_281' title='bbox 1870 1359 1901 1416; x_wconf 91' lang='lat' dir='ltr'><strong>et</strong></span> <span class='ocrx_word' id='word_1_282' title='bbox 1941 1358 2132 1406; x_wconf 62' lang='lat' dir='ltr'><strong>contraimus-</strong></span> 
     </span>
     <span class='ocr_line' id='line_1_55' title="bbox 1155 1417 2000 1526; baseline 0.006 -22"><span class='ocrx_word' id='word_1_283' title='bbox 1155 1444 1400 1508; x_wconf 89' lang='lat' dir='ltr'><strong>ordinationibus</strong></span> <span class='ocrx_word' id='word_1_284' title='bbox 1410 1447 1593 1525; x_wconf 87' lang='lat' dir='ltr'><strong>apostolIcis,</strong></span> <span class='ocrx_word' id='word_1_285' title='bbox 1605 1463 1649 1520; x_wconf 90' lang='lat' dir='ltr'><strong>ac,</strong></span> <span class='ocrx_word' id='word_1_286' title='bbox 1662 1455 1815 1525; x_wconf 89' lang='lat' dir='ltr'><strong>quatenus</strong></span> <span class='ocrx_word' id='word_1_287' title='bbox 1826 1463 1901 1526; x_wconf 90' lang='lat' dir='ltr'><strong>opus</strong></span> <span class='ocrx_word' id='word_1_288' title='bbox 1920 1417 2000 1468; x_wconf 49' lang='grc' dir='ltr'><strong>ΝΜ</strong></span> 
     </span>
     <span class='ocr_line' id='line_1_56' title="bbox 1155 1536 1901 1617; baseline 0.005 -19"><span class='ocrx_word' id='word_1_289' title='bbox 1155 1536 1215 1610; x_wconf 89' lang='lat' dir='ltr'><strong>sit,</strong></span> <span class='ocrx_word' id='word_1_290' title='bbox 1252 1539 1479 1615; x_wconf 83' lang='lat' dir='ltr'><strong>praedictorum</strong></span> <span class='ocrx_word' id='word_1_291' title='bbox 1514 1538 1636 1602; x_wconf 89' lang='lat' dir='ltr'><strong>Ordinis</strong></span> <span class='ocrx_word' id='word_1_292' title='bbox 1669 1546 1701 1601; x_wconf 90' lang='lat' dir='ltr'><strong>et</strong></span> <span class='ocrx_word' id='word_1_293' title='bbox 1735 1555 1901 1617; x_wconf 86' lang='lat' dir='ltr'><strong>congrega·</strong></span> 
     </span>
     <span class='ocr_line' id='line_1_57' title="bbox 1155 1631 1900 1712; baseline 0.003 -18"><span class='ocrx_word' id='word_1_294' title='bbox 1155 1631 1248 1694; x_wconf 89' lang='lat' dir='ltr'><strong>tionis</strong></span> <span class='ocrx_word' id='word_1_295' title='bbox 1276 1631 1426 1708; x_wconf 90' lang='lat' dir='ltr'><strong>fratrum,</strong></span> <span class='ocrx_word' id='word_1_296' title='bbox 1449 1633 1578 1712; x_wconf 90' lang='lat' dir='ltr'><strong>aliisque</strong></span> <span class='ocrx_word' id='word_1_297' title='bbox 1605 1632 1783 1711; x_wconf 84' lang='lat' dir='ltr'><strong>quibusvis,</strong></span> <span class='ocrx_word' id='word_1_298' title='bbox 1805 1635 1900 1696; x_wconf 88' lang='lat' dir='ltr'><strong>etiam</strong></span> 
     </span>
     <span class='ocr_line' id='line_1_58' title="bbox 1154 1723 1974 1808; baseline 0.004 -23"><span class='ocrx_word' id='word_1_299' title='bbox 1154 1723 1347 1800; x_wconf 90' lang='lat' dir='ltr'><strong>iuramento,</strong></span> <span class='ocrx_word' id='word_1_300' title='bbox 1380 1726 1615 1788; x_wconf 74' lang='lat' dir='ltr'><strong>confirmatione</strong></span> <span class='ocrx_word' id='word_1_301' title='bbox 1642 1725 1821 1803; x_wconf 78' lang='lat' dir='ltr'><strong>apostoIIoa,</strong></span> <span class='ocrx_word' id='word_1_302' title='bbox 1851 1725 1901 1788; x_wconf 92' lang='lat' dir='ltr'><strong>vel</strong></span> <span class='ocrx_word' id='word_1_303' title='bbox 1969 1787 1974 1808; x_wconf 59' lang='lat'><strong>,</strong></span> 
     </span>
     <span class='ocr_line' id='line_1_59' title="bbox 1154 1818 1901 1894; baseline 0.004 -17"><span class='ocrx_word' id='word_1_304' title='bbox 1154 1818 1262 1894; x_wconf 91' lang='lat' dir='ltr'><strong>quavis</strong></span> <span class='ocrx_word' id='word_1_305' title='bbox 1294 1818 1440 1880; x_wconf 83' lang='lat' dir='ltr'><strong>firmitate</strong></span> <span class='ocrx_word' id='word_1_306' title='bbox 1461 1819 1517 1880; x_wconf 82' lang='lat' dir='ltr'><strong>alit</strong></span> <span class='ocrx_word' id='word_1_307' title='bbox 1544 1819 1704 1894; x_wconf 89' lang='lat' dir='ltr'><strong>roboratis,</strong></span> <span class='ocrx_word' id='word_1_308' title='bbox 1727 1819 1849 1882; x_wconf 88' lang='lat' dir='ltr'><strong>statutis</strong></span> <span class='ocrx_word' id='word_1_309' title='bbox 1871 1825 1901 1880; x_wconf 89' lang='lat' dir='ltr'><strong>et</strong></span> 
     </span>
     <span class='ocr_line' id='line_1_60' title="bbox 1154 1911 1902 1987; baseline 0.003 -15"><span class='ocrx_word' id='word_1_310' title='bbox 1154 1911 1443 1986; x_wconf 88' lang='lat' dir='ltr'><strong>consuetudinibus,</strong></span> <span class='ocrx_word' id='word_1_311' title='bbox 1473 1911 1708 1987; x_wconf 88' lang='lat' dir='ltr'><strong>stabilimentis,</strong></span> <span class='ocrx_word' id='word_1_312' title='bbox 1738 1912 1843 1979; x_wconf 84' lang='lat' dir='ltr'><strong>usibus</strong></span> <span class='ocrx_word' id='word_1_313' title='bbox 1871 1919 1902 1974; x_wconf 90' lang='lat' dir='ltr'><strong>et</strong></span> 
     </span>
     <span class='ocr_line' id='line_1_61' title="bbox 1155 2001 1902 2082; baseline 0.003 -19"><span class='ocrx_word' id='word_1_314' title='bbox 1155 2001 1292 2078; x_wconf 91' lang='lat' dir='ltr'><strong>naturis,</strong></span> <span class='ocrx_word' id='word_1_315' title='bbox 1330 2003 1501 2082; x_wconf 86' lang='lat' dir='ltr'><strong>privilegiis</strong></span> <span class='ocrx_word' id='word_1_316' title='bbox 1536 2021 1678 2082; x_wconf 90' lang='lat' dir='ltr'><strong>quoque,</strong></span> <span class='ocrx_word' id='word_1_317' title='bbox 1711 2005 1840 2070; x_wconf 89' lang='lat' dir='ltr'><strong>indultis</strong></span> <span class='ocrx_word' id='word_1_318' title='bbox 1871 2012 1902 2066; x_wconf 89' lang='lat' dir='ltr'><strong>et</strong></span> 
     </span>
     <span class='ocr_line' id='line_1_62' title="bbox 1154 2095 1901 2176; baseline 0.004 -20"><span class='ocrx_word' id='word_1_319' title='bbox 1154 2095 1266 2158; x_wconf 90' lang='lat' dir='ltr'><strong>litteris</strong></span> <span class='ocrx_word' id='word_1_320' title='bbox 1292 2097 1464 2175; x_wconf 85' lang='lat' dir='ltr'><strong>apostolicis</strong></span> <span class='ocrx_word' id='word_1_321' title='bbox 1486 2097 1517 2159; x_wconf 92' lang='lat' dir='ltr'><strong>in</strong></span> <span class='ocrx_word' id='word_1_322' title='bbox 1540 2099 1731 2160; x_wconf 88' lang='lat' dir='ltr'><strong>contrarium</strong></span> <span class='ocrx_word' id='word_1_323' title='bbox 1757 2099 1901 2176; x_wconf 89' lang='lat' dir='ltr'><strong>praemis-</strong></span> 
     </span>
     <span class='ocr_line' id='line_1_63' title="bbox 1153 2189 1903 2266; baseline 0.005 -18"><span class='ocrx_word' id='word_1_324' title='bbox 1153 2203 1260 2249; x_wconf 90' lang='lat' dir='ltr'><strong>sorum</strong></span> <span class='ocrx_word' id='word_1_325' title='bbox 1285 2189 1516 2266; x_wconf 86' lang='lat' dir='ltr'><strong>quomodolibet</strong></span> <span class='ocrx_word' id='word_1_326' title='bbox 1545 2191 1711 2266; x_wconf 88' lang='lat' dir='ltr'><strong>concessis,</strong></span> <span class='ocrx_word' id='word_1_327' title='bbox 1738 2192 1903 2254; x_wconf 82' lang='lat' dir='ltr'><strong>confirma-</strong></span> 
     </span>
     <span class='ocr_line' id='line_1_64' title="bbox 1155 2280 1900 2358; baseline 0.008 -18"><span class='ocrx_word' id='word_1_328' title='bbox 1155 2280 1192 2342; x_wconf 90' lang='lat' dir='ltr'><strong>tis</strong></span> <span class='ocrx_word' id='word_1_329' title='bbox 1214 2289 1245 2342; x_wconf 93' lang='lat' dir='ltr'><strong>et</strong></span> <span class='ocrx_word' id='word_1_330' title='bbox 1271 2280 1437 2344; x_wconf 90' lang='lat' dir='ltr'><strong>innovatis.</strong></span> <span class='ocrx_word' id='word_1_331' title='bbox 1469 2283 1586 2358; x_wconf 89' lang='lat' dir='ltr'><strong>Quibus</strong></span> <span class='ocrx_word' id='word_1_332' title='bbox 1613 2283 1758 2346; x_wconf 90' lang='lat' dir='ltr'><strong>omnibus</strong></span> <span class='ocrx_word' id='word_1_333' title='bbox 1780 2291 1810 2346; x_wconf 92' lang='lat' dir='ltr'><strong>et</strong></span> <span class='ocrx_word' id='word_1_334' title='bbox 1837 2283 1900 2346; x_wconf 92' lang='lat' dir='ltr'><strong>sin-</strong></span> 
     </span>
     <span class='ocr_line' id='line_1_65' title="bbox 1154 2373 1902 2454; baseline 0.003 -20"><span class='ocrx_word' id='word_1_335' title='bbox 1154 2373 1252 2449; x_wconf 84' lang='lat' dir='ltr'><strong>gulis,</strong></span> <span class='ocrx_word' id='word_1_336' title='bbox 1284 2374 1411 2436; x_wconf 92' lang='lat' dir='ltr'><strong>illorum</strong></span> <span class='ocrx_word' id='word_1_337' title='bbox 1446 2381 1569 2436; x_wconf 90' lang='lat' dir='ltr'><strong>tenores</strong></span> <span class='ocrx_word' id='word_1_338' title='bbox 1601 2375 1814 2454; x_wconf 89' lang='lat' dir='ltr'><strong>praesentibus</strong></span> <span class='ocrx_word' id='word_1_339' title='bbox 1845 2391 1902 2454; x_wconf 92' lang='lat' dir='ltr'><strong>pro</strong></span> 
     </span>
     <span class='ocr_line' id='line_1_66' title="bbox 1153 2466 1901 2548; baseline 0.005 -22"><span class='ocrx_word' id='word_1_340' title='bbox 1153 2466 1245 2544; x_wconf 88' lang='lat' dir='ltr'><strong>plene</strong></span> <span class='ocrx_word' id='word_1_341' title='bbox 1265 2475 1297 2530; x_wconf 92' lang='lat' dir='ltr'><strong>et</strong></span> <span class='ocrx_word' id='word_1_342' title='bbox 1317 2467 1508 2530; x_wconf 79' lang='lat' dir='ltr'><strong>sufficienter</strong></span> <span class='ocrx_word' id='word_1_343' title='bbox 1528 2471 1679 2548; x_wconf 80' lang='lat' dir='ltr'><strong>expressis</strong></span> <span class='ocrx_word' id='word_1_344' title='bbox 1700 2486 1733 2530; x_wconf 91' lang='lat' dir='ltr'><strong>ac</strong></span> <span class='ocrx_word' id='word_1_345' title='bbox 1754 2468 1792 2530; x_wconf 93' lang='lat' dir='ltr'><strong>de</strong></span> <span class='ocrx_word' id='word_1_346' title='bbox 1805 2469 1901 2530; x_wconf 87' lang='lat' dir='ltr'><strong>verbo</strong></span> 
     </span>
     <span class='ocr_line' id='line_1_67' title="bbox 1153 2558 1900 2633; baseline 0.003 -14"><span class='ocrx_word' id='word_1_347' title='bbox 1153 2559 1188 2620; x_wconf 88' lang='lat' dir='ltr'><strong>ad</strong></span> <span class='ocrx_word' id='word_1_348' title='bbox 1210 2558 1343 2621; x_wconf 88' lang='lat' dir='ltr'><strong>verbum</strong></span> <span class='ocrx_word' id='word_1_349' title='bbox 1365 2560 1488 2621; x_wconf 89' lang='lat' dir='ltr'><strong>insertis</strong></span> <span class='ocrx_word' id='word_1_350' title='bbox 1510 2560 1668 2633; x_wconf 89' lang='lat' dir='ltr'><strong>hahentes,</strong></span> <span class='ocrx_word' id='word_1_351' title='bbox 1691 2561 1752 2624; x_wconf 92' lang='lat' dir='ltr'><strong>illis</strong></span> <span class='ocrx_word' id='word_1_352' title='bbox 1774 2561 1846 2624; x_wconf 76' lang='lat' dir='ltr'><strong>aliis</strong></span> <span class='ocrx_word' id='word_1_353' title='bbox 1867 2561 1900 2622; x_wconf 90' lang='lat' dir='ltr'><strong>in</strong></span> 
     </span>
     <span class='ocr_line' id='line_1_68' title="bbox 1152 2651 1899 2730; baseline 0.007 -20"><span class='ocrx_word' id='word_1_354' title='bbox 1152 2665 1207 2712; x_wconf 90' lang='lat' dir='ltr'><strong>suo</strong></span> <span class='ocrx_word' id='word_1_355' title='bbox 1232 2651 1343 2712; x_wconf 87' lang='lat' dir='ltr'><strong>robore</strong></span> <span class='ocrx_word' id='word_1_356' title='bbox 1364 2652 1586 2729; x_wconf 89' lang='lat' dir='ltr'><strong>permansuris,</strong></span> <span class='ocrx_word' id='word_1_357' title='bbox 1603 2653 1637 2713; x_wconf 89' lang='lat' dir='ltr'><strong>ad</strong></span> <span class='ocrx_word' id='word_1_358' title='bbox 1661 2653 1899 2730; x_wconf 87' lang='lat' dir='ltr'><strong>praemissorum</strong></span> 
     </span>
     <span class='ocr_line' id='line_1_69' title="bbox 1151 2741 1899 2823; baseline 0.005 -20"><span class='ocrx_word' id='word_1_359' title='bbox 1151 2741 1308 2817; x_wconf 85' lang='lat' dir='ltr'><strong>effectum,</strong></span> <span class='ocrx_word' id='word_1_360' title='bbox 1330 2745 1384 2806; x_wconf 89' lang='lat' dir='ltr'><strong>hac</strong></span> <span class='ocrx_word' id='word_1_361' title='bbox 1406 2744 1473 2806; x_wconf 92' lang='lat' dir='ltr'><strong>vice</strong></span> <span class='ocrx_word' id='word_1_362' title='bbox 1494 2746 1664 2819; x_wconf 82' lang='lat' dir='ltr'><strong>dumtaxat,</strong></span> <span class='ocrx_word' id='word_1_363' title='bbox 1681 2745 1855 2823; x_wconf 89' lang='lat' dir='ltr'><strong>specialiter</strong></span> <span class='ocrx_word' id='word_1_364' title='bbox 1869 2755 1899 2807; x_wconf 90' lang='lat' dir='ltr'><strong>et</strong></span> 
     </span>
     <span class='ocr_line' id='line_1_70' title="bbox 1152 2835 1900 2915; baseline 0.005 -19"><span class='ocrx_word' id='word_1_365' title='bbox 1152 2847 1296 2913; x_wconf 82' lang='lat' dir='ltr'><strong>espresse</strong></span> <span class='ocrx_word' id='word_1_366' title='bbox 1320 2837 1519 2914; x_wconf 88' lang='lat' dir='ltr'><strong>derogamus;</strong></span> <span class='ocrx_word' id='word_1_367' title='bbox 1542 2838 1714 2915; x_wconf 87' lang='lat' dir='ltr'><strong>ceterisque</strong></span> <span class='ocrx_word' id='word_1_368' title='bbox 1738 2835 1900 2900; x_wconf 88' lang='lat' dir='ltr'><strong>contrariis</strong></span> 
     </span>
     <span class='ocr_line' id='line_1_71' title="bbox 1152 2928 1411 3008; baseline 0.012 -20"><span class='ocrx_word' id='word_1_369' title='bbox 1152 2928 1411 3008; x_wconf 90' lang='lat' dir='ltr'><strong>quibuscumque.</strong></span> 
     </span>
    </p>

    <p class='ocr_par' dir='ltr' id='par_1_13' title="bbox 1152 3021 2129 3732">
     <span class='ocr_line' id='line_1_72' title="bbox 1193 3021 2129 3103; baseline -0.005 -21"><span class='ocrx_word' id='word_1_370' title='bbox 1193 3023 1212 3095; x_wconf 67' lang='grc' dir='ltr'><strong>ἓ</strong></span> <span class='ocrx_word' id='word_1_371' title='bbox 1232 3022 1261 3083; x_wconf 87' lang='grc'><strong>6.</strong></span> <span class='ocrx_word' id='word_1_372' title='bbox 1280 3021 1432 3083; x_wconf 80' lang='lat' dir='ltr'><strong>Volumus</strong></span> <span class='ocrx_word' id='word_1_373' title='bbox 1443 3031 1559 3095; x_wconf 90' lang='lat' dir='ltr'><strong>autem,</strong></span> <span class='ocrx_word' id='word_1_374' title='bbox 1573 3025 1797 3086; x_wconf 89' lang='lat' dir='ltr'><strong>utearumdem</strong></span> <span class='ocrx_word' id='word_1_375' title='bbox 1813 3039 1899 3103; x_wconf 88' lang='lat' dir='ltr'><strong>prae-</strong></span> <span class='ocrx_word' id='word_1_376' title='bbox 1970 3033 2043 3096; x_wconf 77' lang='lat' dir='ltr'><strong>radas</strong></span> <span class='ocrx_word' id='word_1_377' title='bbox 2060 3035 2129 3078; x_wconf 80' lang='lat' dir='ltr'><strong>tran-</strong></span> 
     </span>
     <span class='ocr_line' id='line_1_73' title="bbox 1152 3091 2032 3192; baseline 0.002 -17"><span class='ocrx_word' id='word_1_378' title='bbox 1152 3115 1287 3176; x_wconf 89' lang='lat' dir='ltr'><strong>sentium</strong></span> <span class='ocrx_word' id='word_1_379' title='bbox 1312 3115 1473 3176; x_wconf 86' lang='lat' dir='ltr'><strong>literarum</strong></span> <span class='ocrx_word' id='word_1_380' title='bbox 1494 3115 1710 3192; x_wconf 85' lang='lat' dir='ltr'><strong>transumptis,</strong></span> <span class='ocrx_word' id='word_1_381' title='bbox 1730 3129 1824 3178; x_wconf 86' lang='lat' dir='ltr'><strong>manu</strong></span> <span class='ocrx_word' id='word_1_382' title='bbox 1846 3116 1900 3177; x_wconf 90' lang='lat' dir='ltr'><strong>ali·</strong></span> <span class='ocrx_word' id='word_1_383' title='bbox 1917 3091 2032 3143; x_wconf 71' lang='lat' dir='ltr'><strong>⁵¹¹m¹³¹¹⁸&#39;</strong></span> 
     </span>
     <span class='ocr_line' id='line_1_74' title="bbox 1153 3207 1898 3286; baseline 0 -18"><span class='ocrx_word' id='word_1_384' title='bbox 1153 3207 1241 3268; x_wconf 93' lang='lat' dir='ltr'><strong>cuius</strong></span> <span class='ocrx_word' id='word_1_385' title='bbox 1271 3207 1383 3269; x_wconf 90' lang='lat' dir='ltr'><strong>notarii</strong></span> <span class='ocrx_word' id='word_1_386' title='bbox 1405 3207 1519 3285; x_wconf 93' lang='lat' dir='ltr'><strong>publici</strong></span> <span class='ocrx_word' id='word_1_387' title='bbox 1541 3207 1719 3286; x_wconf 85' lang='lat' dir='ltr'><strong>subscriptis</strong></span> <span class='ocrx_word' id='word_1_388' title='bbox 1743 3215 1774 3269; x_wconf 90' lang='lat' dir='ltr'><strong>et</strong></span> <span class='ocrx_word' id='word_1_389' title='bbox 1794 3207 1898 3284; x_wconf 89' lang='lat' dir='ltr'><strong>sigillo</strong></span> 
     </span>
     <span class='ocr_line' id='line_1_75' title="bbox 1154 3299 1900 3378; baseline 0.004 -19"><span class='ocrx_word' id='word_1_390' title='bbox 1154 3315 1301 3378; x_wconf 89' lang='lat' dir='ltr'><strong>personae</strong></span> <span class='ocrx_word' id='word_1_391' title='bbox 1316 3300 1348 3360; x_wconf 91' lang='lat' dir='ltr'><strong>in</strong></span> <span class='ocrx_word' id='word_1_392' title='bbox 1364 3299 1565 3362; x_wconf 80' lang='lat' dir='ltr'><strong>ecclesIastica</strong></span> <span class='ocrx_word' id='word_1_393' title='bbox 1580 3300 1730 3376; x_wconf 84' lang='lat' dir='ltr'><strong>dignitate</strong></span> <span class='ocrx_word' id='word_1_394' title='bbox 1752 3301 1900 3363; x_wconf 91' lang='lat' dir='ltr'><strong>constitu·</strong></span> 
     </span>
     <span class='ocr_line' id='line_1_76' title="bbox 1155 3393 1898 3469; baseline 0.001 -17"><span class='ocrx_word' id='word_1_395' title='bbox 1155 3401 1202 3452; x_wconf 89' lang='lat' dir='ltr'><strong>tae</strong></span> <span class='ocrx_word' id='word_1_396' title='bbox 1217 3393 1357 3466; x_wconf 89' lang='lat' dir='ltr'><strong>munitis,</strong></span> <span class='ocrx_word' id='word_1_397' title='bbox 1374 3393 1480 3454; x_wconf 88' lang='lat' dir='ltr'><strong>eadem</strong></span> <span class='ocrx_word' id='word_1_398' title='bbox 1498 3407 1620 3469; x_wconf 88' lang='lat' dir='ltr'><strong>prorsus</strong></span> <span class='ocrx_word' id='word_1_399' title='bbox 1633 3393 1706 3454; x_wconf 82' lang='lat' dir='ltr'><strong>fides</strong></span> <span class='ocrx_word' id='word_1_400' title='bbox 1729 3401 1791 3456; x_wconf 92' lang='lat' dir='ltr'><strong>tam</strong></span> <span class='ocrx_word' id='word_1_401' title='bbox 1807 3393 1838 3454; x_wconf 91' lang='lat' dir='ltr'><strong>in</strong></span> <span class='ocrx_word' id='word_1_402' title='bbox 1852 3393 1898 3454; x_wconf 91' lang='lat' dir='ltr'><strong>iu-</strong></span> 
     </span>
     <span class='ocr_line' id='line_1_77' title="bbox 1153 3483 1898 3563; baseline 0.001 -17"><span class='ocrx_word' id='word_1_403' title='bbox 1153 3485 1231 3548; x_wconf 90' lang='lat' dir='ltr'><strong>dicio</strong></span> <span class='ocrx_word' id='word_1_404' title='bbox 1246 3501 1340 3563; x_wconf 92' lang='lat' dir='ltr'><strong>quam</strong></span> <span class='ocrx_word' id='word_1_405' title='bbox 1353 3491 1437 3545; x_wconf 86' lang='lat' dir='ltr'><strong>extra</strong></span> <span class='ocrx_word' id='word_1_406' title='bbox 1453 3483 1645 3559; x_wconf 87' lang='lat' dir='ltr'><strong>adhibeatur,</strong></span> <span class='ocrx_word' id='word_1_407' title='bbox 1662 3501 1741 3563; x_wconf 88' lang='lat' dir='ltr'><strong>quae</strong></span> <span class='ocrx_word' id='word_1_408' title='bbox 1757 3501 1898 3562; x_wconf 86' lang='lat' dir='ltr'><strong>praesen·</strong></span> 
     </span>
     <span class='ocr_line' id='line_1_78' title="bbox 1156 3576 1900 3656; baseline -0.004 -14"><span class='ocrx_word' id='word_1_409' title='bbox 1156 3580 1236 3642; x_wconf 92' lang='lat' dir='ltr'><strong>tibus</strong></span> <span class='ocrx_word' id='word_1_410' title='bbox 1255 3579 1326 3656; x_wconf 92' lang='lat' dir='ltr'><strong>ipsis</strong></span> <span class='ocrx_word' id='word_1_411' title='bbox 1348 3577 1556 3652; x_wconf 82' lang='lat' dir='ltr'><strong>adhiberetur,</strong></span> <span class='ocrx_word' id='word_1_412' title='bbox 1577 3576 1721 3638; x_wconf 86' lang='lat' dir='ltr'><strong>silerent</strong></span> <span class='ocrx_word' id='word_1_413' title='bbox 1747 3577 1900 3640; x_wconf 82' lang='lat' dir='ltr'><strong>exhibitae</strong></span> 
     </span>
     <span class='ocr_line' id='line_1_79' title="bbox 1155 3671 1376 3732; baseline -0.014 0"><span class='ocrx_word' id='word_1_414' title='bbox 1155 3671 1204 3732; x_wconf 93' lang='lat' dir='ltr'><strong>vel</strong></span> <span class='ocrx_word' id='word_1_415' title='bbox 1227 3678 1376 3732; x_wconf 87' lang='lat' dir='ltr'><strong>ostensae.</strong></span> 
     </span>
    </p>

    <p class='ocr_par' dir='ltr' id='par_1_14' title="bbox 1153 3762 1900 4026">
     <span class='ocr_line' id='line_1_80' title="bbox 1195 3762 1899 3840; baseline 0 -16"><span class='ocrx_word' id='word_1_416' title='bbox 1195 3764 1306 3824; x_wconf 87' lang='lat' dir='ltr'><strong>[latum</strong></span> <span class='ocrx_word' id='word_1_417' title='bbox 1333 3762 1463 3838; x_wconf 90' lang='lat' dir='ltr'><strong>Romae,</strong></span> <span class='ocrx_word' id='word_1_418' title='bbox 1490 3764 1569 3840; x_wconf 93' lang='lat' dir='ltr'><strong>apud</strong></span> <span class='ocrx_word' id='word_1_419' title='bbox 1598 3763 1631 3826; x_wconf 90' lang='lat' dir='ltr'><strong>S.</strong></span> <span class='ocrx_word' id='word_1_420' title='bbox 1659 3763 1784 3824; x_wconf 87' lang='lat' dir='ltr'><strong>llariam</strong></span> <span class='ocrx_word' id='word_1_421' title='bbox 1808 3763 1899 3826; x_wconf 87' lang='lat' dir='ltr'><strong>Maio-</strong></span> 
     </span>
     <span class='ocr_line' id='line_1_81' title="bbox 1154 3855 1900 3934; baseline -0.003 -15"><span class='ocrx_word' id='word_1_422' title='bbox 1154 3873 1231 3932; x_wconf 87' lang='lat' dir='ltr'><strong>rem,</strong></span> <span class='ocrx_word' id='word_1_423' title='bbox 1254 3856 1312 3918; x_wconf 92' lang='lat' dir='ltr'><strong>sub</strong></span> <span class='ocrx_word' id='word_1_424' title='bbox 1333 3855 1450 3916; x_wconf 90' lang='lat' dir='ltr'><strong>annulo</strong></span> <span class='ocrx_word' id='word_1_425' title='bbox 1472 3855 1642 3929; x_wconf 87' lang='lat' dir='ltr'><strong>Piscatoris,</strong></span> <span class='ocrx_word' id='word_1_426' title='bbox 1666 3857 1716 3918; x_wconf 92' lang='lat' dir='ltr'><strong>die</strong></span> <span class='ocrx_word' id='word_1_427' title='bbox 1740 3872 1780 3916; x_wconf 84' lang='lat' dir='ltr'><strong>vv.</strong></span> <span class='ocrx_word' id='word_1_428' title='bbox 1804 3872 1900 3934; x_wconf 86' lang='lat' dir='ltr'><strong>augu-</strong></span> 
     </span>
     <span class='ocr_line' id='line_1_82' title="bbox 1153 3948 1780 4026; baseline -0.003 -17"><span class='ocrx_word' id='word_1_429' title='bbox 1153 3950 1191 4011; x_wconf 89' lang='lat' dir='ltr'><strong>sti</strong></span> <span class='ocrx_word' id='word_1_430' title='bbox 1214 3963 1383 4023; x_wconf 70' lang='lat' dir='ltr'><strong>uucexxr,</strong></span> <span class='ocrx_word' id='word_1_431' title='bbox 1406 3949 1516 4026; x_wconf 87' lang='lat' dir='ltr'><strong>pontif.</strong></span> <span class='ocrx_word' id='word_1_432' title='bbox 1541 3948 1638 4008; x_wconf 90' lang='lat' dir='ltr'><strong>nostri</strong></span> <span class='ocrx_word' id='word_1_433' title='bbox 1660 3965 1742 4012; x_wconf 89' lang='lat' dir='ltr'><strong>anno</strong></span> <span class='ocrx_word' id='word_1_434' title='bbox 1758 3967 1780 4014; x_wconf 92' lang='lat'><strong>1.</strong></span> 
     </span>
    </p>
   </div>
   <div class='ocr_carea' id='block_1_10' title="bbox 1501 4229 1551 4293">
    <p class='ocr_par' dir='ltr' id='par_1_15' title="bbox 1501 4229 1551 4293">
     <span class='ocr_line' id='line_1_83' title="bbox 1501 4229 1551 4293; baseline -0.04 0"><span class='ocrx_word' id='word_1_435' title='bbox 1501 4229 1551 4293; x_wconf 86' lang='lat' dir='ltr'><strong>tv.</strong></span> 
     </span>
    </p>
   </div>
   <div class='ocr_carea' id='block_1_11' title="bbox 1156 4416 1900 4682">
    <p class='ocr_par' dir='ltr' id='par_1_16' title="bbox 1156 4416 1900 4682">
     <span class='ocr_line' id='line_1_84' title="bbox 1156 4416 1900 4496; baseline 0.003 -18"><span class='ocrx_word' id='word_1_436' title='bbox 1156 4416 1308 4478; x_wconf 83' lang='lat' dir='ltr'><strong>Concedit</strong></span> <span class='ocrx_word' id='word_1_437' title='bbox 1331 4417 1455 4478; x_wconf 84' lang='lat' dir='ltr'><strong>custodi</strong></span> <span class='ocrx_word' id='word_1_438' title='bbox 1478 4425 1507 4479; x_wconf 89' lang='lat' dir='ltr'><strong>et</strong></span> <span class='ocrx_word' id='word_1_439' title='bbox 1530 4417 1713 4496; x_wconf 75' lang='lat' dir='ltr'><strong>puardiono</strong></span> <span class='ocrx_word' id='word_1_440' title='bbox 1737 4418 1766 4480; x_wconf 89' lang='lat' dir='ltr'><strong>S.</strong></span> <span class='ocrx_word' id='word_1_441' title='bbox 1792 4417 1900 4494; x_wconf 79' lang='lat' dir='ltr'><strong>sapat-</strong></span> 
     </span>
     <span class='ocr_line' id='line_1_85' title="bbox 1194 4509 1898 4588; baseline 0.004 -18"><span class='ocrx_word' id='word_1_442' title='bbox 1194 4509 1265 4571; x_wconf 85' lang='lat' dir='ltr'><strong>chri</strong></span> <span class='ocrx_word' id='word_1_443' title='bbox 1295 4510 1488 4588; x_wconf 75' lang='lat' dir='ltr'><strong>facaftatem</strong></span> <span class='ocrx_word' id='word_1_444' title='bbox 1516 4509 1699 4588; x_wconf 71' lang='lat' dir='ltr'><strong>rorifereodi</strong></span> <span class='ocrx_word' id='word_1_445' title='bbox 1721 4527 1898 4574; x_wconf 82' lang='lat' dir='ltr'><strong>sacramen·</strong></span> 
     </span>
     <span class='ocr_line' id='line_1_86' title="bbox 1197 4601 1631 4682; baseline -0.009 -18"><span class='ocrx_word' id='word_1_446' title='bbox 1197 4611 1266 4664; x_wconf 83' lang='lat' dir='ltr'><strong>tam</strong></span> <span class='ocrx_word' id='word_1_447' title='bbox 1292 4603 1555 4682; x_wconf 74' lang='lat' dir='ltr'><strong>Confirmaticais</strong></span> <span class='ocrx_word' id='word_1_448' title='bbox 1576 4601 1631 4681; x_wconf 89' lang='grc' dir='ltr'>(ι).</span> 
     </span>
    </p>
   </div>
   <div class='ocr_carea' id='block_1_12' title="bbox 1054 4773 1389 4782">
    <p class='ocr_par' dir='ltr' id='par_1_17' title="bbox 1054 4773 1389 4782">
     <span class='ocr_line' id='line_1_87' title="bbox 1054 4773 1389 4782; baseline 0.006 -2"><span class='ocrx_word' id='word_1_449' title='bbox 1054 4773 1068 4780; x_wconf 76' lang='lat'><strong>.-</strong></span> <span class='ocrx_word' id='word_1_450' title='bbox 1077 4773 1305 4782; x_wconf 65' lang='lat'><strong>.----—---—-—-—</strong></span> <span class='ocrx_word' id='word_1_451' title='bbox 1312 4775 1389 4782; x_wconf 62' lang='lat'><em>-0----</em></span> 
     </span>
    </p>
   </div>
   <div class='ocr_carea' id='block_1_13' title="bbox 346 4868 1097 5390">
    <p class='ocr_par' dir='ltr' id='par_1_18' title="bbox 346 4868 1097 5390">
     <span class='ocr_line' id='line_1_88' title="bbox 389 4868 1097 4924; baseline 0.003 -12"><span class='ocrx_word' id='word_1_452' title='bbox 389 4868 417 4922; x_wconf 86' lang='lat' dir='ltr'><strong>(t)</strong></span> <span class='ocrx_word' id='word_1_453' title='bbox 434 4870 471 4912; x_wconf 75' lang='lat' dir='ltr'><strong>lix</strong></span> <span class='ocrx_word' id='word_1_454' title='bbox 485 4871 589 4924; x_wconf 80' lang='lat' dir='ltr'><strong>Regest.</strong></span> <span class='ocrx_word' id='word_1_455' title='bbox 605 4868 633 4912; x_wconf 93' lang='lat' dir='ltr'><strong>in</strong></span> <span class='ocrx_word' id='word_1_456' title='bbox 647 4869 723 4914; x_wconf 80' lang='lat' dir='ltr'><strong>Arch.</strong></span> <span class='ocrx_word' id='word_1_457' title='bbox 738 4872 811 4914; x_wconf 87' lang='lat' dir='ltr'><strong>Brev.</strong></span> <span class='ocrx_word' id='word_1_458' title='bbox 827 4869 968 4914; x_wconf 87' lang='lat' dir='ltr'><strong>iunocentii</strong></span> <span class='ocrx_word' id='word_1_459' title='bbox 984 4872 1023 4914; x_wconf 86' lang='grc' dir='ltr'>ιιι.</span> <span class='ocrx_word' id='word_1_460' title='bbox 1040 4882 1097 4914; x_wconf 87' lang='lat' dir='ltr'><strong>con-</strong></span> 
     </span>
     <span class='ocr_line' id='line_1_89' title="bbox 347 4933 1096 4992; baseline 0.003 -14"><span class='ocrx_word' id='word_1_461' title='bbox 347 4933 401 4978; x_wconf 85' lang='lat' dir='ltr'><strong>stit.</strong></span> <span class='ocrx_word' id='word_1_462' title='bbox 417 4934 476 4979; x_wconf 88' lang='lat' dir='ltr'><strong>edit.</strong></span> <span class='ocrx_word' id='word_1_463' title='bbox 493 4945 668 4988; x_wconf 71' lang='lat' dir='ltr'><strong>posumus,</strong></span> <span class='ocrx_word' id='word_1_464' title='bbox 684 4935 725 4979; x_wconf 89' lang='lat' dir='ltr'><strong>die</strong></span> <span class='ocrx_word' id='word_1_465' title='bbox 740 4945 802 4980; x_wconf 83' lang='lat' dir='ltr'><strong>xxv.</strong></span> <span class='ocrx_word' id='word_1_466' title='bbox 816 4934 887 4990; x_wconf 86' lang='lat' dir='ltr'><strong>maii,</strong></span> <span class='ocrx_word' id='word_1_467' title='bbox 902 4935 1040 4992; x_wconf 71' lang='lat' dir='ltr'><strong>pontifis,</strong></span> <span class='ocrx_word' id='word_1_468' title='bbox 1056 4937 1096 4980; x_wconf 87' lang='lat' dir='ltr'><strong>de·</strong></span> 
     </span>
     <span class='ocr_line' id='line_1_90' title="bbox 347 4999 1096 5058; baseline 0.005 -14"><span class='ocrx_word' id='word_1_469' title='bbox 347 5000 466 5056; x_wconf 83' lang='lat' dir='ltr'><strong>sfguatus</strong></span> <span class='ocrx_word' id='word_1_470' title='bbox 480 4999 530 5044; x_wconf 85' lang='lat' dir='ltr'><strong>ftrit</strong></span> <span class='ocrx_word' id='word_1_471' title='bbox 544 5003 688 5044; x_wconf 81' lang='lat' dir='ltr'><strong>coliventus</strong></span> <span class='ocrx_word' id='word_1_472' title='bbox 702 5001 747 5046; x_wconf 89' lang='lat' dir='ltr'><strong>ubi</strong></span> <span class='ocrx_word' id='word_1_473' title='bbox 767 5001 872 5058; x_wconf 80' lang='lat' dir='ltr'><strong>Neapoli</strong></span> <span class='ocrx_word' id='word_1_474' title='bbox 888 5003 988 5046; x_wconf 88' lang='lat' dir='ltr'><strong>rnorari</strong></span> <span class='ocrx_word' id='word_1_475' title='bbox 1003 5003 1096 5048; x_wconf 88' lang='lat' dir='ltr'><strong>debeat</strong></span> 
     </span>
     <span class='ocr_line' id='line_1_91' title="bbox 346 5066 1097 5120; baseline 0.003 -8"><span class='ocrx_word' id='word_1_476' title='bbox 346 5066 544 5112; x_wconf 79' lang='lat' dir='ltr'><strong>comittissarius</strong></span> <span class='ocrx_word' id='word_1_477' title='bbox 552 5069 648 5110; x_wconf 81' lang='lat' dir='ltr'><strong>Terrae</strong></span> <span class='ocrx_word' id='word_1_478' title='bbox 655 5071 776 5120; x_wconf 61' lang='lat' dir='ltr'><strong>Sanctam</strong></span> <span class='ocrx_word' id='word_1_479' title='bbox 787 5070 813 5112; x_wconf 89' lang='lat' dir='ltr'><strong>et</strong></span> <span class='ocrx_word' id='word_1_480' title='bbox 824 5067 953 5112; x_wconf 75' lang='lat' dir='ltr'><strong>Benedicti</strong></span> <span class='ocrx_word' id='word_1_481' title='bbox 964 5073 1027 5114; x_wconf 80' lang='lat' dir='ltr'><strong>xlii.</strong></span> <span class='ocrx_word' id='word_1_482' title='bbox 1040 5081 1097 5114; x_wconf 89' lang='lat' dir='ltr'><strong>con·</strong></span> 
     </span>
     <span class='ocr_line' id='line_1_92' title="bbox 347 5131 1096 5190; baseline 0.003 -13"><span class='ocrx_word' id='word_1_483' title='bbox 347 5133 400 5177; x_wconf 86' lang='lat' dir='ltr'><strong>stit.</strong></span> <span class='ocrx_word' id='word_1_484' title='bbox 416 5131 476 5178; x_wconf 89' lang='lat' dir='ltr'><strong>edit.</strong></span> <span class='ocrx_word' id='word_1_485' title='bbox 488 5144 652 5188; x_wconf 68' lang='lat' dir='ltr'><strong>mcccxxvii,</strong></span> <span class='ocrx_word' id='word_1_486' title='bbox 663 5134 704 5178; x_wconf 88' lang='lat' dir='ltr'><strong>die</strong></span> <span class='ocrx_word' id='word_1_487' title='bbox 719 5145 756 5179; x_wconf 90' lang='grc' dir='ltr'>ιιι.</span> <span class='ocrx_word' id='word_1_488' title='bbox 773 5133 870 5188; x_wconf 86' lang='lat' dir='ltr'><strong>martii,</strong></span> <span class='ocrx_word' id='word_1_489' title='bbox 881 5134 969 5190; x_wconf 89' lang='lat' dir='ltr'><strong>poutif.</strong></span> <span class='ocrx_word' id='word_1_490' title='bbox 982 5147 1096 5189; x_wconf 83' lang='lat' dir='ltr'><strong>111.,con-</strong></span> 
     </span>
     <span class='ocr_line' id='line_1_93' title="bbox 347 5198 1096 5256; baseline 0.005 -14"><span class='ocrx_word' id='word_1_491' title='bbox 347 5199 489 5244; x_wconf 86' lang='lat' dir='ltr'><strong>tlrmantur</strong></span> <span class='ocrx_word' id='word_1_492' title='bbox 503 5198 641 5256; x_wconf 84' lang='lat' dir='ltr'><strong>privilegia</strong></span> <span class='ocrx_word' id='word_1_493' title='bbox 654 5205 680 5244; x_wconf 88' lang='lat' dir='ltr'><strong>et</strong></span> <span class='ocrx_word' id='word_1_494' title='bbox 689 5200 869 5255; x_wconf 76' lang='lat' dir='ltr'><strong>indulgentiae</strong></span> <span class='ocrx_word' id='word_1_495' title='bbox 879 5212 1000 5246; x_wconf 87' lang='lat' dir='ltr'><strong>concessa</strong></span> <span class='ocrx_word' id='word_1_496' title='bbox 1011 5201 1096 5246; x_wconf 79' lang='lat' dir='ltr'><strong>fratri-</strong></span> 
     </span>
     <span class='ocr_line' id='line_1_94' title="bbox 347 5267 1093 5326; baseline 0.005 -16"><span class='ocrx_word' id='word_1_497' title='bbox 347 5267 395 5312; x_wconf 88' lang='lat' dir='ltr'><strong>bus</strong></span> <span class='ocrx_word' id='word_1_498' title='bbox 410 5269 505 5311; x_wconf 80' lang='lat' dir='ltr'><strong>Terrae</strong></span> <span class='ocrx_word' id='word_1_499' title='bbox 527 5269 643 5312; x_wconf 85' lang='lat' dir='ltr'><strong>sauctae.</strong></span> <span class='ocrx_word' id='word_1_500' title='bbox 666 5267 791 5312; x_wconf 75' lang='lat' dir='ltr'><strong>addimus</strong></span> <span class='ocrx_word' id='word_1_501' title='bbox 805 5268 940 5312; x_wconf 86' lang='lat' dir='ltr'><strong>decretum</strong></span> <span class='ocrx_word' id='word_1_502' title='bbox 955 5270 987 5314; x_wconf 86' lang='lat' dir='ltr'><strong>de</strong></span> <span class='ocrx_word' id='word_1_503' title='bbox 1002 5281 1053 5326; x_wconf 70' lang='lat' dir='ltr'><strong>(quo</strong></span> <span class='ocrx_word' id='word_1_504' title='bbox 1068 5273 1093 5314; x_wconf 89' lang='lat' dir='ltr'><strong>in</strong></span> 
     </span>
     <span class='ocr_line' id='line_1_95' title="bbox 347 5332 608 5390; baseline 0 -14"><span class='ocrx_word' id='word_1_505' title='bbox 347 5332 371 5376; x_wconf 95' lang='lat' dir='ltr'><strong>h.</strong></span> <span class='ocrx_word' id='word_1_506' title='bbox 387 5335 467 5378; x_wconf 79' lang='lat' dir='ltr'><strong>coust</strong></span> <span class='ocrx_word' id='word_1_507' title='bbox 483 5333 608 5390; x_wconf 87' lang='lat' dir='ltr'><strong>loquitur.</strong></span> 
     </span>
    </p>
   </div>
   <div class='ocr_carea' id='block_1_14' title="bbox 636 5469 805 5513">
    <p class='ocr_par' dir='ltr' id='par_1_19' title="bbox 636 5469 805 5513">
     <span class='ocr_line' id='line_1_96' title="bbox 636 5469 805 5513; baseline 0.018 -3"><span class='ocrx_word' id='word_1_508' title='bbox 636 5469 805 5513; x_wconf 76' lang='lat' dir='ltr'><strong>DECRRTUM</strong></span> 
     </span>
    </p>
   </div>
   <div class='ocr_carea' id='block_1_15' title="bbox 359 5565 1079 5708">
    <p class='ocr_par' dir='ltr' id='par_1_20' title="bbox 359 5565 1079 5708">
     <span class='ocr_line' id='line_1_97' title="bbox 381 5565 1060 5642; baseline 0.001 -11"><span class='ocrx_word' id='word_1_509' title='bbox 381 5591 478 5632; x_wconf 82' lang='lat' dir='ltr'><strong>Sacrae</strong></span> <span class='ocrx_word' id='word_1_510' title='bbox 493 5591 711 5640; x_wconf 76' lang='lat' dir='ltr'><strong>congregationis</strong></span> <span class='ocrx_word' id='word_1_511' title='bbox 726 5592 862 5632; x_wconf 69' lang='lat' dir='ltr'><strong>(deoneratas</strong></span> <span class='ocrx_word' id='word_1_512' title='bbox 876 5593 966 5633; x_wconf 76' lang='lat' dir='ltr'><strong>Soracte·</strong></span> <span class='ocrx_word' id='word_1_513' title='bbox 982 5565 1060 5642; x_wconf 68' lang='lat' dir='ltr'><strong>Officii</strong></span> 
     </span>
     <span class='ocr_line' id='line_1_98' title="bbox 359 5655 1079 5708; baseline 0.001 -11"><span class='ocrx_word' id='word_1_514' title='bbox 359 5657 552 5707; x_wconf 66' lang='lat' dir='ltr'><strong>confirmatum</strong></span> <span class='ocrx_word' id='word_1_515' title='bbox 571 5657 665 5697; x_wconf 72' lang='lat' dir='ltr'><strong>lifterde</strong></span> <span class='ocrx_word' id='word_1_516' title='bbox 683 5655 834 5706; x_wconf 76' lang='lat' dir='ltr'><strong>apostaticis</strong></span> <span class='ocrx_word' id='word_1_517' title='bbox 852 5659 1079 5708; x_wconf 64' lang='lat' dir='ltr'><strong>peraeaeaeattoas.</strong></span> 
     </span>
    </p>
   </div>
   <div class='ocr_carea' id='block_1_16' title="bbox 470 5761 968 5813">
    <p class='ocr_par' dir='ltr' id='par_1_21' title="bbox 470 5761 968 5813">
     <span class='ocr_line' id='line_1_99' title="bbox 470 5761 968 5813; baseline 0.002 -11"><span class='ocrx_word' id='word_1_518' title='bbox 470 5761 548 5802; x_wconf 72' lang='lat' dir='ltr'><strong>Fer-ta</strong></span> <span class='ocrx_word' id='word_1_519' title='bbox 562 5769 596 5813; x_wconf 89' lang='lat' dir='ltr'><strong>v.,</strong></span> <span class='ocrx_word' id='word_1_520' title='bbox 612 5763 653 5804; x_wconf 82' lang='lat' dir='ltr'><strong>dte</strong></span> <span class='ocrx_word' id='word_1_521' title='bbox 667 5769 701 5803; x_wconf 88' lang='grc' dir='ltr'>ιιι.</span> <span class='ocrx_word' id='word_1_522' title='bbox 718 5763 829 5811; x_wconf 77' lang='lat' dir='ltr'><strong>augusti</strong></span> <span class='ocrx_word' id='word_1_523' title='bbox 843 5770 968 5804; x_wconf 79' lang='lat' dir='ltr'><strong>mcccxxv.</strong></span> 
     </span>
    </p>
   </div>
   <div class='ocr_carea' id='block_1_17' title="bbox 314 5864 1094 5924">
    <p class='ocr_par' dir='ltr' id='par_1_22' title="bbox 314 5864 1094 5924">
     <span class='ocr_line' id='line_1_100' title="bbox 314 5864 1094 5924; baseline 0 -14"><span class='ocrx_word' id='word_1_524' title='bbox 314 5865 318 5872; x_wconf 94' lang='lat'>&#39;</span> <span class='ocrx_word' id='word_1_525' title='bbox 386 5869 415 5910; x_wconf 91' lang='lat' dir='ltr'><strong>ln</strong></span> <span class='ocrx_word' id='word_1_526' title='bbox 429 5864 630 5923; x_wconf 87' lang='lat' dir='ltr'><strong>congregatione</strong></span> <span class='ocrx_word' id='word_1_527' title='bbox 644 5865 764 5924; x_wconf 80' lang='lat' dir='ltr'><strong>generali</strong></span> <span class='ocrx_word' id='word_1_528' title='bbox 774 5868 796 5910; x_wconf 90' lang='lat' dir='ltr'><strong>S.</strong></span> <span class='ocrx_word' id='word_1_529' title='bbox 810 5869 838 5910; x_wconf 85' lang='lat' dir='ltr'><strong>it.</strong></span> <span class='ocrx_word' id='word_1_530' title='bbox 850 5869 877 5910; x_wconf 87' lang='lat' dir='ltr'><strong>et</strong></span> <span class='ocrx_word' id='word_1_531' title='bbox 887 5867 1045 5912; x_wconf 89' lang='lat' dir='ltr'><strong>universalis</strong></span> <span class='ocrx_word' id='word_1_532' title='bbox 1055 5869 1094 5910; x_wconf 92' lang='lat' dir='ltr'><strong>ln-</strong></span> 
     </span>
    </p>
   </div>
   <div class='ocr_carea' id='block_1_18' title="bbox 346 5931 1094 5991">
    <p class='ocr_par' dir='ltr' id='par_1_23' title="bbox 346 5931 1094 5991">
     <span class='ocr_line' id='line_1_101' title="bbox 346 5931 1094 5991; baseline -0.001 -13"><span class='ocrx_word' id='word_1_533' title='bbox 346 5931 498 5990; x_wconf 83' lang='lat' dir='ltr'><strong>quisitioms</strong></span> <span class='ocrx_word' id='word_1_534' title='bbox 512 5932 604 5979; x_wconf 86' lang='lat' dir='ltr'><strong>habita</strong></span> <span class='ocrx_word' id='word_1_535' title='bbox 619 5932 646 5978; x_wconf 91' lang='lat' dir='ltr'><strong>iu</strong></span> <span class='ocrx_word' id='word_1_536' title='bbox 660 5932 759 5990; x_wconf 84' lang='lat' dir='ltr'><strong>palatio</strong></span> <span class='ocrx_word' id='word_1_537' title='bbox 773 5932 916 5991; x_wconf 88' lang='lat' dir='ltr'><strong>apostolico</strong></span> <span class='ocrx_word' id='word_1_538' title='bbox 926 5932 1024 5980; x_wconf 89' lang='lat' dir='ltr'><strong>montis</strong></span> <span class='ocrx_word' id='word_1_539' title='bbox 1035 5931 1094 5984; x_wconf 85' lang='lat' dir='ltr'><strong>Qui·</strong></span> 
     </span>
    </p>
   </div>
   <div class='ocr_carea' id='block_1_19' title="bbox 1148 4869 1903 5990">
    <p class='ocr_par' dir='ltr' id='par_1_24' title="bbox 1148 4869 1903 5990">
     <span class='ocr_line' id='line_1_102' title="bbox 1152 4869 1901 4926; baseline 0 -12"><span class='ocrx_word' id='word_1_540' title='bbox 1152 4871 1255 4926; x_wconf 86' lang='lat' dir='ltr'><strong>riualis,</strong></span> <span class='ocrx_word' id='word_1_541' title='bbox 1277 4881 1365 4916; x_wconf 87' lang='lat' dir='ltr'><strong>coram</strong></span> <span class='ocrx_word' id='word_1_542' title='bbox 1387 4869 1554 4916; x_wconf 86' lang='lat' dir='ltr'><strong>sanctissimo</strong></span> <span class='ocrx_word' id='word_1_543' title='bbox 1575 4869 1685 4914; x_wconf 88' lang='lat' dir='ltr'><strong>Douriuo</strong></span> <span class='ocrx_word' id='word_1_544' title='bbox 1705 4871 1796 4914; x_wconf 85' lang='lat' dir='ltr'><strong>nostro</strong></span> <span class='ocrx_word' id='word_1_545' title='bbox 1816 4871 1842 4913; x_wconf 87' lang='lat' dir='ltr'><strong>b.</strong></span> <span class='ocrx_word' id='word_1_546' title='bbox 1863 4873 1901 4916; x_wconf 90' lang='lat' dir='ltr'><strong>ln·</strong></span> 
     </span>
     <span class='ocr_line' id='line_1_103' title="bbox 1151 4936 1901 4994; baseline -0.001 -13"><span class='ocrx_word' id='word_1_547' title='bbox 1151 4943 1251 4982; x_wconf 85' lang='lat' dir='ltr'><strong>nocant.</strong></span> <span class='ocrx_word' id='word_1_548' title='bbox 1267 4937 1355 4982; x_wconf 85' lang='lat' dir='ltr'><strong>diviua</strong></span> <span class='ocrx_word' id='word_1_549' title='bbox 1376 4937 1540 4994; x_wconf 85' lang='lat' dir='ltr'><strong>providentia</strong></span> <span class='ocrx_word' id='word_1_550' title='bbox 1562 4941 1631 4994; x_wconf 84' lang='lat' dir='ltr'><strong>Papa</strong></span> <span class='ocrx_word' id='word_1_551' title='bbox 1652 4939 1726 4990; x_wconf 85' lang='lat' dir='ltr'><strong>Xlll.‚</strong></span> <span class='ocrx_word' id='word_1_552' title='bbox 1742 4948 1772 4981; x_wconf 87' lang='lat' dir='ltr'><strong>ae</strong></span> <span class='ocrx_word' id='word_1_553' title='bbox 1787 4936 1901 4980; x_wconf 85' lang='lat' dir='ltr'><strong>amihen-</strong></span> 
     </span>
     <span class='ocr_line' id='line_1_104' title="bbox 1152 5003 1900 5050; baseline 0 -2"><span class='ocrx_word' id='word_1_554' title='bbox 1152 5003 1206 5048; x_wconf 90' lang='lat' dir='ltr'><strong>tiss.</strong></span> <span class='ocrx_word' id='word_1_555' title='bbox 1219 5007 1245 5048; x_wconf 86' lang='lat' dir='ltr'><strong>et</strong></span> <span class='ocrx_word' id='word_1_556' title='bbox 1255 5004 1425 5048; x_wconf 83' lang='lat' dir='ltr'><strong>reverendiss.</strong></span> <span class='ocrx_word' id='word_1_557' title='bbox 1438 5007 1483 5047; x_wconf 84' lang='lat' dir='ltr'><strong>bb.</strong></span> <span class='ocrx_word' id='word_1_558' title='bbox 1497 5007 1519 5048; x_wconf 86' lang='lat' dir='ltr'><strong>S.</strong></span> <span class='ocrx_word' id='word_1_559' title='bbox 1532 5007 1560 5048; x_wconf 84' lang='lat' dir='ltr'><strong>R.</strong></span> <span class='ocrx_word' id='word_1_560' title='bbox 1572 5007 1599 5048; x_wconf 81' lang='grc' dir='ltr'><strong>Ε.</strong></span> <span class='ocrx_word' id='word_1_561' title='bbox 1611 5003 1795 5050; x_wconf 79' lang='lat' dir='ltr'><strong>cardinalibus</strong></span> <span class='ocrx_word' id='word_1_562' title='bbox 1805 5003 1831 5048; x_wconf 91' lang='lat' dir='ltr'><strong>in</strong></span> <span class='ocrx_word' id='word_1_563' title='bbox 1845 5006 1900 5048; x_wconf 88' lang='lat' dir='ltr'><strong>tota</strong></span> 
     </span>
     <span class='ocr_line' id='line_1_105' title="bbox 1151 5069 1901 5128; baseline 0.004 -15"><span class='ocrx_word' id='word_1_564' title='bbox 1151 5069 1284 5126; x_wconf 78' lang='lat' dir='ltr'><strong>republica</strong></span> <span class='ocrx_word' id='word_1_565' title='bbox 1299 5071 1445 5115; x_wconf 79' lang='lat' dir='ltr'><strong>christiana</strong></span> <span class='ocrx_word' id='word_1_566' title='bbox 1459 5073 1551 5116; x_wconf 89' lang='lat' dir='ltr'><strong>contra</strong></span> <span class='ocrx_word' id='word_1_567' title='bbox 1566 5069 1726 5116; x_wconf 88' lang='lat' dir='ltr'><strong>haereticam</strong></span> <span class='ocrx_word' id='word_1_568' title='bbox 1741 5071 1901 5128; x_wconf 86' lang='lat' dir='ltr'><strong>pravitatem</strong></span> 
     </span>
     <span class='ocr_line' id='line_1_106' title="bbox 1150 5135 1901 5193; baseline 0.001 -12"><span class='ocrx_word' id='word_1_569' title='bbox 1150 5137 1318 5192; x_wconf 84' lang='lat' dir='ltr'><strong>generalibus</strong></span> <span class='ocrx_word' id='word_1_570' title='bbox 1334 5135 1561 5192; x_wconf 85' lang='lat' dir='ltr'><strong>inquisitoribusa</strong></span> <span class='ocrx_word' id='word_1_571' title='bbox 1572 5139 1666 5181; x_wconf 77' lang='lat' dir='ltr'><strong>sarreia</strong></span> <span class='ocrx_word' id='word_1_572' title='bbox 1677 5137 1741 5182; x_wconf 88' lang='lat' dir='ltr'><strong>Sede</strong></span> <span class='ocrx_word' id='word_1_573' title='bbox 1752 5135 1901 5193; x_wconf 77' lang='lat' dir='ltr'><strong>apostolica</strong></span> 
     </span>
     <span class='ocr_line' id='line_1_107' title="bbox 1150 5202 1901 5260; baseline 0 -12"><span class='ocrx_word' id='word_1_574' title='bbox 1150 5202 1300 5260; x_wconf 89' lang='lat' dir='ltr'><strong>specialiter</strong></span> <span class='ocrx_word' id='word_1_575' title='bbox 1321 5202 1461 5259; x_wconf 90' lang='lat' dir='ltr'><strong>deputatis.</strong></span> <span class='ocrx_word' id='word_1_576' title='bbox 1485 5203 1575 5248; x_wconf 86' lang='lat' dir='ltr'><strong>Delato</strong></span> <span class='ocrx_word' id='word_1_577' title='bbox 1591 5203 1624 5248; x_wconf 90' lang='lat' dir='ltr'><strong>ad</strong></span> <span class='ocrx_word' id='word_1_578' title='bbox 1639 5214 1741 5248; x_wconf 86' lang='lat' dir='ltr'><strong>sacram</strong></span> <span class='ocrx_word' id='word_1_579' title='bbox 1760 5214 1901 5258; x_wconf 70' lang='lat' dir='ltr'><strong>corrgrega»</strong></span> 
     </span>
     <span class='ocr_line' id='line_1_108' title="bbox 1151 5267 1900 5324; baseline 0 -10"><span class='ocrx_word' id='word_1_580' title='bbox 1151 5270 1249 5315; x_wconf 88' lang='lat' dir='ltr'><strong>tionem</strong></span> <span class='ocrx_word' id='word_1_581' title='bbox 1265 5269 1352 5313; x_wconf 88' lang='lat' dir='ltr'><strong>Sancti</strong></span> <span class='ocrx_word' id='word_1_582' title='bbox 1367 5267 1448 5313; x_wconf 83' lang='lat' dir='ltr'><strong>Officii</strong></span> <span class='ocrx_word' id='word_1_583' title='bbox 1469 5269 1563 5313; x_wconf 86' lang='lat' dir='ltr'><strong>dublo:</strong></span> <span class='ocrx_word' id='word_1_584' title='bbox 1586 5280 1619 5314; x_wconf 90' lang='lat' dir='ltr'><strong>an</strong></span> <span class='ocrx_word' id='word_1_585' title='bbox 1634 5273 1722 5313; x_wconf 83' lang='lat' dir='ltr'><strong>custos</strong></span> <span class='ocrx_word' id='word_1_586' title='bbox 1737 5273 1764 5313; x_wconf 89' lang='lat' dir='ltr'><strong>et</strong></span> <span class='ocrx_word' id='word_1_587' title='bbox 1778 5269 1900 5324; x_wconf 80' lang='lat' dir='ltr'><strong>guardia-</strong></span> 
     </span>
     <span class='ocr_line' id='line_1_109' title="bbox 1151 5333 1899 5390; baseline -0.001 -10"><span class='ocrx_word' id='word_1_588' title='bbox 1151 5349 1200 5381; x_wconf 86' lang='lat' dir='ltr'><strong>nus</strong></span> <span class='ocrx_word' id='word_1_589' title='bbox 1215 5335 1299 5380; x_wconf 87' lang='lat' dir='ltr'><strong>sancti</strong></span> <span class='ocrx_word' id='word_1_590' title='bbox 1313 5333 1446 5390; x_wconf 89' lang='lat' dir='ltr'><strong>sepulchri</strong></span> <span class='ocrx_word' id='word_1_591' title='bbox 1461 5334 1563 5378; x_wconf 88' lang='lat' dir='ltr'><strong>Domini</strong></span> <span class='ocrx_word' id='word_1_592' title='bbox 1578 5335 1663 5379; x_wconf 88' lang='lat' dir='ltr'><strong>nostri</strong></span> <span class='ocrx_word' id='word_1_593' title='bbox 1678 5339 1735 5380; x_wconf 83' lang='lat' dir='ltr'><strong>lesu</strong></span> <span class='ocrx_word' id='word_1_594' title='bbox 1749 5335 1847 5380; x_wconf 86' lang='lat' dir='ltr'><strong>christi</strong></span> <span class='ocrx_word' id='word_1_595' title='bbox 1858 5345 1899 5379; x_wconf 87' lang='lat' dir='ltr'><strong>ue·</strong></span> 
     </span>
     <span class='ocr_line' id='line_1_110' title="bbox 1150 5399 1899 5458; baseline 0 -12"><span class='ocrx_word' id='word_1_596' title='bbox 1150 5402 1278 5447; x_wconf 88' lang='lat' dir='ltr'><strong>cessarias</strong></span> <span class='ocrx_word' id='word_1_597' title='bbox 1293 5399 1432 5446; x_wconf 80' lang='lat' dir='ltr'><strong>facultates</strong></span> <span class='ocrx_word' id='word_1_598' title='bbox 1446 5413 1477 5445; x_wconf 84' lang='lat' dir='ltr'><strong>ex</strong></span> <span class='ocrx_word' id='word_1_599' title='bbox 1492 5401 1600 5458; x_wconf 85' lang='lat' dir='ltr'><strong>speciali</strong></span> <span class='ocrx_word' id='word_1_600' title='bbox 1614 5402 1778 5457; x_wconf 81' lang='lat' dir='ltr'><strong>delegatione</strong></span> <span class='ocrx_word' id='word_1_601' title='bbox 1789 5403 1899 5446; x_wconf 84' lang='lat' dir='ltr'><strong>Sanctae</strong></span> 
     </span>
     <span class='ocr_line' id='line_1_111' title="bbox 1151 5467 1899 5513; baseline 0 -1"><span class='ocrx_word' id='word_1_602' title='bbox 1151 5467 1222 5512; x_wconf 83' lang='lat' dir='ltr'><strong>Sedis</strong></span> <span class='ocrx_word' id='word_1_603' title='bbox 1237 5468 1333 5513; x_wconf 88' lang='lat' dir='ltr'><strong>habeat</strong></span> <span class='ocrx_word' id='word_1_604' title='bbox 1347 5467 1496 5510; x_wconf 89' lang='lat' dir='ltr'><strong>conferendi</strong></span> <span class='ocrx_word' id='word_1_605' title='bbox 1513 5469 1709 5512; x_wconf 87' lang='lat' dir='ltr'><strong>sacramentum</strong></span> <span class='ocrx_word' id='word_1_606' title='bbox 1724 5467 1899 5512; x_wconf 86' lang='lat' dir='ltr'><strong>confirmatio·</strong></span> 
     </span>
     <span class='ocr_line' id='line_1_112' title="bbox 1150 5532 1900 5590; baseline 0.003 -12"><span class='ocrx_word' id='word_1_607' title='bbox 1150 5533 1198 5586; x_wconf 89' lang='lat' dir='ltr'><strong>uis,</strong></span> <span class='ocrx_word' id='word_1_608' title='bbox 1213 5537 1239 5578; x_wconf 91' lang='lat' dir='ltr'><strong>et</strong></span> <span class='ocrx_word' id='word_1_609' title='bbox 1261 5532 1384 5578; x_wconf 86' lang='lat' dir='ltr'><strong>exhibitis</strong></span> <span class='ocrx_word' id='word_1_610' title='bbox 1406 5543 1451 5589; x_wconf 87' lang='lat' dir='ltr'><strong>per</strong></span> <span class='ocrx_word' id='word_1_611' title='bbox 1472 5532 1622 5590; x_wconf 86' lang='lat' dir='ltr'><strong>superlores</strong></span> <span class='ocrx_word' id='word_1_612' title='bbox 1643 5532 1747 5578; x_wconf 87' lang='lat' dir='ltr'><strong>OrdInis</strong></span> <span class='ocrx_word' id='word_1_613' title='bbox 1769 5534 1900 5580; x_wconf 86' lang='lat' dir='ltr'><strong>Minorum</strong></span> 
     </span>
     <span class='ocr_line' id='line_1_113' title="bbox 1150 5598 1899 5646; baseline 0.004 -3"><span class='ocrx_word' id='word_1_614' title='bbox 1150 5600 1263 5644; x_wconf 86' lang='lat' dir='ltr'><strong>fratrum</strong></span> <span class='ocrx_word' id='word_1_615' title='bbox 1279 5599 1367 5645; x_wconf 81' lang='lat' dir='ltr'><strong>Sancti</strong></span> <span class='ocrx_word' id='word_1_616' title='bbox 1385 5598 1518 5644; x_wconf 77' lang='lat' dir='ltr'><strong>Francisci</strong></span> <span class='ocrx_word' id='word_1_617' title='bbox 1531 5599 1563 5642; x_wconf 89' lang='lat' dir='ltr'><strong>de</strong></span> <span class='ocrx_word' id='word_1_618' title='bbox 1581 5599 1748 5644; x_wconf 74' lang='lat' dir='ltr'><strong>observantia</strong></span> <span class='ocrx_word' id='word_1_619' title='bbox 1763 5599 1899 5646; x_wconf 86' lang='grc' dir='ltr'>ιιοιιιιιιιιιιι</span> 
     </span>
     <span class='ocr_line' id='line_1_114' title="bbox 1151 5665 1898 5722; baseline 0.004 -12"><span class='ocrx_word' id='word_1_620' title='bbox 1151 5665 1309 5722; x_wconf 83' lang='lat' dir='ltr'><strong>privilegiis;</strong></span> <span class='ocrx_word' id='word_1_621' title='bbox 1331 5665 1514 5718; x_wconf 84' lang='lat' dir='ltr'><strong>sanctissimus</strong></span> <span class='ocrx_word' id='word_1_622' title='bbox 1535 5665 1657 5710; x_wconf 80' lang='lat' dir='ltr'><strong>dominus</strong></span> <span class='ocrx_word' id='word_1_623' title='bbox 1672 5667 1763 5710; x_wconf 87' lang='lat' dir='ltr'><strong>noster</strong></span> <span class='ocrx_word' id='word_1_624' title='bbox 1777 5669 1898 5714; x_wconf 80' lang='lat' dir='ltr'><strong>lamecen·</strong></span> 
     </span>
     <span class='ocr_line' id='line_1_115' title="bbox 1151 5731 1897 5790; baseline 0.003 -14"><span class='ocrx_word' id='word_1_625' title='bbox 1151 5732 1203 5776; x_wconf 86' lang='lat' dir='ltr'><strong>tius</strong></span> <span class='ocrx_word' id='word_1_626' title='bbox 1219 5735 1287 5790; x_wconf 83' lang='lat' dir='ltr'><strong>Papa</strong></span> <span class='ocrx_word' id='word_1_627' title='bbox 1302 5732 1490 5788; x_wconf 79' lang='lat' dir='ltr'><strong>xl11.‚audItts</strong></span> <span class='ocrx_word' id='word_1_628' title='bbox 1505 5731 1572 5776; x_wconf 79' lang='lat' dir='ltr'><strong>volta</strong></span> <span class='ocrx_word' id='word_1_629' title='bbox 1587 5731 1858 5778; x_wconf 83' lang='lat' dir='ltr'><strong>eminentissimorum</strong></span> <span class='ocrx_word' id='word_1_630' title='bbox 1870 5736 1897 5778; x_wconf 84' lang='lat' dir='ltr'><strong>et</strong></span> 
     </span>
     <span class='ocr_line' id='line_1_116' title="bbox 1148 5797 1901 5844; baseline 0.003 -2"><span class='ocrx_word' id='word_1_631' title='bbox 1148 5797 1429 5842; x_wconf 87' lang='lat' dir='ltr'><strong>reverendissimorum</strong></span> <span class='ocrx_word' id='word_1_632' title='bbox 1445 5802 1468 5842; x_wconf 83' lang='lat' dir='ltr'><strong>S.</strong></span> <span class='ocrx_word' id='word_1_633' title='bbox 1480 5801 1509 5842; x_wconf 82' lang='lat' dir='ltr'><strong>R.</strong></span> <span class='ocrx_word' id='word_1_634' title='bbox 1522 5801 1548 5842; x_wconf 81' lang='lat' dir='ltr'><strong>ts.</strong></span> <span class='ocrx_word' id='word_1_635' title='bbox 1565 5798 1746 5843; x_wconf 86' lang='lat' dir='ltr'><strong>cardinalium</strong></span> <span class='ocrx_word' id='word_1_636' title='bbox 1757 5798 1785 5843; x_wconf 89' lang='lat' dir='ltr'><strong>in</strong></span> <span class='ocrx_word' id='word_1_637' title='bbox 1796 5797 1851 5844; x_wconf 78' lang='lat' dir='ltr'><strong>tote</strong></span> <span class='ocrx_word' id='word_1_638' title='bbox 1861 5810 1901 5844; x_wconf 87' lang='lat' dir='ltr'><strong>re-</strong></span> 
     </span>
     <span class='ocr_line' id='line_1_117' title="bbox 1148 5862 1901 5920; baseline 0.001 -11"><span class='ocrx_word' id='word_1_639' title='bbox 1148 5862 1252 5920; x_wconf 78' lang='lat' dir='ltr'><strong>publica</strong></span> <span class='ocrx_word' id='word_1_640' title='bbox 1266 5863 1413 5909; x_wconf 73' lang='lat' dir='ltr'><strong>christiana</strong></span> <span class='ocrx_word' id='word_1_641' title='bbox 1424 5864 1589 5920; x_wconf 79' lang='lat' dir='ltr'><strong>generalium</strong></span> <span class='ocrx_word' id='word_1_642' title='bbox 1599 5863 1799 5920; x_wconf 83' lang='lat' dir='ltr'><strong>iaquIsitorum,</strong></span> <span class='ocrx_word' id='word_1_643' title='bbox 1808 5865 1842 5910; x_wconf 86' lang='lat' dir='ltr'><strong>ad</strong></span> <span class='ocrx_word' id='word_1_644' title='bbox 1852 5865 1901 5910; x_wconf 87' lang='lat' dir='ltr'><strong>tol·</strong></span> 
     </span>
     <span class='ocr_line' id='line_1_118' title="bbox 1148 5929 1903 5990; baseline 0 -13"><span class='ocrx_word' id='word_1_645' title='bbox 1148 5932 1239 5978; x_wconf 78' lang='lat' dir='ltr'><strong>laudas</strong></span> <span class='ocrx_word' id='word_1_646' title='bbox 1262 5941 1353 5978; x_wconf 85' lang='lat' dir='ltr'><strong>omnes</strong></span> <span class='ocrx_word' id='word_1_647' title='bbox 1374 5931 1541 5978; x_wconf 80' lang='lat' dir='ltr'><strong>difflmdtates</strong></span> <span class='ocrx_word' id='word_1_648' title='bbox 1556 5933 1583 5977; x_wconf 86' lang='lat' dir='ltr'><strong>et</strong></span> <span class='ocrx_word' id='word_1_649' title='bbox 1596 5929 1760 5977; x_wconf 67' lang='lat' dir='ltr'><strong>commanem</strong></span> <span class='ocrx_word' id='word_1_650' title='bbox 1776 5930 1804 5976; x_wconf 85' lang='grc' dir='ltr'><strong>ιιι</strong></span> <span class='ocrx_word' id='word_1_651' title='bbox 1819 5933 1903 5990; x_wconf 78' lang='lat' dir='ltr'><strong>posta·</strong></span> 
     </span>
    </p>
   </div>
   <div class='ocr_carea' id='block_1_20' title="bbox 0 0 2422 6998">
    <p class='ocr_par' dir='ltr' id='par_1_25' title="bbox 0 0 2422 6998">
     <span class='ocr_line' id='line_1_119' title="bbox 0 0 2422 6998; baseline 0 0"><span class='ocrx_word' id='word_1_652' title='bbox 0 0 2422 6998; x_wconf 95' lang='lat' dir='ltr'><strong> </strong></span> 
     </span>
    </p>
   </div>
  </div>
 </body>
</html>
