4866 6980
112 574 168 625 An.
182 575 213 626 C.
236 575 307 628 lete

970 585 1179 633 lNNOGENTlUS
1200 585 1244 630 xl.

336 712 424 778 dictis
444 711 580 790 quatuor
607 709 822 774 definitoribus
842 713 927 788 pater
952 704 1078 784 provin-

336 804 431 877 cialis,
453 802 547 866 etiam
568 803 604 866 ad
624 802 721 864 breve
741 809 875 878 tempus,
897 799 954 861 sub
981 797 1078 878 poeni

336 895 519 976 privationis
545 896 631 960 vocis
661 895 779 958 activae
804 901 834 956 et
861 893 997 972 passivae
1023 905 1079 970 per

337 989 589 1070 quinquennium
611 990 675 1068 ipso
695 989 774 1052 lacto
795 985 992 1059 incurrendi,
1015 984 1078 1047 ullo

336 1083 430 1146 modo
449 1099 611 1146 removere
631 1081 682 1144 vel
703 1082 829 1144 exiliare
853 1081 958 1160 possit.
983 1078 1014 1142 si
1034 1085 1079 1140 ta-

336 1193 410 1240 men
436 1177 505 1256 quis
535 1191 645 1238 eorum
671 1175 932 1237 convalescentiae
952 1180 1004 1234 aut
1024 1172 1089 1260 lto·

338 1275 442 1335 nestae
464 1269 663 1333 recreationis
683 1267 771 1334 cansa
791 1269 828 1331 ad
849 1267 984 1348 aliquem
1004 1265 1080 1327 vici-

337 1366 458 1429 niorem
486 1363 588 1426 locum
609 1363 655 1425 iro
680 1361 892 1442 postulaverit,
921 1360 1023 1423 eidem
1043 1358 1079 1420 ad

339 1458 547 1522 necessarium
569 1457 620 1520 vel
641 1457 675 1520 ad
697 1457 792 1518 breve
817 1464 941 1534 tempus
960 1469 1079 1532 respec-

338 1553 402 1614 tive
412 1551 588 1615 huiusmodi
603 1550 761 1612 licentiam
775 1547 944 1612 concedere
953 1546 1077 1626 poterit.

339 1648 377 1710 Et
408 1651 443 1708 ut
473 1644 619 1724 praedicti
649 1650 749 1724 patres
783 1641 961 1704 definitores
990 1655 1077 1702 suam

338 1739 554 1804 auctoritatem
574 1746 605 1802 et
626 1743 809 1816 potestatem
833 1735 927 1798 etiam
948 1735 980 1796 in
1002 1733 1080 1795 iudi-

339 1833 435 1896 cando
455 1832 583 1895 liberius
603 1846 748 1894 exercere
767 1829 883 1909 possint
899 1836 930 1890 ιι
945 1828 1078 1912 valeant,

339 1925 538 2006 probibemus
552 1925 630 2006 patri
653 1923 837 2004 praesidenti
848 1921 984 2000 capituli,
1001 1921 1079 2000 patri

339 2018 537 2100 provinciali,
561 2027 592 2082 et
613 2017 679 2080 aliis
699 2017 837 2096 patribus
858 2015 1080 2091 cuiuscumque

339 2113 510 2176 definitorii
530 2112 625 2174 etiam
646 2110 771 2190 capituli
785 2107 993 2190 provincialis,
1009 2123 1081 2169 nec·

339 2221 403 2268 non
420 2205 668 2284 quibuscumque
682 2203 750 2266 aliis
763 2202 974 2282 superioribus
989 2201 1080 2262 etiam

339 2298 496 2373 localibus,
517 2297 575 2360 sub
595 2297 749 2375 praedicta
779 2294 877 2375 poena
900 2292 1081 2373 privationis

340 2391 423 2454 vocis
443 2391 559 2454 activae
581 2397 611 2452 et
632 2390 779 2468 passivae,
795 2405 836 2451 ιιι
850 2389 886 2450 ad
901 2385 1024 2465 aliquod
1038 2385 1081 2446 ol-

340 2484 446 2546 ficium
467 2483 517 2546 vel
538 2481 750 2546 ministerium
776 2482 869 2544 etiam
890 2496 956 2544 non
978 2478 1081 2540 electi·
1104 2493 1113 2564 s

339 2593 428 2652 vum,
450 2585 519 2639 tum
539 2592 611 2640 cum
632 2575 706 2638 cura
725 2575 900 2638 animarum
919 2573 1013 2636 etiam
1034 2573 1082 2634 ln-

340 2672 463 2746 dornm‚
487 2677 555 2734 tum
575 2669 643 2731 sine
664 2668 732 2744 illa,
753 2676 822 2730 tuin
848 2683 921 2730 cum
943 2659 1082 2729 iurisdic

341 2764 424 2826 tione
445 2763 539 2826 etiam
560 2763 794 2840 dolositatum
814 2763 882 2824 sine
904 2761 966 2836 itit,
989 2759 1082 2822 etiam

340 2858 398 2919 snb
419 2856 510 2919 titulo
540 2855 657 2932 vicarii,
690 2857 857 2918 visitatoris
882 2854 933 2916 vel
954 2853 1083 2916 admini-

340 2951 490 3026 stratoris,
521 2965 577 3012 seu
597 2949 656 3012 sub
675 2949 733 3012 alio
764 2961 961 3027 quocumque
992 2945 1084 3009 titulo

334 3037 392 3107 'vel
412 3044 551 3119 minine,
575 3043 710 3122 aliquem
731 3043 782 3104 vel
801 3043 919 3121 aliquos
940 3057 979 3104 ιι
999 3056 1084 3120 prae-

341 3141 428 3202 dictis
446 3145 579 3218 quatuor
598 3136 813 3200 definitoribus
832 3135 1001 3213 respective
1016 3149 1085 3214 pro-

340 3240 488 3296 moveant
508 3232 558 3294 vel
575 3231 770 3310 provideant,
786 3246 843 3292 ncc
865 3229 921 3306 ipsi
943 3228 1086 3290 delinito-

342 3342 401 3401 res,
424 3325 475 3387 vel
496 3325 605 3403 aliquis
625 3339 753 3398 eorum,
779 3324 836 3385 sub
856 3321 962 3384 eadem
987 3320 1084 3400 poeni

341 3418 534 3498 privationis,
552 3417 781 3496 promotionem
801 3416 852 3478 vel
874 3415 1084 3493 provisionem

342 3511 476 3591 aliquam
491 3511 657 3590 ullomodo
672 3517 830 3590 acceptent
840 3509 890 3572 vel
905 3515 1082 3572 exerceant:

341 3607 466 3669 irritum
487 3607 614 3684 insuper
628 3604 769 3666 acinano
789 3603 854 3682 ipso
874 3602 953 3666 iacto
974 3611 1006 3664 et
1020 3601 1086 3664 abs·

341 3716 402 3778 que
416 3699 474 3761 alia
488 3699 693 3762 declaratione
713 3699 915 3760 decernentes
935 3695 1085 3774 quidquid

341 3795 376 3856 in
396 3794 588 3856 contrarium
603 3791 818 3871 quovismodo
839 3790 906 3852 lieri
921 3789 972 3850 vel
986 3795 1085 3851 atten-

1135 703 1209 780 tive,
1231 720 1264 766 ac
1285 703 1318 768 in
1339 704 1514 768 delinitorio
1534 705 1660 787 capituli
1680 707 1875 786 provincialis

1133 798 1184 860 vel
1205 799 1455 876 congregationis
1471 800 1673 864 intermediae
1693 807 1811 865 tantum
1827 801 1875 884 (ut

1134 893 1171 954 de
1191 900 1276 970 patre
1297 893 1478 971 provinciali
1493 893 1611 958 dictum
1626 895 1694 975 est),
1710 901 1811 974 patres
1826 895 1876 958 de·

1134 985 1284 1062 finitores,
1307 988 1567 1066 exprovtncialem
1585 989 1808 1065 immediatum,
1826 1005 1876 1052 ex·

1133 1078 1362 1157 praesidentem
1392 1081 1623 1156 immediatum,
1647 1089 1677 1144 et
1703 1083 1876 1145 visitatores

1135 1173 1312 1250 provinciae
1332 1174 1510 1251 processuri,
1534 1191 1681 1255 voceque,
1703 1176 1809 1238 olllciis
1824 1183 1876 1238 aut

1135 1266 1291 1343 gradibus,
1313 1267 1389 1329 iuris
1410 1273 1513 1332 tamen
1535 1269 1644 1330 ordine
1663 1277 1796 1345 servato,
1812 1286 1877 1333 sus·

1135 1359 1226 1436 pendi
1248 1359 1298 1421 vel
1318 1359 1448 1438 privari,
1481 1369 1534 1424 aut
1560 1375 1722 1441 suspensos
1743 1362 1793 1424 vel
1816 1363 1878 1441 pri-

1135 1461 1221 1514 vatos
1241 1453 1387 1516 declarari
1414 1469 1516 1532 posse,
1545 1456 1639 1518 etiam
1667 1456 1874 1518 declaramus:

1136 1547 1259 1608 irritum
1281 1555 1311 1610 et
1334 1548 1426 1612 inane
1448 1549 1513 1627 ipso
1537 1549 1616 1612 lacto
1637 1555 1667 1611 et
1688 1549 1801 1628 absque
1821 1549 1877 1612 alii

1136 1641 1340 1703 declaratione
1361 1644 1562 1706 decernentes
1583 1642 1732 1721 quidquid
1754 1649 1879 1722 propter

1135 1735 1209 1796 alios
1231 1751 1371 1799 excessus
1392 1736 1442 1797 vel
1464 1753 1560 1812 casus,
1578 1743 1630 1798 ant
1644 1735 1703 1798 alio
1727 1744 1876 1815 tempore,

1135 1845 1188 1890 seu
1200 1829 1277 1890 iuris
1291 1830 1398 1892 ordine
1414 1845 1478 1891 non
1493 1836 1626 1905 servato,
1639 1837 1878 1909 contrapatrem

1136 1922 1359 2002 provincialem
1380 1930 1559 2002 ceterosque
1570 1931 1601 1985 et
1620 1923 1758 2000 singulos
1780 1923 1880 1986 nomi·

1137 2023 1225 2078 natos
1245 2023 1347 2094 patres
1368 2017 1435 2078 lieri
1457 2016 1507 2078 vel
1528 2017 1673 2079 attentari
1695 2017 1876 2093 contigerit:

1136 2108 1229 2171 verba
1250 2123 1384 2186 namque
1411 2109 1687 2184 constitutionum,
1710 2115 1788 2187 part.
1816 2127 1877 2185 ιιι,

1136 2220 1200 2284 cap.
1229 2219 1301 2278 ιιι,
1331 2203 1421 2279 520,
1455 2203 1512 2265 ibi:
1541 2203 1638 2266 Prior
1669 2203 1880 2281 provincialia

1137 2298 1255 2376 poterit
1277 2295 1326 2359 ιιι
1346 2295 1476 2374 (ιιιιίιιι
1508 2296 1695 2375 visitatores)
1723 2297 1880 2377 corripere

1137 2397 1168 2452 ct
1188 2390 1316 2468 pouit-c,
1339 2391 1376 2454 de
1397 2391 1589 2453 correctione
1610 2397 1641 2452 et
1655 2390 1818 2468 punitione
1834 2405 1881 2451 re-

1138 2484 1237 2560 gulari
1253 2484 1289 2545 ad
1304 2484 1528 2562 poenitentiam
1548 2483 1882 2562 extraiuclicialiterque

1138 2577 1346 2656 imponendis,
1369 2583 1399 2639 et
1421 2593 1483 2639 uon
1505 2577 1604 2652 aliter,
1628 2593 1730 2655 neque
1745 2577 1882 2642 aliomo-

1138 2671 1187 2745 do,
1210 2671 1411 2748 intelligenda
1436 2687 1501 2733 esse
1521 2671 1722 2733 declaramus.
1750 2669 1880 2744 Verum,

1138 2779 1210 2826 cuna
1230 2765 1392 2844 praedictis
1412 2765 1549 2842 patribus
1570 2765 1602 2828 in
1618 2763 1794 2826 delinitorio
1809 2764 1881 2826 novi

1139 2876 1172 2921 ac
1193 2857 1364 2926 immediati
1392 2857 1516 2936 capituli
1538 2858 1745 2937 provincialis,
1774 2864 1881 2936 utpote

1138 2967 1266 3015 suorum
1288 2951 1460 3014 oliiciorum
1471 2959 1612 3029 tempore
1632 2952 1694 3012 iarn
1716 2951 1881 3028 completo,

1139 3045 1309 3126 praedictae
1330 3061 1445 3124 poenae
1465 3043 1658 3124 privationis,
1674 3043 1883 3122 suspensionis

1139 3140 1191 3202 vel
1212 3138 1410 3218 depositionis
1432 3138 1468 3201 ab
1488 3136 1594 3198 officiis
1620 3137 1800 3198 nullatenus
1826 3136 1883 3198 im·

1140 3235 1212 3312 poni
1235 3234 1362 3312 possint,
1385 3231 1577 3312 praedictum
1603 3229 1817 3292 delinitorium
1838 3247 1883 3290 ca-

1129 3326 1230 3406 'pitnli
1253 3325 1447 3406 provincialis
1468 3325 1634 3387 recensitas
1651 3339 1775 3401 poenas,
1799 3324 1883 3385 iuxta

1139 3435 1281 3482 excessus
1297 3426 1400 3481 tamen
1419 3418 1610 3496 qualitatem,
1626 3415 1820 3478 commutare
1833 3415 1885 3477 de-

1140 3513 1224 3576 bebit
1245 3512 1505 3592 inprivationem
1523 3511 1771 3590 privilegiorum,
1788 3509 1882 3582 vocis,

1141 3606 1191 3668 vel
1212 3607 1245 3668 in
1267 3607 1339 3668 alias
1366 3605 1536 3684 respective
1560 3621 1673 3684 poenas
1698 3605 1884 3683 indispensa-

1141 3700 1245 3764 biliter
1265 3701 1450 3762 subeundas.

1182 3807 1226 3857 rx.
1250 3793 1281 3857 si
1303 3793 1372 3872 quis
1393 3793 1593 3856 definitorum
1608 3807 1645 3855 ex
1666 3793 1722 3854 hac
1743 3792 1807 3853 vita
1828 3790 1886 3854 mi·

1815 569 1856 632 29
1906 567 1958 622 Au.
1973 570 2003 624 O.
2024 567 2092 620 1679

1940 3786 1974 3829 lte
1987 3794 2046 3830 casu
2061 3750 2114 3842 quo

1142 3889 1289 3968 gravarit,
1311 3887 1361 3950 vel
1381 3886 1552 3950 inevitabili
1566 3887 1668 3966 aliquo
1689 3885 1884 3966 praepeditus
1903 3836 2115 3939 gssssffssssffllss

1141 3983 1365 4062 impedimento
1392 3998 1509 4044 munus
1533 3997 1626 4044 suum
1654 3997 1799 4042 exercere
1820 3997 1883 4042 non

1142 4079 1290 4159 potuerit,
1312 4085 1365 4140 aut
1386 4077 1431 4138 illi
1453 4076 1542 4139 iustis
1557 4093 1594 4138 eu
1609 4076 1708 4138 causis
1722 4075 1885 4138 renuncia-

1142 4173 1234 4248 verit,
1257 4178 1332 4234 tuno
1353 4172 1419 4232 sine
1441 4169 1525 4232 mort
1545 4169 1664 4247 primus
1682 4169 1826 4230 [lebnitor
1847 4183 1884 4230 en

341 3887 401 3949 tari
420 3887 596 3964 contigerit.

104 3978 325 4080 mnffrssamfffflefss
382 3999 451 4044 vau.
474 3981 699 4044 Provincialem
713 3981 890 4060 processuri,
906 3979 1004 4042 officio
1026 3978 1087 4058 pri·

104 4089 154 4133 nae
172 4087 208 4133 <te
223 4085 326 4150 ornain·
343 4079 421 4153 vari,
437 4085 489 4140 aut
505 4077 541 4139 ab
562 4075 670 4138 eodem
685 4075 831 4153 suspendi
846 4074 895 4136 vel
910 4074 968 4134 alia
982 4073 1086 4152 puniri

104 4142 179 4194 ciali,
206 4139 326 4185 delinito·
495 4171 501 4182 .
778 4169 784 4180 .
1027 4168 1032 4177 .

104 4195 188 4249 eous,
205 4194 325 4240 dstote
343 4171 441 4252 poena
461 4179 554 4233 etiam
575 4185 630 4248 per
650 4177 836 4232 sententiam
858 4165 1086 4230 declaratoruarn

106 4248 178 4294 ribus
209 4245 325 4304 altisque

107 4300 253 4348 nonnullis.

344 4281 407 4328 non
427 4279 514 4343 posse
535 4263 741 4338 declaramus,
772 4262 832 4326 nisi
854 4262 885 4323 in
910 4259 1086 4324 definitorio

343 4359 467 4437 capituli
487 4357 684 4436 provincialis
701 4357 752 4420 vel
773 4355 1019 4434 congregationis
1040 4353 1088 4416 in-

343 4452 526 4529 termediam
543 4452 580 4514 de
595 4451 631 4512 iis
644 4451 731 4513 enim
745 4451 916 4524 dumtaxat,
933 4464 996 4510 non
1012 4463 1086 4508 vero

343 4549 381 4610 de
401 4545 577 4609 delinitorio
599 4543 732 4624 capituli
752 4543 880 4622 privati,
910 4542 1087 4618 intelligen-

343 4643 417 4704 dum
438 4657 505 4703 esse
525 4639 714 4702 declaramus
727 4637 941 4702 delinitorium
961 4636 1086 4716 provin·

343 4736 418 4811 ciae,
441 4750 456 4795 a
477 4749 539 4812 quo
560 4740 683 4795 nostrae
708 4748 810 4795 sacrae
837 4731 1084 4804 constitutiones,

343 4839 421 4908 part.
444 4845 507 4903 ιιι,
529 4843 592 4906 cap.
617 4841 675 4902 ιι,
698 4828 717 4902 ἓ
736 4827 767 4903 9,
790 4824 1009 4906 provincialem
1031 4841 1086 4904 pu·

344 4925 494 4987 niendum
509 4923 693 4986 decernunt.
710 4919 787 4982 llinc
798 4918 1005 4982 revocandum
1016 4933 1088 4980 cen-

343 5033 458 5093 semus,
481 5023 573 5095 prout
593 5030 665 5077 cum
696 5013 808 5076 ellectu
829 5027 1009 5074 revocamus
1036 5010 1089 5073 de-

344 5120 465 5174 cretum
491 5106 754 5172 reverendissimi.
767 5103 938 5168 Valvasorii
964 5106 1087 5183 praede-

344 5204 486 5267 cesssoris
506 5203 621 5277 nostri,
648 5217 709 5280 quo
730 5215 784 5278 pro
805 5201 969 5277 punitione
994 5199 1087 5278 patris

345 5297 540 5377 provincialis
571 5295 784 5359 delinitorium
818 5293 944 5372 capituli
976 5293 1088 5372 privati

344 5399 412 5454 octo
432 5399 556 5470 patrum
569 5388 727 5452 stabilivit.
738 5425 741 5432 ι
751 5387 879 5466 lnsuper
893 5387 1087 5465 privationis,

344 5482 564 5562 suspensionis,
576 5479 626 5542 vel
648 5479 737 5541 aliam
759 5479 930 5558 respective
944 5493 1086 5556 poenam,

346 5584 381 5638 ut
400 5591 504 5653 supra,
527 5573 724 5652 provincialis
738 5587 802 5634 non
817 5572 935 5647 subeat,
959 5572 1030 5646 nisi,
1043 5571 1090 5633 iu-

346 5669 389 5731 ris
404 5669 513 5732 ordine
526 5675 657 5743 servato,
670 5668 709 5730 ob
722 5681 863 5730 excessus
875 5665 925 5727 vel
936 5681 1022 5727 casus
1033 5681 1089 5743 pro

346 5763 442 5840 ipsius
465 5761 637 5840 privatione
663 5759 713 5822 vel
737 5759 938 5839 suspensione
963 5758 997 5819 in
1017 5773 1089 5822 con·

345 5855 560 5917 stitutionibus
580 5869 759 5933 expressos:
784 5859 909 5932 propter
932 5855 1088 5931 quosmet-

346 5949 426 6028 ipsos
451 5949 609 6012 dumtaxat
630 5962 770 6010 excessus
791 5945 842 6010 vel
863 5962 949 6008 casus
972 5959 1089 6023 respec-

1142 4267 1240 4328 tribus
1262 4265 1381 4338 additis,
1403 4263 1456 4326 ille
1471 4262 1649 4340 scilicetqui
1672 4261 1782 4324 ceteris
1797 4261 1884 4339 plura

1141 4357 1284 4434 sutfragia
1300 4359 1333 4419 in
1348 4372 1456 4420 eorum
1472 4355 1623 4419 electione
1633 4355 1751 4430 babuit,
1765 4353 1885 4416 etiamsi

1142 4469 1250 4516 omnes
1272 4459 1333 4514 tres
1355 4451 1503 4514 maiorem
1523 4457 1641 4530 partem
1663 4450 1804 4511 omnium
1823 4447 1886 4510 sul-

1142 4546 1312 4623 lragiorum
1333 4544 1511 4619 habuerint,
1532 4549 1575 4618 et,
1598 4543 1631 4604 in
1652 4553 1737 4621 parte
1761 4557 1815 4604 seu
1836 4559 1884 4603 ae-

1142 4639 1290 4718 qualitate
1303 4637 1702 4714 suffragiorumantiquior
1716 4635 1825 4712 gradu,
1840 4642 1883 4710 et,

1141 4733 1166 4794 si
1189 4731 1327 4810 graduali
1355 4745 1419 4792 non
1443 4730 1576 4805 luerint,
1599 4729 1785 4808 professione
1806 4729 1883 4789 anti-

1142 4827 1242 4906 quior,
1258 4824 1460 4888 conformiter
1474 4825 1510 4886 ad
1526 4831 1645 4886 nostras
1659 4839 1756 4885 sacras
1771 4822 1885 4884 consti·

1142 4920 1290 4994 tutiones,
1306 4923 1383 4998 part.
1401 4933 1463 4993 ιιι,
1479 4933 1543 4996 cap.
1561 4935 1631 4992 ιιι,
1652 4933 1741 4979 num.
1760 4933 1803 4992 ι.,
1819 4917 1838 4992 5
1855 4916 1882 4991 l,

1143 5021 1173 5075 et
1194 5013 1301 5075 eadem
1329 5019 1407 5090 part.
1437 5027 1498 5086 ιιι,
1521 5027 1585 5089 cap.
1614 5029 1697 5086 ιιιι,
1725 5013 1743 5086 5
1765 5011 1795 5086 3,
1817 5010 1884 5072 eius

1142 5107 1208 5168 loco
1229 5105 1425 5182 subrogetur,
1447 5105 1563 5182 illoque
1584 5105 1757 5180 deficiente,
1775 5121 1885 5167 secun·

1143 5200 1210 5275 dus,
1233 5206 1263 5261 ct
1284 5207 1385 5277 postca
1419 5198 1527 5260 tertius
1558 5198 1668 5260 eodem
1689 5199 1797 5260 ordine
1822 5215 1886 5259 ser·
1936 5218 1939 5224 ’

1143 5297 1229 5370 vato;
1252 5293 1334 5371 quod
1361 5292 1455 5354 etiam
1476 5292 1510 5354 in
1530 5291 1683 5353 similibus
1709 5291 1793 5354 etin
1819 5291 1885 5352 aliis

1143 5386 1391 5464 quibuscumque
1407 5385 1525 5447 casibus
1539 5383 1725 5461 subrogandi
1746 5399 1801 5446 seu
1815 5400 1886 5462 sup·

1142 5479 1248 5558 plendi
1280 5478 1513 5555 emergentibus
1544 5477 1672 5539 omnino
1703 5476 1886 5539 observetur

1143 5591 1176 5636 ac
1198 5573 1259 5634 fiat.
1283 5573 1368 5648 Quod
1389 5573 1415 5632 si
1436 5571 1542 5633 nullus
1564 5585 1673 5632 eorum
1695 5570 1884 5646 inveniatur,

1143 5683 1285 5729 recursus
1306 5667 1454 5726 habeatur
1475 5665 1511 5727 ad
1532 5663 1738 5743 antiquiorem
1761 5679 1799 5725 en
1813 5679 1886 5741 qua-

1144 5765 1215 5821 tuor
1245 5758 1460 5821 definitoribus
1491 5756 1685 5835 quadriennii
1718 5755 1887 5817 immediati

1144 5852 1313 5932 praeteriti,
1336 5849 1450 5930 illoque
1471 5849 1645 5925 deficiente,
1661 5849 1696 5910 ad
1712 5848 1757 5910 illi
1778 5849 1887 5912 imme-

1144 5945 1273 6019 diatum,
1288 5951 1362 6018 ιιι,
1378 5951 1409 6004 ιι
1423 5943 1567 6006 omnibus
1581 5942 1742 6021 praedictis
1756 5949 1888 6020 quatuor
