4866 6980
116 595 173 650 An.
187 597 219 653 O.
242 595 312 651 tota

99 4527 193 4631 tiore?
203 4527 326 4616 {iterna-

99 4626 172 4668 uvae.

979 606 1188 662 innocentius
1209 607 1254 662 xl.

513 793 766 868 tnnootnvtos
789 795 848 866 ΡΡ.
874 795 918 868 xt.

462 920 497 992 ad
520 932 690 1010 perpetuam
713 927 757 994 rei
787 927 966 994 memoriam.

161 1127 244 1192 sauq
261 1129 321 1175 raca
381 1122 400 1198 g
423 1119 449 1180 l.
474 1120 532 1182 Pro
553 1127 639 1198 parte
662 1120 810 1184 carissimi
831 1122 865 1183 in
888 1119 1009 1183 Christo
1031 1116 1087 1178 filii

105 1181 324 1290 ιῖἷῗιῗῗιιῗῖῦὲἒᾶ
341 1215 439 1278 nostri
470 1213 571 1277 Oaroli
602 1215 816 1294 Hispaniarum
845 1213 926 1290 regis
947 1210 1088 1274 catholici

104 1287 227 1344 pluribus
241 1289 270 1336 ln
287 1300 323 1335 sa-

105 1344 197 1396 quenti
210 1343 322 1391 decreto.

341 1307 429 1370 nobis
450 1323 551 1386 nuper
572 1308 686 1388 exponi
706 1307 778 1370 fecit
792 1307 922 1370 dilectus
937 1307 1018 1368 lilius
1034 1320 1087 1366 no-

341 1401 410 1462 bilis
431 1401 481 1462 vir
501 1400 615 1480 Gaspar
636 1403 673 1464 de
694 1402 774 1463 Haro
795 1409 826 1464 et
847 1401 987 1464 Ouzmau
1008 1397 1097 1460 mar?

341 1494 409 1556 chio
430 1493 469 1556 de
490 1495 611 1573 Carpio,
635 1494 773 1557 eiusdem
797 1493 898 1557 Caroli
913 1493 995 1571 regis
1009 1493 1087 1572 apud

341 1604 398 1652 nos
419 1596 450 1652 et
471 1589 581 1652 Sedem
612 1587 817 1667 Apostolicam
848 1597 962 1662 orator,
993 1587 1087 1666 quod,

341 1697 413 1745 curn
433 1681 506 1744 alias
528 1681 714 1746 venerabilis
735 1682 831 1746 frater
846 1681 988 1744 Nicotaus
1003 1680 1089 1745 Oliva

244 1771 248 1780 '
342 1777 508 1856 Episcopus
530 1777 741 1852 canonensis,
764 1775 817 1854 qui
845 1783 919 1839 tunc
940 1774 1088 1854 temporis

342 1870 452 1952 prioris
474 1869 626 1948 generalis
646 1871 768 1934 Ordinis
792 1870 926 1933 fratrum
946 1867 1089 1930 eremita·

341 1980 412 2027 rum
434 1964 538 2027 Sancti
559 1964 727 2042 Augustini
741 1979 872 2026 munere
887 1963 1087 2042 fungebatur,

342 2057 556 2120 alternativam
572 2063 602 2120 et
615 2057 832 2136 aequalitatem
847 2057 946 2138 quoad
961 2057 1088 2135 provin-

342 2151 466 2214 cialatus
487 2160 651 2232 ceteraque
671 2153 774 2215 omnia
795 2151 891 2214 officia
913 2151 1090 2230 provinciae

342 2246 496 2321 Onitensis
517 2247 551 2309 iu
573 2245 665 2310 lndiis
686 2245 929 2310 Occidentalibus
949 2244 1021 2307 dicti
1037 2243 1090 2307 Or-

342 2339 421 2402 dinis
443 2340 525 2402 inter
551 2341 689 2405 eiusdem
721 2340 897 2420 provinciae
925 2339 1034 2400 fratros
1055 2338 1088 2398 iu

342 2432 485 2510 Hispania
506 2443 594 2496 natos
615 2443 646 2497 et
667 2435 792 2496 illarum
814 2435 948 2512 partium
970 2431 1088 2508 indige-

343 2541 408 2602 naS,
431 2543 507 2606 quos
528 2528 656 2590 crioltos
684 2527 855 2603 vulgariter
882 2533 1004 2600 vocant,
1026 2541 1089 2586 ser-

342 2620 409 2682 vari
430 2621 542 2684 debere
561 2622 727 2696 statuisset,
751 2621 844 2700 idque
870 2621 963 2683 etiam
984 2635 1000 2678 a
1022 2617 1088 2679 feli-

342 2713 384 2774 cis
405 2715 626 2777 recordationis
655 2713 815 2777 Clemente
843 2713 920 2793 Papa
940 2714 979 2778 ll.
1003 2727 1088 2792 prae-

342 2805 500 2868 decessore
521 2813 628 2870 nostro
648 2809 870 2870 confirmatum
892 2806 1014 2881 fuisset,
1036 2823 1089 2868 ve·

341 2917 415 2962 rum
434 2908 562 2980 propter
582 2901 714 2964 fratrum
735 2901 941 2980 Hispanorum
961 2901 995 2962 in
1011 2899 1089 2962 dicta

341 2994 500 3073 provincia
521 2993 706 3073 paucitatem
734 2994 886 3057 eiusmodi
907 2993 1088 3056 alternative

341 3095 374 3148 et
394 3087 560 3167 aequalitas
581 3087 679 3166 quoad
695 3089 797 3152 omnia
811 3089 989 3168 provinciae
1003 3103 1088 3168 prae-

342 3181 419 3243 latae
439 3181 535 3244 officia
555 3182 623 3244 sine
643 3183 788 3260 gravibus
808 3181 1012 3245 incommodis
1026 3199 1089 3244 ser·

343 3273 408 3335 vari
439 3275 601 3354 nequiret:
637 3276 719 3338 idem
749 3275 891 3340 Nicolaus
923 3276 1089 3355 Episcopus

342 3367 473 3430 subinde
494 3375 569 3430 tunc
588 3367 686 3430 adhuc
700 3370 784 3448 prior
799 3369 952 3446 generalis
966 3369 1088 3432 Ordinis

342 3461 481 3542 praefati,
504 3463 612 3539 vigore
632 3462 782 3526 facultatis
803 3465 860 3528 sibi
881 3479 974 3542 super
993 3464 1089 3526 hoca

343 3556 430 3618 uobis
457 3572 629 3632 concessae,
652 3559 792 3621 eamdem
820 3557 1036 3622 alternativam
1058 3565 1089 3620 ct

342 3650 559 3728 aequalitatem
580 3651 621 3713 ita
643 3653 818 3716 moderatus
843 3659 901 3728 est,
925 3660 959 3716 ut
981 3653 1089 3715 illaad

342 3744 582 3824 provincialatus
609 3761 642 3808 ac
669 3746 871 3809 definitorum
901 3754 932 3810 et
953 3747 1089 3809 visitato·

343 3853 415 3900 raam
435 3839 614 3918 provinciae
634 3839 789 3914 Onitensis
808 3839 979 3920 praedictae
993 3840 1088 3902 officia

343 3932 503 3993 dumtaxat
516 3933 654 3994 restricta
669 3941 701 3995 et
715 3941 864 3996 coarctata
878 3933 1001 4009 existat,
1017 3949 1089 3995 cum

343 4025 472 4086 diversis
502 4025 758 4088 declarationibus
779 4027 1088 4102 coordinationibus,

343 4131 435 4200 prout
465 4121 590 4200 plenius
616 4121 797 4183 continetur
818 4121 850 4182 in
871 4121 956 4184 illius
977 4120 1089 4183 litteris

344 4216 520 4295 patentibus
550 4217 681 4294 desuper
711 4213 861 4277 emanatis
891 4215 1008 4277 tenoris
1036 4213 1088 4294 qui

343 4311 496 4388 sequitur,
519 4310 676 4372 videlicet:

113 4411 327 4518 „0„{'³,⁶g,⁰,‘,¹‡gi
362 4403 559 4506 ¹‹Hagister
580 4403 674 4465 frater
695 4403 836 4466 Nicolaus
863 4403 949 4466 Oliva
971 4404 1090 4466 Senen-

235 4515 327 4561 mera-
343 4513 395 4572 su,
418 4497 513 4558 totius
533 4496 655 4560 Ordinis
676 4497 877 4558 eremitarum
903 4497 1007 4560 Sancti
1029 4497 1090 4560 Au-

345 4590 461 4666 gustini
482 4590 567 4669 prior
588 4591 751 4668 generalis.
775 4591 954 4654 Provinciae
968 4597 1090 4654 nostrae

344 4685 510 4760 Ouitensis,
526 4699 619 4762 quam
634 4683 667 4746 in
682 4684 852 4746 visceribus
867 4683 1006 4760 gerimus
1020 4684 1089 4746 cha-

344 4776 454 4851 ritatis,
486 4775 649 4852 religiosae
680 4775 777 4854 quieti
808 4792 842 4836 ac
873 4775 1089 4853 tranquillitati

344 4869 506 4932 consulere
537 4869 687 4945 volentes,
711 4867 783 4930 aliis
803 4869 861 4931 sub
882 4868 931 4931 die
952 4884 1017 4931 xvx.
1042 4870 1089 4932 iu-

345 4965 390 5026 nii
411 4979 571 5029 uoccxxv.
602 4965 762 5026 decretum
793 4963 997 5038 condidimus
1028 4979 1089 5043 quo

344 5058 426 5120 aliud
448 5057 699 5120 reverendissimi
727 5058 837 5135 prioris
860 5058 998 5134 magistri
1020 5059 1089 5120 Hie-

345 5151 468 5228 ronymi
486 5151 524 5212 do
538 5149 657 5212 Ghettis
672 5149 911 5228 praedecessoris
926 5150 1023 5211 nostri
1039 5149 1090 5212 de-

345 5251 465 5305 cretum
486 5243 536 5306 die
557 5259 601 5303 rx.
626 5243 691 5304 iulii
725 5258 866 5306 uocxxv.
897 5251 1088 5320 emanatum,

345 5353 382 5398 eo
403 5339 486 5414 quod
507 5344 559 5399 aut
579 5353 740 5416 uunquam
762 5338 796 5399 in
817 5338 950 5416 praefata
965 5338 1091 5417 provin·

346 5431 390 5493 eid
411 5440 571 5509 receptum
592 5438 644 5492 aut
666 5432 814 5509 temporis
842 5433 974 5494 decursu
996 5433 1089 5494 viola-

345 5531 413 5586 tum
433 5523 645 5603 oblivionique
666 5523 773 5585 (latum
794 5524 1019 5600 intelleximus,
1034 5543 1091 5588 uo-

344 5617 406 5677 stra
426 5618 608 5680 auctoritate
628 5618 880 5681 confirmavimus
902 5627 933 5680 et
946 5619 1090 5698 approba·

345 5711 448 5773 vimus
468 5717 499 5772 et
515 5711 745 5786 innovavimus,
761 5711 1090 5790 iterumque'decrevi-

346 5820 426 5880 mus,
448 5811 495 5880 ut,
519 5820 582 5867 non
603 5805 743 5866 obstante
761 5805 900 5884 quolibet
914 5805 1022 5880 abusu,
1037 5813 1090 5866 aut

346 5897 471 5976 praefati
503 5899 618 5960 decreti
650 5899 891 5974 inobservantia,
919 5898 952 5960 in
977 5898 1089 5960 futuris

346 5990 379 6052 in
399 6001 558 6070 posterum
589 5993 808 6072 capitularibus
834 5991 1036 6054 electionibus
1057 5993 1089 6054 in

450 6140 503 6187 far.
521 6141 590 6186 f’omt.
607 6139 637 6186 de
654 6141 726 6200 Prop.
742 6139 804 6185 Fide
818 6140 899 6204 Partis
913 6141 932 6186 1.
947 6138 999 6185 Vol.
1014 6141 1045 6185 ll.

1142 735 1248 800 eidem
1269 735 1426 816 provincia
1446 735 1585 814 Onitensi
1604 742 1782 800 servaretur
1797 735 1887 799 alter-⁴

1143 835 1246 896 nativa
1268 840 1298 895 et
1320 833 1509 909 vicissitudo,
1538 834 1579 896 ita
1601 840 1636 896 ut
1659 833 1692 894 fn
1720 848 1784 895 uno
1815 847 1889 911 qua-

1143 929 1287 992 driennio
1309 927 1478 1004 eligeretur
1499 927 1532 989 iu
1554 925 1775 1005 provincialem
1802 931 1889 1004 pater

1143 1021 1252 1102 aliquis
1274 1021 1437 1100 Hispanus,
1459 1021 1493 1082 in
1514 1020 1611 1082 altero
1633 1035 1708 1082 vero
1723 1019 1889 1099 quadrien-

1142 1117 1195 1178 nio
1209 1115 1378 1192 eligeretur
1392 1121 1478 1194 pater
1493 1115 1620 1178 alterius
1634 1112 1779 1188 familiae,
1796 1129 1889 1192 quam

1143 1210 1331 1272 crioltorom
1362 1209 1458 1287 vulgo
1489 1216 1615 1284 vocant,
1645 1226 1678 1271 ac
1707 1207 1834 1288 insuper
1855 1208 1888 1270 iu

1143 1305 1252 1366 ceteris
1271 1319 1395 1384 quoquc
1409 1303 1526 1378 officiis,
1542 1302 1658 1366 scilicet
1673 1303 1887 1375 definitorum,

1144 1397 1355 1472 visitatorum,
1389 1397 1584 1475 prioratuum
1615 1403 1687 1470 etc,
1723 1394 1889 1473 aequalitas

1143 1499 1321 1554 servaretur
1342 1491 1425 1553 iuter
1445 1491 1522 1570 ipsas
1544 1491 1617 1554 duas
1632 1489 1780 1566 familias;
1797 1487 1890 1567 idque

1143 1585 1202 1648 sub
1232 1585 1347 1648 eisdem
1378 1585 1526 1660 censuris,
1559 1584 1665 1664 poeuis
1694 1589 1891 1646 electorum

1144 1679 1287 1742 nullitate
1318 1680 1351 1742 in
1384 1675 1538 1759 praedicto
1569 1677 1822 1741 reverendissimi
1853 1677 1890 1738 de

1144 1773 1263 1836 Ghettis
1294 1773 1416 1837 decreto
1454 1773 1559 1834 taxatis
1594 1772 1816 1854 praecepimus.
1852 1771 1892 1833 Ut

1144 1883 1218 1930 vero
1249 1869 1436 1930 recensitum
1469 1869 1526 1930 hoo
1557 1877 1700 1929 nostrum
1732 1867 1892 1930 decretum

1145 1961 1265 2025 firmius
1278 1961 1471 2036 consisteret,
1488 1962 1616 2039 eiusque
1630 1960 1824 2024 observantia
1839 1975 1891 2020 ve·

1145 2055 1203 2118 luti
1224 2057 1259 2120 ad
1281 2057 1459 2119 eradicanda
1481 2056 1584 2118 omnia
1598 2057 1632 2117 in
1648 2053 1807 2133 provincia
1821 2053 1893 2128 Qui-

1145 2150 1225 2212 tensi
1247 2149 1469 2214 discordiarum
1497 2151 1638 2226 germina
1665 2147 1893 2228 pernecessaria

1145 2244 1301 2322 perpetuis
1322 2244 1436 2309 futuris
1457 2244 1648 2322 temporibus
1676 2241 1823 2304 inviolata
1844 2257 1891 2302 re-

1145 2346 1296 2412 maneret,
1325 2344 1451 2417 petente
1479 2337 1726 2399 eminentissimo
1747 2352 1781 2398 ac
1805 2350 1892 2396 reve·

1145 2431 1330 2493 rendissimo
1362 2430 1392 2493 S.
1417 2432 1452 2493 li.
1483 2432 1518 2494 Ε.
1551 2430 1705 2494 Cardinali
1737 2428 1891 2491 Nidhardo

1145 2524 1284 2588 catholici
1305 2525 1520 2604 Hispaniarum
1542 2525 1625 2602 regis
1646 2525 1726 2602 apud
1748 2523 1891 2586 Sanctam

1145 2619 1257 2682 Sedem
1288 2629 1420 2696 oratore,
1453 2619 1548 2682 felicis
1579 2617 1799 2680 recordationis
1825 2615 1892 2680 Cle·

1145 2727 1236 2796 mens.
1255 2713 1331 2794 Papa
1353 2715 1392 2776 X.
1415 2713 1598 2775 auctoritate
1622 2710 1784 2790 apostolica
1804 2710 1893 2772 beni·

1146 2823 1206 2886 gne
1228 2807 1304 2870 illud
1326 2823 1396 2870 cum
1428 2807 1572 2870 omnibus
1595 2813 1626 2868 et
1647 2805 1778 2882 singulis
1801 2804 1832 2865 in
1856 2819 1892 2864 eo

1145 2901 1300 2965 contentis
1321 2902 1498 2982 approbavit
1519 2907 1550 2962 et
1569 2899 1777 2974 confirmavit,
1792 2914 1826 2959 ac
1840 2898 1891 2960 de-

1144 3013 1237 3076 super
1258 2997 1376 3058 litteras
1397 2995 1430 3058 in
1453 2993 1549 3057 formai
1570 2993 1677 3056 Brevis
1697 2991 1755 3055 sub
1769 2991 1818 3055 die
1833 3007 1889 3052 vn.

1145 3091 1267 3167 augusti
1289 3105 1449 3154 uocuxxv.
1473 3087 1618 3167 expedire
1640 3085 1807 3148 mandavit.
1832 3085 1893 3146 Ve-

1144 3199 1216 3246 rum
1237 3199 1307 3245 cum
1331 3183 1457 3248 Carolus
1480 3183 1515 3244 lt.
1539 3181 1754 3261 Hispaniarum
1776 3195 1831 3240 rex
1846 3195 1892 3240 ca·

1144 3275 1276 3338 thelicus
1297 3293 1352 3356 per
1374 3276 1473 3354 regias
1504 3291 1573 3338 suas
1604 3274 1721 3337 litteras
1744 3272 1831 3336 nobis
1852 3271 1891 3332 si-

1145 3370 1293 3446 gnificare
1307 3369 1449 3446 dignatus
1464 3369 1569 3444 fuerit,
1585 3375 1620 3431 ut
1634 3367 1786 3446 praefatae
1800 3365 1892 3427 alter-

1145 3463 1267 3526 nativae
1297 3463 1540 3524 moderationem
1570 3461 1789 3536 stabiliremus,
1823 3477 1891 3524 eam

1144 3558 1181 3620 ad
1212 3557 1308 3620 officia
1339 3557 1594 3637 provincialatus,
1628 3555 1828 3618 definitorum
1860 3563 1892 3618 et

1145 3652 1341 3714 visitatorum
1372 3650 1599 3728 restringendo,
1623 3665 1678 3712 nos
1707 3651 1821 3728 itaque,
1844 3666 1891 3712 re·

1145 3746 1203 3823 giis
1235 3746 1361 3808 nutibus
1382 3753 1417 3808 ut
1445 3761 1499 3823 par
1526 3751 1572 3806 est
1603 3743 1818 3822 obtemperare
1839 3760 1891 3804 cu-

1144 3840 1275 3917 pientes,
1298 3850 1504 3918 opportunam
1526 3837 1694 3901 addictam
1708 3836 1891 3900 moderatio·

1145 3949 1218 3994 nem
1239 3939 1270 3994 et
1292 3933 1521 3995 restrictionem
1542 3931 1719 3994 facultatem
1734 3949 1750 3992 a
1765 3931 1892 3993 sanctis-

1145 4029 1222 4090 simo
1244 4027 1369 4088 domino
1398 4033 1505 4088 nostro
1533 4025 1715 4088 innocentio
1737 4025 1813 4105 Papa
1835 4024 1888 4087 Xl.

1145 4120 1275 4184 feliciter
1296 4127 1446 4196 regnante
1470 4119 1635 4182 humiliter
1655 4119 1890 4198 postulavimus

1145 4229 1238 4294 quam
1259 4213 1348 4276 nobis
1369 4215 1537 4276 concedere
1559 4213 1683 4290 dignata
1703 4221 1750 4275 est
1773 4213 1890 4276 Sancti-

1146 4314 1189 4369 tas
1211 4309 1272 4372 Sua
1294 4323 1349 4386 per
1369 4307 1487 4370 litteras
1509 4309 1541 4368 in
1563 4305 1660 4368 formal
1682 4307 1789 4368 Brevis
1804 4313 1890 4369 teno-

1145 4402 1188 4462 ris
1208 4403 1377 4480 sequentis,
1400 4400 1557 4464 videlicet:

1185 4495 1211 4558 A
1244 4503 1349 4574 torpa,
1386 4493 1502 4556 llilecto
1537 4493 1600 4556 filio
1631 4492 1756 4556 Nicolao
1787 4495 1891 4558 Olivae
1910 4513 2122 4612 renii⁰ir⁰r¹⁰⁰⁰'

1146 4590 1241 4668 priori
1272 4587 1409 4665 generali
1440 4586 1561 4650 Ordinis
1589 4587 1721 4651 fratrum
1748 4589 1890 4650 eremita-

1146 4699 1216 4744 rum
1245 4684 1275 4747 S.
1300 4681 1483 4758 Augustini:
1508 4681 1602 4744 fotos
1633 4699 1716 4753 vero,
1739 4682 1890 4745 innocen-

1146 4777 1208 4838 tius
1229 4777 1304 4854 Papa
1325 4775 1391 4849 xl,
1414 4774 1526 4836 dilecte
1547 4773 1602 4848 fili,
1625 4773 1757 4836 salutem
1777 4783 1808 4836 et
1822 4793 1892 4854 apo-

1144 4869 1283 4932 stolicam
1304 4869 1563 4931 benedictionem.
1589 4869 1710 4946 Expoui
1730 4869 1819 4930 nobis
1834 4887 1892 4934 nu-

1144 4978 1199 5040 per
1230 4962 1328 5024 fecisti
1360 4961 1440 5040 quod
1469 4968 1503 5023 tu
1533 4961 1617 5036 alias,
1645 4961 1789 5024 videlicet
1820 4973 1892 5026 ante

1144 5056 1319 5131 biennium,
1347 5055 1397 5116 vel
1423 5055 1556 5129 circiter,
1580 5056 1616 5118 ad
1642 5055 1822 5118 instantiam
1845 5074 1892 5118 ca-

1145 5149 1259 5212 cissimi
1281 5151 1314 5210 in
1336 5149 1458 5212 Christo
1486 5148 1543 5209 salii
1574 5149 1672 5210 nostri
1704 5151 1804 5212 Caroli
1826 5151 1891 5211 His-

1145 5245 1307 5324 paniarum
1342 5241 1423 5318 regis
1454 5241 1595 5305 catholici
1620 5242 1758 5316 statuisti
1789 5251 1825 5304 ut
1856 5244 1890 5306 in

1145 5338 1303 5418 provincia
1323 5337 1462 5411 Ouiteusi
1483 5337 1527 5398 tui
1542 5335 1663 5398 Ordinis
1678 5337 1810 5398 fratrum
1826 5353 1891 5398 cre·

1145 5433 1294 5496 mitorum
1323 5431 1426 5494 Sancti
1449 5429 1616 5507 Augustini
1638 5431 1669 5492 in
1692 5429 1786 5493 indiis
1807 5431 1890 5494 Occi-

1145 5525 1319 5588 dentalibus
1350 5524 1566 5587 observaretur
1598 5524 1780 5586 alternative
1806 5525 1890 5586 inter

1145 5619 1254 5681 fratres
1277 5619 1308 5679 in
1337 5617 1478 5696 Hispania
1510 5621 1597 5678 natos
1625 5625 1655 5678 et
1676 5616 1802 5678 illarum
1823 5635 1890 5696 par·

1147 5712 1225 5773 tium
1256 5710 1428 5786 indigenas,
1458 5725 1534 5787 quos
1557 5708 1691 5772 Criotlos
1720 5709 1891 5786 vulgariter

1146 5809 1267 5879 vocant,
1291 5811 1355 5865 tam
1375 5803 1473 5881 quoad
1504 5803 1774 5880 provincialatum,
1797 5818 1889 5881 quarn

1145 5901 1244 5976 rpuoad
1271 5897 1487 5976 aequalitatem
1511 5898 1544 5957 in
1570 5896 1714 5959 omnibus
1740 5897 1891 5972 generali-

1148 6000 1193 6053 ter
1214 5991 1279 6052 aliis
1298 5991 1405 6052 officiis
1421 5990 1566 6068 gotbernii
1581 5991 1678 6052 dictae
1692 5990 1888 6068 provinviae;

1771 6139 1784 6194 2

1849 587 1868 658 9
1919 593 2017 652 Aac.
2040 595 2108 650 1ova
2146 587 2148 592 ·
