4878 6982
1010 591 1152 635 CLEMENS
1174 591 1217 636 Xl.

343 703 585 780 approbationis,
609 706 833 782 innovationis,
859 707 1086 782 declarationis,

343 797 534 858 extensionis
554 805 754 874 statutorum,
776 802 983 878 decretorum,
1001 817 1087 862 man·

344 889 498 964 datorum,
511 891 689 966 sanctionis,
713 893 927 968 ordinationis,
944 910 1087 974 praecep-

344 988 461 1056 torum,
480 984 711 1058 admonitionis,
735 985 1022 1061 commendationis,
1046 988 1088 1048 ir·

343 1071 509 1150 ritationis,
542 1077 729 1150 cassationis,
756 1077 961 1152 derogationis
984 1085 1013 1138 et
1034 1093 1087 1140 vo·

343 1165 499 1228 luntatum
523 1167 705 1245 intringere,
722 1170 772 1231 vel
788 1170 815 1230 ei
830 1187 906 1232 ausu
922 1171 1086 1232 temerario

343 1263 510 1339 contraire;
522 1264 549 1323 si
564 1265 633 1342 quis
647 1272 750 1326 autem
765 1265 822 1326 boc
838 1273 990 1327 attentare
1002 1283 1087 1345 prae·
1113 1218 1116 1357 Ξ

343 1356 521 1432 sumpserit,
534 1357 781 1434 indignationem
797 1358 1019 1438 omnipotentis
1035 1359 1087 1420 llei

344 1463 378 1508 ac
397 1447 559 1510 beatorum
584 1449 666 1510 Petri
695 1459 726 1511 et
754 1450 840 1512 Pauli
869 1451 1086 1528 Apostolorum

344 1539 412 1600 eius
426 1556 456 1599 se
472 1543 596 1603 noverit
618 1543 827 1604 incursurum.

385 1633 495 1695 llatarn
523 1633 653 1709 Romae,
680 1635 759 1714 apud
785 1636 815 1699 S.
840 1637 984 1712 Petrum,
1007 1654 1088 1699 anno

345 1724 564 1788 incarnationis
589 1728 765 1790 Dominicae
793 1745 944 1804 auecta,
969 1747 996 1790 v.
1022 1731 1089 1793 idus

344 1816 458 1892 martii,
482 1819 677 1896 pontificatus
699 1821 796 1882 nostri
816 1837 897 1882 anno
919 1839 961 1882 rv.

599 2031 839 2042 ——

683 2221 749 2285 xv.
1117 2152 1119 2288 l

348 2400 522 2481 Confirmat
545 2407 707 2469 decretura
730 2407 761 2469 S.
779 2409 817 2469 lt.
841 2415 871 2468 et
898 2409 931 2469 ll.
953 2407 1089 2485 inpulsi·
1116 2323 1119 2489 ,

386 2496 485 2557 tionis
508 2497 543 2558 dc
565 2501 773 2562 caeremoniis
795 2508 825 2562 et
843 2497 962 2562 citatos
979 2500 1090 2564 Sirteu·
1116 2492 1119 2588 j

384 2589 469 2650 sium
491 2589 545 2668 (l).

345 2789 408 2833 Acta
416 2799 524 2834 causam
534 2790 636 2836 rituum
646 2803 692 2836 seu
702 2791 928 2837 caeremoniarum
939 2790 1089 2836 sinensium

385 2855 596 2910 complectentia:
735 2913 736 2918 ¹
1117 2866 1118 2891 t

345 2929 361 2962 1.
378 2920 529 2966 Mandatum
549 2935 595 2967 seu
614 2923 729 2968 edictum
750 2924 850 2969 domini
871 2923 958 2969 caroli
978 2921 1089 2978 Maigrot
1116 2955 1118 2983 ,

385 2987 483 3032 vicarii
496 2989 637 3045 apostolici
658 2990 834 3036 rottenstein
854 3002 935 3046 regno
957 2989 1089 3044 Sinarum,
1116 3018 1118 3055 ἰ

384 3063 454 3100 nunc
468 3056 586 3113 Episcopi
601 3058 765 3102 canonensis.
1116 3086 1118 3097 ·

346 3131 371 3164 ιι.
389 3123 512 3171 Quaesita
526 3136 556 3168 ex
570 3125 660 3169 eodem
671 3125 794 3170 mandato
804 3135 850 3170 seu
863 3123 948 3168 edicto
958 3126 1089 3180 excerpta,
1116 3136 1118 3209 q

385 3200 475 3234 sacrae
497 3192 698 3248 congregationi
717 3195 827 3236 Sanctae
845 3194 979 3236 Romanae
993 3192 1019 3234 et
1034 3189 1090 3234 uni·

385 3257 495 3302 versatis
509 3259 691 3316 inquisitionis
705 3259 845 3317 proposita.
1115 3250 1118 3316 l

344 3334 381 3368 ιιι.
397 3326 531 3382 Responsa
544 3327 606 3372 data
621 3327 714 3374 iisdem
732 3327 859 3384 quaesitis
874 3326 1018 3383 apraesata
1029 3330 1090 3372 con·
1115 3370 1117 3386 ,

382 3392 542 3448 gregatione.

343 3467 378 3502 ιν.
394 3461 531 3504 Decretum
546 3469 561 3504 a
576 3460 743 3506 sanctissimo
757 3459 862 3504 domino
879 3461 969 3504 nostro
984 3459 1089 3504 domino

384 3525 515 3571 clemente
530 3526 618 3572 divinat
637 3527 801 3584 providentia
816 3529 884 3583 Papa
899 3529 939 3571 X1.
956 3526 982 3570 in
997 3527 1088 3571 eadem

382 3593 589 3650 congregatione
610 3594 652 3639 die
673 3605 716 3639 xx.
740 3593 889 3640 novembris
910 3605 1014 3640 arnccrv.
1037 3592 1089 3637 edi·

382 3661 448 3714 turn,
463 3673 514 3718 quo
528 3662 598 3706 dicta
612 3672 737 3717 responsa
751 3661 942 3706 confirmantur
957 3663 983 3705 et
998 3671 1089 3716 appro-

382 3727 486 3773 bantus

384 3957 412 4011 tl)
428 3958 465 4000 Ex
480 3956 620 4002 clementis
634 3959 675 4001 xt.
692 3959 717 4001 P.
733 3959 764 4001 M.
780 3957 897 4002 callario
911 3959 1009 4001 Romae
1024 3955 1085 4000 edit.

342 4033 488 4068 moccxmn.
504 4036 535 4068 ex
552 4027 604 4080 typ.
621 4026 689 4068 cam.
702 4028 746 4080 Ap.
757 4023 844 4068 collat.
861 4027 908 4068 etc.
925 4027 953 4068 ln
968 4027 1089 4066 innocen·

343 4089 375 4134 tii
389 4091 429 4134 Xl.
444 4093 525 4135 coarat.
546 4091 584 4134 ed.
601 4101 745 4135 sancum.
766 4090 807 4134 die
822 4101 877 4136 vur.
893 4089 1009 4146 augusti,
1029 4099 1088 4145 pon-

343 4155 380 4199 tir.
392 4167 426 4210 v.,
436 4155 522 4202 editae
533 4156 640 4202 luerunt
651 4155 792 4202 nonnullae
804 4157 983 4202 ordinationes
993 4156 1020 4200 in
1030 4167 1089 4200 cau-

343 4221 379 4266 sis
393 4223 454 4266 ndei
476 4234 603 4268 novorum
624 4223 831 4268 christianorum
846 4222 873 4266 in
888 4221 977 4278 regnis
999 4225 1088 4266 Portu·

343 4288 448 4344 galliae,
463 4293 489 4333 et
500 4289 641 4334 clementis
651 4291 691 4333 Xl.
702 4292 783 4334 const.
795 4289 833 4333 ed.
846 4299 968 4342 mcccxv,
979 4287 1021 4333 die
1031 4299 1085 4332 xrx.

344 4356 442 4410 martii,
458 4357 546 4412 pontis.
559 4368 612 4410 xv,
623 4359 652 4400 ut
663 4355 738 4411 infra,
749 4356 910 4412 praecipitur
920 4355 1088 4401 observantia

343 4423 522 4480 praesentium
537 4422 702 4467 decretorum
717 4422 745 4466 in
754 4423 834 4468 causa
845 4422 938 4467 Sinicai.
950 4425 986 4465 Ex
997 4423 1087 4466 eodem

343 4491 420 4536 clem.
437 4493 476 4534 XI.
493 4489 609 4534 bullario
623 4501 680 4546 pag.
691 4493 731 4533 517
744 4490 923 4546 depromimus
935 4489 1088 4534 declaratio-

343 4568 402 4602 nem
417 4567 433 4603 a
447 4556 628 4614 superioribus
650 4560 673 4600 S.
689 4560 706 4600 1.
724 4559 801 4601 ssmo
823 4556 900 4600 clena.
922 4559 961 4600 xl.
983 4555 1089 4600 burnili·

343 4627 384 4670 ter
397 4625 521 4670 oblatam.

617 4759 812 4800 DECLARATIO

1348 759 1534 828 GLEMENS
1557 761 1617 829 ΡΡ.
1642 759 1687 828 xt.

1286 920 1322 986 etl
1344 921 1475 988 tutorem
1498 922 1541 990 rai
1566 923 1746 991 memoriam.

1506 1126 1527 1186 Ι.

1301 1309 1476 1353 MANDATUM
1491 1309 1550 1354 snt*
1564 1311 1734 1355 DECRETUM

1142 1471 1251 1512 Domtnt
1267 1469 1355 1512 Carott
1369 1471 1484 1521 Maceror
1509 1473 1605 1514 l'tcartt
1620 1475 1760 1524 Apostottot
1780 1473 1890 1516 Feraten-

1182 1537 1219 1577 sts
1240 1539 1269 1578 tn
1290 1545 1373 1586 repno
1394 1539 1540 1584 Statorem,
1567 1549 1642 1583 accarca
1664 1541 1787 1591 apocopa
1810 1541 1890 1584 cono·

1183 1605 1280 1646 nertsts.

1144 1777 1259 1833 carolus
1278 1775 1401 1845 llalqrot,
1420 1779 1561 1842 sacerdos,
1575 1778 1702 1833 ltlcarlus
1715 1779 1890 1846 apostoncae

1187 1861 1338 1926 fontensis,
1357 1874 1456 1916 sacrae
1475 1861 1621 1918 facultatis
1641 1863 1811 1918 Par-islensis
1831 1865 1891 1920 doc·

1183 1947 1236 2013 lor,
1255 1945 1402 2013 scelusque
1427 1945 1606 2013 sorbonicus,
1625 1949 1749 2003 omnibus
1769 1948 1890 2003 lllcarla·

1183 2033 1229 2086 tus
1249 2031 1336 2086 nostrl
1354 2031 1599 2088 consacerdotibus
1622 2033 1739 2088 salutem
1755 2032 1781 2086 in
1795 2031 1831 2086 Ec
1845 2031 1889 2099 qul

1185 2115 1361 2171 calomniam
1381 2129 1448 2171 vera
1467 2117 1552 2172 salus.

1116 2289 1119 2322 ¹
1184 2308 1231 2369 Ex
1251 2323 1311 2384 quo
1333 2307 1365 2368 in
1391 2306 1537 2368 Sinarum
1566 2305 1744 2384 imperium,
1768 2309 1828 2368 Deo
1851 2306 1893 2368 ia·
1911 2315 2125 2416 sogirffissnpo‘ffl'

1144 2409 1250 2474 vente,
1272 2399 1457 2477 appulimus,
1481 2399 1568 2459 nobis
1589 2415 1712 2477 semper
1745 2403 1817 2462 baec
1840 2400 1893 2462 lii-

1144 2495 1296 2556 cariorum
1311 2491 1558 2571 Apostolicorum
1577 2491 1792 2554 sollicitudinis
1806 2509 1891 2572 prae·

1144 2589 1230 2666 cipua
1252 2601 1322 2664 pars
1344 2585 1407 2644 visa
1428 2591 1485 2658 est,
1510 2591 1544 2644 ut
1561 2583 1690 2645 diversis
1705 2585 1892 2662 quaestioni-

1143 2681 1211 2756 bus,
1234 2677 1404 2756 dequibus
1435 2677 1518 2736 inter
1540 2675 1746 2738 missionarios
1776 2677 1892 2740 iamdiu

1143 2771 1399 2843 controvertitur,
1417 2771 1523 2842 linem,
1545 2769 1570 2829 si
1593 2769 1659 2830 lieri
1674 2779 1787 2850 posset,
1804 2771 1891 2834 aller-

1143 2875 1228 2941 rent3
1251 2865 1300 2925 sin
1322 2864 1437 2935 minue,
1460 2862 1600 2938 regulam
1617 2863 1817 2924 missionariis
1833 2872 1893 2925 tra·

1144 2961 1264 3032 derant,
1288 2971 1376 3034 quae,
1401 2955 1497 3016 donec
1513 2955 1685 3032 Apostolica
1707 2955 1799 3017 Sedes
1821 2973 1893 3018 con·

1144 3051 1326 3114 troversiam
1348 3049 1539 3121 diiudicaret,
1560 3049 1678 3126 aequali
1696 3049 1733 3110 ab
1747 3049 1892 3111 omnibus

1142 3163 1202 3208 usu
1230 3153 1260 3206 et
1288 3143 1408 3204 ratione
1438 3148 1624 3202 servaretur.
1660 3141 1766 3220 Neque
1793 3143 1889 3217 enim,

1143 3237 1223 3316 quod
1245 3236 1365 3312 saepius
1387 3241 1547 3310 gementes
1573 3237 1802 3312 conspeximus,
1823 3235 1892 3296 sine

1144 3345 1256 3406 magno
1278 3327 1478 3390 ecclesiarum
1498 3327 1626 3388 istarum
1642 3327 1832 3390 detrimento
1846 3345 1893 3389 ac

1142 3424 1226 3496 cidit,
1250 3427 1284 3482 nt
1306 3420 1467 3497 Evangelii
1490 3419 1638 3494 ministri,
1656 3421 1689 3482 in
1708 3421 1799 3482 rebus
1814 3437 1892 3498 quae

1143 3515 1177 3576 ad
1198 3515 1252 3576 Dei
1268 3513 1387 3576 cultum
1402 3519 1432 3573 et
1449 3513 1638 3575 idololatriae
1652 3513 1892 3591 extirpationem

1115 3610 1297 3681 ¹attinent,
1332 3608 1414 3668 inter
1445 3623 1477 3667 se
1509 3621 1572 3667 non
1605 3607 1820 3682 consentiant,
1857 3613 1893 3668 ut

1115 3705 1118 3760 ζ
1143 3703 1225 3780 quod
1246 3700 1297 3760 alii
1318 3699 1386 3761 sine
1406 3698 1596 3760 idololatriae
1628 3698 1696 3760 labe
1717 3699 1785 3760 fieri
1805 3715 1893 3778 posse

1142 3955 1191 3998 bus
1206 3953 1373 4010 singularum
1388 3951 1585 3996 provinciarum
1598 3949 1683 3994 dictae
1694 3951 1840 4005 societatis,
1850 3951 1892 3996 ob-

1143 4019 1207 4065 tulit
1230 4018 1371 4065 sanctitati
1393 4022 1459 4062 Suae
1474 4028 1521 4074 per
1540 4017 1646 4060 modum
1666 4016 1791 4072 supplicis
1806 4016 1892 4062 libelli

1143 4087 1303 4142 scripturam
1318 4084 1426 4140 tenoris,
1441 4084 1486 4141 qui
1504 4083 1632 4140 sequitur,
1647 4083 1783 4128 videlicet:

1249 4209 1343 4251 Forte:

1184 4326 1354 4372 sanctissimo
1375 4325 1484 4370 borcaino
1498 4326 1592 4368 Nostro
1607 4323 1735 4368 clementi
1750 4326 1834 4380 Papae
1849 4327 1889 4370 XI.

1184 4437 1232 4479 Pro
1246 4433 1397 4489 Praeposito
1413 4431 1533 4477 doctorali
1549 4430 1686 4476 societatis
1701 4434 1766 4475 lesu.

1250 4559 1328 4600 Intus
1342 4565 1422 4597 cero:

1183 4690 1255 4732 inter
1268 4687 1413 4739 postulata,
1428 4696 1494 4741 quae
1509 4685 1600 4728 Patres
1615 4685 1801 4728 Procuratores
1816 4681 1890 4728 missi

1143 4757 1253 4799 Romam
1269 4765 1283 4798 e
1297 4752 1409 4809 singulis
1421 4751 1558 4796 societatis
1569 4753 1626 4794 lesu
1638 4749 1780 4796 Provinciis
1791 4750 1823 4794 ad
1834 4760 1891 4794 con-

1101 4826 1104 4832 ’
1144 4823 1246 4866 suetam
1262 4818 1496 4875 congregationem
1510 4818 1714 4862 Procurator-um
1724 4816 1851 4861 indictam
1863 4817 1890 4860 ln

343 4893 566 4935 Reverendtsetmt
580 4894 670 4934 Patrts
683 4892 817 4934 Mtcbcwtts
828 4893 919 4941 saneta
931 4891 1089 4932 raincartat

383 4961 532 5010 Praepostrt
555 4961 689 5001 Generalis
710 4961 843 5001 societatis
865 4960 924 5000 lesu
943 4968 1028 5008 supter
1043 4959 1089 5000 Ρο-

382 5028 481 5068 strctato
497 5028 666 5068 canonicaliter
679 5027 728 5068 sict
737 5028 805 5074 sacto
816 5036 833 5067 a
843 5027 897 5068 PR.
909 5027 1036 5068 Patribus
1046 5027 1089 5066 Aa·

383 5094 536 5135 sistentibus
557 5094 712 5139 lt'atiortum,
736 5095 759 5134 et
781 5091 1008 5135 Procurratortbtrs
1027 5093 1090 5133 Pro-

382 5161 536 5201 otncioram
546 5161 663 5202 attrectent
672 5161 724 5201 Soc.
735 5159 835 5201 Romae
843 5160 1009 5210 concrepator
1019 5167 1090 5199 racen-

382 5236 410 5266 se
423 5227 560 5268 nonencort
573 5235 678 5270 ntnccxr.
690 5228 860 5268 Saracttrstmo
871 5227 983 5268 Domino
993 5226 1089 5267 Nostro

383 5294 496 5335 Domino
513 5294 638 5336 Clementt
652 5293 696 5335 XI.
714 5293 837 5344 Pontifici
850 5293 970 5334 Muciano
983 5292 1090 5334 bacrnttt-

384 5363 424 5402 ter
438 5363 525 5404 obtata
539 5363 570 5402 aa
584 5363 674 5404 eodem
696 5361 723 5402 P.
741 5360 895 5410 Praepootto
911 5359 971 5400 cert.
989 5360 1031 5400 dte
1044 5367 1087 5400 xx.

383 5429 501 5470 eiusdem
515 5430 621 5470 meracis.

450 5561 496 5602 Dte
509 5569 553 5602 xx.
570 5561 721 5602 notaembrts
735 5569 840 5603 muccxr.

383 5695 563 5740 Reverendiss.
577 5697 655 5739 Pater
669 5693 779 5738 Michael
790 5692 903 5749 angelus
914 5691 1089 5736 camburinns

344 5761 511 5818 Praepositae
526 5761 657 5817 generalis
668 5760 804 5806 societatis
815 5763 881 5809 Iesu.
893 5759 1047 5819 provolutus
1057 5758 1089 5803 ad

345 5831 423 5887 pedes
438 5830 560 5875 sanctiss.
576 5833 678 5874 Ι).Ν.1).
693 5829 833 5873 clementis
848 5827 939 5871 Divina
954 5825 1090 5870 Providen-

345 5897 383 5942 tia‘t
397 5900 481 5954 Papae
495 5900 535 5942 XI.
552 5897 579 5941 in
595 5897 694 5941 Palatio
716 5895 862 5953 apostolico
884 5893 1021 5944 eririnali,
1035 5891 1088 5936 una

344 5975 404 6010 curn
419 5967 463 6009 ΡΡ.
481 5965 671 6010 assistentibus
691 5963 841 6016 Nationurn,
862 5973 892 6007 ac
913 5959 1090 6006 Procuratori-

1143 4887 1213 4932 hunc
1234 4897 1349 4931 mensem
1372 4885 1539 4930 novembrem
1554 4883 1616 4928 anni
1631 4894 1737 4928 nrnccxr.
1753 4893 1892 4940 proposue-

1143 4965 1180 5008 re,
1197 4963 1278 4997 unum
1293 4951 1342 4996 fuit
1357 4963 1420 5008 prae
1441 4950 1553 4996 caeteris
1576 4951 1681 4995 summa
1701 4950 1820 4994 oblatum
1835 4961 1892 4994 con·

1145 5019 1273 5074 tentione,
1295 5021 1321 5062 et
1341 5017 1478 5062 acerrimis
1500 5017 1619 5062 omnium
1640 5017 1749 5072 studiis,
1771 5017 1891 5073 votisque

1143 5085 1364 5139 commendatum,
1378 5087 1503 5141 tanquam
1518 5084 1595 5139 longe
1610 5083 1719 5128 maximi
1734 5083 1766 5128 ad
1782 5093 1891 5127 surarum

1145 5153 1340 5199 provinciarum
1361 5163 1449 5209 pacem
1468 5153 1495 5196 et
1510 5150 1732 5195 existimationem
1755 5149 1889 5194 momenti.

1184 5224 1213 5265 ln
1228 5221 1276 5266 boc
1290 5219 1425 5264 Postulato
1440 5217 1591 5273 significant
1606 5216 1758 5273 Praeposito
1770 5215 1892 5262 cerrerali

1144 5287 1256 5332 lacerari
1278 5285 1415 5332 societatis
1437 5285 1575 5329 universae
1597 5293 1691 5328 nomen
1707 5281 1892 5336 iradigmssima

1144 5353 1322 5407 accusatione,
1347 5364 1413 5409 quae
1435 5351 1476 5396 illi
1500 5351 1627 5395 maiorem
1652 5349 1736 5394 inurit
1760 5349 1891 5404 dolorem,

1145 5433 1223 5478 quam
1245 5419 1451 5465 innumerabiles
1472 5417 1541 5463 aliae
1561 5416 1749 5471 accusationes,
1765 5415 1892 5460 obtrecta-

1145 5489 1238 5544 tiones,
1253 5491 1278 5533 et
1293 5487 1441 5532 calumniae
1462 5487 1554 5530 contra
1575 5483 1694 5528 eamdem
1716 5482 1849 5538 fabricari,
1865 5484 1891 5527 et

1145 5554 1312 5600 disseminari
1334 5553 1441 5606 solitae;
1464 5554 1490 5596 et
1509 5550 1561 5608 qua
1580 5562 1607 5594 se
1628 5549 1728 5596 fatetur
1749 5550 1781 5596 ad
1803 5549 1891 5594 vivum
1969 5607 1972 5612 Ι

1143 5623 1287 5677 vulnerari,
1302 5625 1328 5667 et
1342 5621 1470 5678 pupillam
1485 5618 1554 5663 oculi
1569 5617 1611 5662 sui
1626 5617 1707 5674 tangi.

1183 5690 1381 5735 Accusationem
1391 5689 1458 5732 banc
1469 5684 1677 5730 vehementiores
1687 5682 1839 5728 Adversarii
1849 5682 1891 5727 bis

1143 5757 1229 5802 verbis
1242 5757 1398 5801 informant:
1415 5757 1484 5806 mma
1496 5755 1603 5796 Decreta
1613 5755 1753 5804 Pontificio
1760 5761 1830 5804 praa
1839 5760 1893 5793 cae·

1144 5831 1207 5870 terta
1227 5829 1347 5868 exactam
1370 5825 1582 5868 sarantasmum,
1600 5829 1756 5869 caecataque
1776 5820 1893 5862 odertten-

1144 5898 1207 5936 ttaan
1224 5895 1365 5934 barretnant
1381 5888 1510 5938 lassatim,-
1525 5889 1556 5928 ab
1566 5897 1597 5928 eu
1607 5889 1696 5928 tamen
1705 5895 1774 5936 praa
1783 5887 1892 5928 caeteris

1143 5962 1277 6012 desistunt,
1295 5961 1360 6000 startia
1376 5959 1411 5998 act
1424 5957 1538 5998 salicara
1554 5955 1656 5996 decreta
1671 5955 1834 5994 monstrata...
1847 5953 1892 5994 Re·

1815 573 1873 638 223
1925 577 1978 630 An.
1993 577 2022 630 O.
2045 576 2115 630 1704
