4844 6990
561 579 620 644 530
1149 603 1246 650 rubras
1268 605 1480 654 nuaaruanuu

540 713 628 779 LXV.
652 717 844 794 llagnilicald
864 719 991 798 antiqua
1011 721 1235 784 Maronitarum
1250 725 1285 784 li-

599 811 648 886 de,
665 825 715 873 eos
733 813 769 874 ad
783 813 977 876 concordiam
993 813 1222 878 instaurandam
1239 816 1286 880 in-

599 905 687 980 vitat,
710 913 741 968 et
762 905 797 970 ad
819 909 876 972 boc
897 908 1015 971 lacilius
1029 910 1234 973 obtinendum
1250 913 1285 974 ad

599 1013 652 1060 eos
672 999 856 1078 Ablegatum
877 1017 969 1064 suum
994 1003 1091 1064 mittit
1112 1002 1286 1068 Gabrielem

601 1093 664 1156 Eva
679 1097 866 1156 monacnum
881 1095 1003 1159 Ordinis
1018 1093 1047 1158 S.
1061 1096 1189 1160 Antonii
1206 1098 1285 1160 eius-

601 1187 672 1249 dem
694 1189 781 1250 ritus.
806 1187 874 1252 348.

542 1279 646 1344 LXVI.
671 1282 779 1344 Eidem
794 1283 942 1361 Ablegato
957 1284 1133 1346 tarditatem
1149 1285 1287 1363 imperti-

604 1381 655 1437 tur
675 1375 853 1439 absolvendi
874 1394 890 1438 a
911 1377 1047 1440 censuris
1072 1393 1147 1458 quas
1167 1387 1288 1442 contra-

1400 728 1509 785 xerant
1530 722 1698 786 Maronitas
1725 723 1937 786 inobedientes
1965 723 2088 786 decreto

1400 833 1450 878 an.
1467 832 1641 892 5555555,
1656 823 1688 878 et
1702 817 1739 878 ab
1753 817 1982 896 irregularitate
1996 831 2088 896 quam

1400 910 1503 974 clerici
1537 910 1616 973 lorle
1650 912 1848 974 incurrerant
1879 913 1919 974 ob
1948 921 2088 992 spretum

1401 1019 1614 1079 censurarum,
1637 1006 1749 1068 sanatis
1770 1005 1864 1068 etiam
1882 1022 1937 1084 pro
1952 1005 2008 1068 bac
2022 1006 2089 1068 vice

1402 1098 1658 1173 absolutionibus,
1688 1116 1763 1178 quas
1790 1099 1964 1162 Patriarclra
1985 1107 2088 1162 aucto-

1401 1192 1493 1254 ritate
1513 1194 1579 1268 sud,
1602 1193 1653 1254 rel
1673 1193 1859 1255 missionarii
1880 1209 1920 1253 er
1935 1193 2090 1255 consuetis

1402 1284 1597 1442 facultatibgrs
1617 1285 1745 1348 lor-tasse
1766 1285 1936 1348 concedere
1963 1293 2090 1364 putare·

1403 1387 1488 1441 runt.
1513 1379 1582 1441 34.

1094 1569 1409 1642 INNOCENTIUS
1432 1571 1537 1641 XIII.

546 1753 758 1816 Consurrurro
773 1753 795 1815 1.
813 1754 922 1820 Omnia
934 1753 1089 1832 generalia
1105 1759 1135 1814 et
1148 1749 1289 1830 specialia
1346 1749 1409 1814 llll.
1435 1750 1581 1816 Concedit
1603 1759 1671 1815 octo
1704 1753 1815 1830 gradus
1847 1751 2016 1828 magisterii
2037 1768 2092 1831 pro

604 1847 767 1926 privilegia
788 1849 901 1910 Terrae
920 1853 1042 1910 sanctae
1060 1846 1153 1908 asnis
1167 1845 1290 1923 praede·
1405 1845 1563 1922 provincia
1575 1845 1730 1909 Mexicant
1745 1845 1877 1908 fratrum
1892 1844 2092 1907 eremitarum

605 1941 775 2002 sessoribus
790 1957 930 2004 concessa
944 1941 1118 2003 confirmat.
1132 1954 1204 2019 pag.
1219 1937 1286 1999 345.
1404 1937 1435 2000 S.
1459 1941 1639 2018 Augustini.
1663 1939 1731 2003 354.

545 2032 580 2094 11.
606 2033 804 2112 Episcopatus
834 2033 1060 2110 Eugarasiensis
1092 2032 1192 2109 graeci
1212 2031 1290 2094 ritus
1344 2033 1419 2096 Vlll.
1444 2034 1594 2096 Concedit
1616 2051 1670 2097 ser
1701 2033 1813 2112 gradus
1844 2031 2015 2111 magiSterii
2037 2048 2092 2110 pro

605 2127 793 2189 erectionem
816 2127 848 2189 in
877 2127 1125 2190 Transilrania.a
1147 2125 1290 2190 Clemen·
1405 2127 1562 2206 provincia
1584 2125 2095 2190 11555555551555555555-

607 2225 636 2281 te
664 2220 715 2282 xl.
747 2222 902 2284 decretam
930 2222 1110 2296 confirmat3
1142 2226 1189 2294 et,
1220 2218 1292 2280 licet
1406 2237 1477 2282 rum
1500 2218 1530 2281 S.
1556 2221 1733 2298 Augustini.
1757 2221 1826 2283 355.

606 2311 749 2374 Clemens
770 2314 807 2375 55
829 2331 863 2376 55
885 2314 989 2376 literas
1011 2314 1188 2392 apostolicas
1205 2313 1291 2375 obitu
1346 2315 1396 2378 lll.
1423 2315 1593 2377 Continuat
1613 2321 1726 2376 statuta
1747 2313 2003 2392 Congregalionis
2019 2311 2092 2374 San-

607 2405 826 2482 praeveniente
847 2407 993 2485 expedire
1013 2407 1203 2486 nequiverit,
1225 2421 1291 2466 om·
1406 2407 1446 2467 cti
1468 2406 1625 2485 Hippolyti
1651 2406 1816 2468 Charitatis
1838 2407 1870 2468 io
1897 2406 1990 2469 indiis
2011 2406 2093 2469 Occi·
2172 2450 2176 2456 .

607 2499 691 2560 mnia
704 2497 807 2562 tamen
822 2499 966 2562 ellectum
980 2516 1073 2563 suum
1087 2499 1191 2563 sortiri
1206 2500 1292 2562 iubet
1406 2499 1591 2574 dentalibus
1607 2515 1677 2562 cum
1700 2499 1860 2562 nonnullis
1881 2499 2092 2562 declarationi-

607 2590 726 2670 abipsa
748 2594 861 2656 decreti
885 2595 943 2657 die.
968 2594 1043 2657 lbid.
1406 2593 1473 2655 bus.
1497 2593 1566 2654 356.
1655 2591 1658 2600 “

515 2743 522 2754 ,
548 2682 597 2744 lll.
622 2683 790 2748 Confirmat
811 2687 942 2764 Regulos
964 2687 1093 2766 Collegii
1110 2687 1293 2754 Missionum
1347 2687 1385 2749 X.
1410 2686 1510 2763 Erigit
1527 2685 1768 2749 Universitatem
1783 2687 1877 2749 studii
1893 2686 2045 2765 generalis
2060 2686 2093 2748 in

608 2775 639 2838 S.
663 2779 1293 2858 11555551555511515555510551515
1407 2780 1530 2842 civitate
1553 2780 1583 2842 S.
1607 2779 1705 2842 lacobi
1734 2782 1772 2842 de
1796 2779 1882 2842 Leon
1905 2781 1943 2842 55
1971 2781 2095 2843 Caracas

609 2869 719 2933 SSrirae
741 2875 899 2937 l'rinitatis
920 2875 1132 2954 Redemptoris
1155 2875 1293 2953 Captivo—
1408 2873 1564 2936 indiarum
1586 2873 1840 2938 Occidentalium.
1864 2873 1931 2935 358.

608 2983 696 3042 rum3
720 2965 895 3043 Collegium
909 2969 1031 3031 subiicit
1046 2968 1222 3030 immediate
1236 2970 1294 3028 mi·
1349 2967 1399 3029 Xl.
1424 2967 1570 3030 Concedit
1600 2967 1740 3029 eremitis
1771 2965 1802 3030 S.
1833 2967 2001 3044 Augustini
2026 2983 2095 3046 pro·

610 3059 707 3120 nistro
728 3060 866 3136 generali
888 3060 1009 3124 Ordinis
1030 3061 1088 3123 sub
1102 3061 1295 3140 protectione
1409 3061 1528 3122 vinciae
1550 3061 1701 3124 Chilensis
1729 3069 1937 3140 augmentum
1957 3077 2011 3122 sex
2033 3076 2096 3122 ma-

609 3159 640 3212 et
671 3153 874 3230 dependentia
906 3152 936 3215 S.
969 3155 1226 3232 Congregationis
1257 3154 1294 3215 de
1410 3155 1578 3232 gistrorum
1609 3169 1664 3233 pro
1691 3154 1778 3216 verbi
1800 3153 1853 3216 Oei
1881 3154 2096 3232 praedicatori-

610 3245 642 3305 P.
667 3246 699 3308 E.
724 3254 754 3308 et
774 3246 983 3310 Procuratoris
1009 3248 1193 3311 missionum
1216 3249 1296 3310 eius·
1410 3247 1476 3308 bus.
1501 3246 1571 3309 380.

612 3339 682 3400 555
703 3339 834 3403 Ordinis.
859 3342 925 3404 3b8.
1351 3341 1415 3404 Xll.
1441 3340 1588 3404 Concedit
1606 3340 1781 3402 Carmelitis
1796 3341 1972 3434 provinciae
1987 3340 2099 3402 Babiae

552 3431 600 3494 lv.
626 3435 772 3497 Concedit
802 3437 920 3498 custodi
942 3446 972 3499 et
994 3439 1161 3514 guardiauo
1190 3434 1219 3498 S.
1244 3435 1296 3499 Se·
1411 3435 1442 3496 in
1464 3433 1588 3496 Brasilia
1619 3434 1774 3509 magistris
1806 3433 1983 3496 facultatem
2004 3434 2098 3496 susci-

613 3527 1298 3607 pulclrrifacultatemconferendisacramen-
1410 3529 1513 3606 piendi
1549 3528 1687 3589 lauream
1718 3527 1893 3589 doctoratus
1923 3544 1940 3588 a
1971 3526 2096 3607 provin-

612 3629 680 3684 lum
702 3623 962 3686 confirmationis.
987 3623 1054 3686 351.
1411 3621 1488 3683 ciali.
1512 3619 1581 3682 351.

553 3713 590 3775 V.
615 3716 745 3778 innovat
767 3716 871 3778 literas
896 3716 1012 3779 Urbani
1034 3718 1124 3795 lllll,
1147 3721 1297 3782 innocen·
1352 3715 1429 3780 Xlll.
1448 3713 1596 3778 Concedit
1611 3711 2098 3791 Carmelitisprovinciaerlumi-

612 3809 648 3870 tii
670 3811 706 3872 X.
730 3809 924 3889 aliorumque
946 3811 1132 3875 Pontificum
1148 3830 1203 3892 pro
1218 3813 1298 3876 5155-
1411 3811 1460 3871 nis
1481 3809 1615 3870 ianuarii
1634 3809 1666 3869 in
1689 3808 1813 3869 Brasilia
1836 3809 1992 3884 magistris
2006 3807 2100 3870 iacul-

613 3903 749 3978 mosynis
763 3902 797 3964 ad
814 3904 965 3966 Locorum
979 3905 1163 3969 Sanctorum
1175 3924 1297 3970 conser—
1413 3911 1509 3965 tatem
1529 3899 1716 3980 suscipiendi
1738 3901 1874 3964 lauream
1894 3899 2068 3963 doctoratus
2083 3919 2100 3962 a

612 3997 771 4060 rationem
792 3997 825 4059 in
849 4007 911 4062 toto
930 3997 1004 4060 orbe
1019 3999 1209 4076 colligendis.
1227 4001 1295 4064 358.
1413 3995 1605 4076 provinciali.
1630 3995 1697 4056 358.

555 4089 605 4152 111.
636 4091 783 4153 Concedit
813 4107 867 4153 ser
898 4092 1010 4170 gradus
1043 4095 1212 4171 magisterii
1244 4112 1298 4174 pro
1354 4091 1432 4156 11111.
1457 4089 1572 4152 Statuil
1594 4095 1628 4150 ut
1642 4087 1794 4150 Ruthenis
1810 4087 1845 4148 ad
1860 4087 1931 4149 lidei
1948 4088 2101 4150 unitatem

613 4183 771 4262 provincia
792 4185 931 4247 Peruana
952 4186 1082 4248 fratrum
1096 4189 1299 4250 cremitarum
1414 4183 1643 4247 revertentibus
1671 4183 1751 4244 bona
1778 4199 1831 4244 sua
1862 4183 1984 4258 integre
2005 4196 2102 4242 reser-

616 4277 647 4360 S.
671 4277 846 4354 Augustini.
870 4279 939 4340 353.
1415 4285 1540 4339 ventur.
1564 4277 1632 4338 353.

1118 4471 1412 4542 BENEDIGTUS
1436 4471 1540 4539 XIII.

560 4665 771 4726 Cossrrrurro
786 4660 807 4720 l.
831 4656 991 4736 Synodum
1006 4652 1228 4734 provincialem
1243 4653 1304 4714 Ru·
1359 4651 1395 4714 ll.
1411 4653 1579 4714 Confirmat
1590 4653 1859 4729 praedecessorum
1872 4649 1974 4711 literas
1986 4667 2039 4729 pro
2051 4665 2105 4711 55-

621 4757 787 4818 tbenorum
828 4753 999 4817 Zamosciae
1043 4751 1179 4813 babilam
1223 4761 1304 4808 anno
1417 4746 1608 4808 cessitatibus
1629 4743 2081 4808 8555155555555555358.

618 4865 761 4914 555555.
780 4857 888 4912 tenore
902 4846 1113 4926 praesentium
1128 4844 1300 4906 confirmat.
1334 4831 1335 4834 ’
1360 4840 1408 4902 Vl.
1433 4840 1605 4902 Conlirmat
1620 4841 1781 4902 decretum
1796 4839 2051 4915 Congregationis
2067 4838 2105 4899 E-

618 4960 689 5025 paq.
714 4945 781 5006 365.
1419 4933 1614 5013 piscopurum
1636 4941 1667 4994 et
1688 4933 1902 5008 Regularium,
1918 4948 1979 5009 quo
1999 4931 2105 4993 statui-

560 5039 594 5101 ll.
619 5039 733 5102 Statuit
754 5038 914 5100 Rotbenos
936 5038 971 5099 ad
992 5035 1157 5099 Ecclesiam
1173 5033 1305 5095 redeun-
1421 5033 1472 5087 tur
1487 5033 1522 5088 ut
1537 5026 1675 5087 visitator
1689 5025 1867 5104 provinciae
1879 5025 2106 5104 Assumptionis

620 5142 665 5194 les
691 5146 872 5211 recuperare
901 5145 987 5209 posse
1008 5137 1038 5191 el
1063 5129 1200 5190 retinere
1226 5127 1305 5190 bona
1420 5127 1664 5192 'lucornanensis
1686 5129 1719 5188 in
1742 5127 1835 5189 indiis
1863 5124 2106 5189 Occidentalibus

620 5227 692 5304 ipsis
713 5235 838 5304 propter
857 5225 987 5287 schisma
1009 5223 1117 5285 ablata.
1141 5222 1209 5284 365.

561 5319 609 5381 111.
633 5317 777 5395 indulget
798 5329 832 5380 ut
854 5319 886 5379 in
908 5317 1044 5396 qualibet
1063 5317 1189 5378 ecclesia
1206 5316 1307 5378 calbe-

620 5412 696 5474 drali
718 5413 813 5475 totius
834 5413 916 5475 orbis
937 5411 1089 5486 catholici,
1113 5411 1144 5471 in
1166 5427 1224 5488 qua
1242 5424 1306 5470 non

621 5507 704 5570 adest
725 5507 819 5570 altare
840 5507 1074 5588 privilegiatum
1091 5504 1307 5583 quotidianum

1420 5223 1542 5288 Ordinis
1565 5223 1720 5285 blinorum
1735 5223 1773 5284 de
1788 5219 1998 5293 ObservanliA,
2011 5235 2108 5297 quan·

1421 5321 1459 5382 do
1481 5316 1712 5380 commissarius
1733 5314 1890 5376 lndiarum
1911 5312 1947 5373 ad
1967 5312 2108 5374 eamdem

1421 5428 1485 5474 non
1507 5410 1576 5472 rdlt
1597 5408 1750 5483 accedere,
1774 5423 1811 5468 ex
1833 5405 1938 5468 eidem
1955 5407 2108 5485 provincial

1423 5505 1566 5581 eligatur.
1591 5504 1665 5566 lbid.

622 5609 819 5681 perpetuom,
838 5616 940 5663 5555
955 5615 993 5660 er
1008 5599 1146 5660 eiusdem
1162 5594 1308 5658 altaribus
1364 5599 1426 5663 Vll.
1450 5597 1608 5672 Extendat,
1626 5599 1711 5658 iuxta
1725 5593 1865 5670 modum,
1882 5593 1917 5655 ad
1933 5609 2041 5658 omnes
2056 5593 2111 5658 Or-

622 5696 659 5758 ab
680 5696 840 5759 05515555
863 5695 1099 5771 designandum,
1123 5707 1159 5752 eo
1180 5689 1309 5765 gaudeat

621 5788 796 5867 privilegio.
819 5787 887 5852 357.

564 5888 615 5951 lv.
640 5886 785 5950 Concedit
806 5893 938 5964 quatuor
952 5881 1062 5963 primis
1076 5879 1255 5962 patriarchis
1269 5879 1310 5941 la-

624 5981 772 6044 cultatem
794 5980 931 6057 gestandi
954 5976 1138 6040 eromidcm.
1163 5975 1237 6038 lbid.

1424 5695 1511 5756 dines
1532 5699 1630 5753 const.
1653 5691 1742 5753 Alex.
1759 5689 1807 5752 lll.
1826 5698 1857 5750 et
1872 5688 1970 5751 Clem.
1989 5687 2054 5764 lv,
2071 5704 2112 5749 ne

1424 5785 1581 5862 regulares
1592 5784 1627 5844 ad
1639 5784 1805 5860 dignitates
1817 5781 2032 5845 ecclesiasticas
2043 5797 2111 5860 pro-

1425 5880 1519 5954 moti,
1548 5893 1654 5940 secum
1678 5883 1766 5937 entra
1794 5875 1939 5938 coenobia
1967 5875 2046 5937 bona
2067 5891 2111 5936 as-

1427 5982 1549 6054 portare
1570 5970 1713 6034 audeant.
1737 5969 1805 6032 389.
