4844 6990
300 501 352 557 Aa.
367 495 397 555 d.
419 492 487 552 fast
537 489 596 561 fest

557 638 668 700 Datum
692 636 818 713 Romae,
841 637 920 716 apud
933 631 964 701 S.
978 636 1102 700 llariam
1117 636 1264 700 Maiorem

516 732 575 794 sub
589 730 705 793 annulo
730 731 900 806 Piscatoris,
926 730 974 792 die
995 747 1108 792 xxvru.
1134 731 1265 794 ianuarii

518 839 743 900 unccxxxvu,
766 823 965 902 pontificatus
986 823 1084 886 nostri
1105 840 1188 885 anno
1206 841 1262 885 vu.

821 1108 962 1173 XXXVI.

521 1293 673 1356 Deciarut
707 1295 788 1372 quod
830 1293 1017 1358 Ordiuuriis
1053 1293 1193 1356 locorum
1229 1292 1264 1353 io

559 1389 660 1450 indiis
682 1404 746 1448 arua
769 1389 863 1450 liceat
885 1389 1019 1450 uisitare
1046 1387 1265 1468 confraterni-

560 1489 642 1544 tetcs
664 1487 785 1543 erectos
811 1487 842 1542 et
870 1481 1039 1560 criqeudus
1061 1481 1096 1541 iu
1125 1479 1264 1541 ecclesiis

558 1576 705 1653 [rutrum
731 1573 863 1637 Ordinis
894 1575 928 1635 B.
954 1572 1080 1637 Mariua
1101 1573 1136 1636 dc
1159 1573 1264 1636 ,doute

562 1667 705 1730 Carmeia
719 1666 987 1729 Euculceutorum
998 1671 1264 1743 nuncupatorum

562 1759 826 1839 Couqrcqutiouis
848 1760 1034 1838 Hispaniae,
1063 1775 1119 1820 nec
1140 1773 1266 1820 eorum·

560 1853 627 1915 deu
649 1853 795 1916 oratoria
817 1853 947 1916 ruralia
967 1850 1022 1932 (l).

719 2022 903 2090 eteueus
926 2022 1067 2090 PP.xl.
1158 2079 1161 2086 .

660 2143 1122 2212 mmmmmwm

236 2295 239 2302 Δ
336 2333 500 2389 privilegium
560 2321 628 2397 §f
654 2319 774 2400 Exponi
805 2319 894 2382 nobis
926 2336 1027 2398 nuper
1053 2319 1196 2382 fecerunt
1222 2317 1268 2380 di-

289 2387 396 2486 ssfflssffi
408 2392 502 2486 Cfflffiss
520 2414 591 2477 lecti
612 2413 667 2476 frlii
688 2413 863 2492 superiores
876 2412 1008 2474 fratrum
1023 2411 1146 2475 Ordinis
1160 2412 1193 2472 B.
1208 2411 1268 2472 lla·

288 2493 502 2646 }{fflgfffflifilj
522 2508 585 2570 riae
597 2508 634 2570 de
645 2507 749 2568 Monte
765 2505 906 2570 Carmelo
921 2505 1173 2570 Excalceatorum
1186 2519 1267 2566 nun·

307 2611 347 2664 sm
366 2600 503 2646 connatur-
520 2607 704 2678 cupaturum
720 2598 977 2675 congregationis
993 2597 1165 2676 Hispaniae,
1186 2595 1267 2676 quod

290 2658 391 2701 ΝΜ
521 2694 589 2772 ipsi,
615 2693 646 2754 in
668 2693 733 2752 vim
755 2691 992 2770 privilegiorum
1014 2690 1057 2751 eis
1079 2689 1206 2751 afelicis
1222 2705 1270 2750 re-

521 2785 707 2849 cordationis
734 2784 898 2847 Clemente
925 2783 980 2846 ΡΡ.
1010 2783 1062 2846 lli.
1094 2783 1267 2860 praedeces·

521 2895 591 2942 sore
612 2885 719 2940 nestro
741 2878 790 2940 die
811 2891 898 2938 xxvv.
928 2875 1107 2938 novembris
1129 2891 1265 2938 uocem.

521 2986 737 3034 concessorum
752 2977 784 3031 et
796 2969 965 3032 novissime
977 2986 992 3030 a
1005 2969 1093 3031 nobis
1105 2968 1155 3031 die
1165 2983 1265 3030 xxvu.

522 3064 602 3126 iunii
617 3078 805 3126 ubccxxxv.
820 3061 990 3140 respective
1000 3061 1267 3136 confirmatorum,

523 3157 637 3236 ubique
659 3165 815 3218 terrarum
830 3163 916 3216 extra
932 3154 1010 3216 banc
1024 3154 1137 3216 almam
1153 3154 1267 3217 Urbem

523 3259 662 3312 nostram
677 3249 830 3328 privative
844 3247 1111 3311 confraternitates
1126 3248 1268 3310 virorum

523 3351 554 3406 et
575 3343 746 3404 mulierum
767 3342 826 3404 sub
841 3342 933 3404 titulo
947 3341 1086 3403 eiusdem
1108 3341 1141 3402 B.
1159 3341 1268 3403 llariae

523 3438 561 3499 de
582 3435 685 3498 nonae
707 3435 848 3498 Carmelo
863 3435 983 3511 erigere
1005 3441 1035 3496 et
1058 3433 1189 3497 fundare
1202 3451 1270 3514 pos·

523 3535 607 3592 sunt.

355 3641 504 3690 cuiusmodi
563 3623 633 3698 §2
656 3621 738 3696 Quae
768 3621 894 3700 quidem
923 3620 1191 3683 confraternitates
1212 3635 1269 3682 nec

293 3698 505 3798 ἷξὲξθῖἰξξῇἳξξῃ·
524 3731 617 3779 usum
644 3729 820 3789 saccorum,
849 3729 951 3791 neque
981 3713 1142 3791 proprium
1170 3719 1269 3774 orato-

523 3809 607 3870 rium
629 3806 696 3868 sive
716 3806 797 3867 intra
818 3806 886 3866 sive
898 3812 984 3866 extra
1006 3805 1149 3879 claustra,
1166 3819 1268 3882 neque

524 3898 680 3974 redditae,
707 3905 739 3960 et
765 3899 1025 3962 consuetudinem
1043 3907 1096 3960 aut
1120 3913 1200 3960 onus
1222 3913 1270 3959 re-

523 3993 636 4055 citandi
668 3991 811 4054 divinum
841 3991 978 4054 officium
1004 3991 1138 4070 aliasque
1165 4005 1270 4068 preces

525 4086 652 4161 babent,
683 4085 823 4163 ullusque
854 4085 1027 4148 functiones
1054 4083 1269 4148 ecclesiasticas

524 4185 689 4257 peragunt,
710 4182 763 4240 sed
780 4179 996 4240 tantummodo
1012 4179 1268 4256 processionibus,

524 4287 602 4350 quae
624 4271 661 4332 ab
687 4270 795 4333 iisdem
823 4271 1050 4349 exponentibus
1072 4271 1105 4333 in
1131 4270 1270 4349 quolibet

524 4380 633 4426 mense
654 4364 720 4424 fieri
741 4363 844 4425 solent
858 4364 893 4426 ad
909 4363 1055 4426 effectum
1067 4364 1206 4427 lucrandi
1223 4365 1270 4426 in-

524 4456 700 4534 dulgentius
720 4457 836 4518 eisdem
857 4457 1189 4520 confraternitatibusa
1211 4459 1269 4520 llo·

525 4551 625 4612 manis
647 4550 846 4613 Pontificibus
861 4551 1142 4629 praedecessoribus
1156 4551 1270 4614 nostris

512 4659 693 4720 concessas,
717 4644 884 4705 intersunt.

307 4771 445 4828 mmm„
461 4765 508 4807 Me.
565 4739 584 4813 g
605 4737 634 4799 3.
658 4737 739 4799 Cum
760 4745 876 4812 autern,
898 4737 978 4800 sicut
998 4739 1105 4800 eadem
1118 4740 1270 4818 expositio

293 4824 507 4924 ξξῇῗξζέῗζῃξξξ
525 4829 744 4906 subiungebat,
769 4830 954 4892 venerabilis
979 4829 1074 4892 frater
1102 4832 1270 4894 modernus

526 4925 692 5002 Episcopus
717 4922 934 4984 llecboacanus
956 4923 988 4983 in
1014 4924 1108 4986 lndiis
1138 4941 1201 4986 non
1223 4941 1270 4986 so·

525 5018 591 5080 lum
611 5015 802 5095 supradictas
815 5015 1083 5078 confraternitates
1098 5017 1131 5078 in
1146 5034 1271 5080 eorum-

524 5111 596 5172 dem
611 5109 837 5188 exponentium
851 5108 986 5171 ecclcsiis
1001 5118 1129 5184 erectas,
1146 5126 1269 5173 necnon

524 5203 618 5264 etiam
638 5200 793 5280 quoddam
807 5202 977 5263 oratorium
992 5203 1096 5264 rurale
1110 5203 1270 5265 cuiusdam

525 5296 639 5375 praedii
661 5311 715 5373 per
739 5295 836 5358 dictos
857 5303 1049 5374 exponentes
1069 5297 1213 5374 possessi,
1236 5297 1270 5358 in

525 5405 586 5467 quo
618 5388 755 5465 religiosi
787 5397 976 5450 memoratae
1011 5389 1271 5466 Congregationis

526 5481 651 5542 missam
677 5498 732 5561 pro
760 5481 912 5561 spirituali
940 5481 1125 5544 colonorum
1155 5483 1270 5546 ibidem

525 5575 784 5636 commorantium
805 5573 1015 5637 consolatione
1028 5575 1183 5637 celebrare
1198 5591 1271 5638 cen-

525 5678 707 5744 sueverunt,
723 5669 849 5734 visitare
864 5670 1049 5746 tentaverit;
1073 5669 1161 5730 nobis
1181 5684 1271 5748 prop·

568 5889 598 5946 fl)
613 5893 651 5938 llx
665 5890 739 5936 areb.
755 5893 826 5938 Brov.

1040 513 1105 564 rua.
1130 507 1221 565 auur.
1245 513 1285 564 oc
1307 505 1336 564 b.
1359 505 1389 564 d.
1413 514 1496 564 rans
1518 506 1539 562 l.
1563 565 1569 582 ,

1320 643 1404 699 terea
1426 637 1519 700 iidem
1539 642 1743 716 exponentes,
1760 649 1800 700 ne
1821 631 1893 716 quid
1916 637 2019 702 simile
2034 637 2066 702 in

1321 737 1480 808 posterum
1501 747 1557 810 per
1578 729 1651 792 alios
1673 730 1812 793 locorum
1827 731 2002 795 Ordiuarios
2024 741 2069 796 at·

1323 827 1434 888 tentari
1455 827 1626 904 contingat,
1649 833 1823 905 opportune
1840 827 1872 888 in
1893 828 2068 906 praemissis

1321 936 1337 979 a
1352 919 1440 982 nobis
1454 919 1612 997 provideri
1623 927 1653 981 et
1668 925 1703 982 ut
1718 918 1798 982 infra
1814 919 1970 997 indulgeri
1983 936 2068 986 sum·

1321 1027 1447 1090 mopere
1468 1013 1657 1076 desiderent:
2406 1061 2407 1074 ,

1360 1105 1429 1179 §fe
1454 1104 1533 1181 Nos,
1562 1106 1641 1184 ipsos
1670 1115 1859 1186 exponentes
1886 1111 2068 1188 specialibus
2104 1117 2230 1164 aceram
2249 1118 2316 1163 ron·
2406 1103 2407 1170 3

2086 1171 2151 1218 tifex
2166 1169 2315 1218 huiusmo·
2406 1183 2407 1202 t

1321 1197 1478 1261 favoribus
1499 1207 1530 1261 et
1552 1200 1659 1276 gratiis
1688 1201 1832 1280 prosequi
1857 1203 2011 1279 volentes,
2037 1213 2068 1267 et
2086 1224 2111 1270 ur
2131 1225 2316 1270 confraterni-

1320 1306 1431 1354 eorum
1452 1292 1626 1370 singulares
1647 1309 1791 1372 personas
1806 1311 1822 1355 a
1840 1295 2000 1373 quibusvis
2016 1313 2069 1360 ex·
2087 1281 2316 1378 {3}}¹0¹¹,¹,32²,2',21

1320 1385 1621 1460 communicationis,
1634 1387 1844 1466 suspensionis
1855 1397 1887 1450 et
1899 1390 2067 1466 interdicti,
2087 1383 2156 1484 ¹a¹r¹¹n¹r¹¹=
2173 1385 2317 1483 ξξξξξῃῼξζ

1319 1476 1448 1557 aliisque
1479 1477 1691 1542 ecclesiasticis
1721 1482 1901 1558 sententiis,
1930 1484 2069 1546 censuris
2088 1501 2147 1554 uem
2167 1490 2207 1538 au
2235 1491 2315 1536 Ordi-

1320 1578 1350 1632 et
1378 1571 1502 1649 poenis,
1525 1589 1540 1632 a
1562 1573 1629 1634 iure
1657 1573 1707 1634 vel
1729 1573 1767 1635 ab
1787 1574 1931 1650 bomine,
1960 1593 2068 1655 quavis
2088 1603 2150 1645 aare.

1320 1663 1478 1726 occasione
1498 1664 1549 1726 vel
1563 1665 1651 1728 causa
1672 1665 1757 1741 latis,
1773 1667 1798 1728 si
1813 1669 1926 1746 quibus
1940 1686 2070 1748 quomo·

1320 1755 1436 1818 delibet
1450 1757 1613 1820 innodatae
1625 1758 1765 1820 existunt
1780 1761 1816 1822 ad
1827 1759 1972 1824 effectum
1984 1778 2070 1841 prae·

1319 1849 1456 1912 sentium
1476 1849 1637 1912 dumtaxat
1663 1855 1934 1930 consequendum,
1958 1855 2069 1917 barum

1320 1942 1401 2003 serie
1422 1942 1616 2004 absolventes
1638 1945 1832 2009 etabsolutas
1854 1947 1920 2010 fore
1941 1964 2070 2011 censen-

1321 2041 1379 2110 tes,
1405 2036 1679 2114 supplicationibus
1708 2040 1864 2116 inclinati,
1887 2043 1991 2103 audite
2018 2059 2070 2103 su-

1321 2143 1377 2206 per
1387 2129 1559 2206 praemissis
1571 2130 1740 2193 venerabili
1752 2131 1845 2194 fratre
1858 2141 1964 2198 nostro
1975 2135 2070 2196 liran-

1321 2222 1400 2284 cisco
1423 2222 1452 2285 S.
1471 2223 1505 2284 lt.
1525 2224 1559 2285 E.
1586 2225 1739 2288 cardinali
1761 2226 1928 2288 Barberino
1949 2243 2069 2291 nuncu·

1322 2323 1407 2392 pato,
1430 2317 1507 2378 sacri
1537 2317 1748 2381 cardinalium
1780 2320 1910 2396 Collegii
1942 2321 2068 2397 decano,

1324 2407 1474 2486 Episcopo
1494 2409 1627 2471 Ostiensi
1648 2419 1680 2472 et
1701 2411 1923 2488 veliternensi,
1936 2430 1969 2476 ac
1991 2415 2071 2478 Con-

1324 2501 1513 2578 gregationis
1535 2503 1675 2565 eiusdem
1696 2503 1727 2568 S.
1746 2504 1780 2566 lt.
1799 2505 1834 2566 E.
1857 2505 2070 2570 cardinalium

1324 2595 1457 2671 negotiis
1484 2603 1515 2656 et
1542 2597 1819 2660 consultationibus
1848 2599 2071 2679 Episcoporum

1324 2695 1355 2749 et
1381 2687 1585 2765 Regularium
1620 2691 1865 2769 praepositorum
1898 2693 2069 2770 praefecto,

1323 2781 1348 2842 si
1371 2797 1475 2860 preces
1490 2783 1612 2845 veritati
1628 2784 1783 2859 nitantur,
1798 2787 1986 2864 supradictas
2000 2803 2073 2850 con-

1324 2874 1534 2936 fraternitates
1566 2882 1627 2937 tam
1658 2878 1690 2939 in
1723 2878 1858 2940 ecclesiis
1889 2883 2071 2943 eorumdem

1324 2968 1549 3045 exponentium
1566 2976 1681 3031 erectas
1697 2978 1727 3032 et
1741 2971 1915 3048 erigendae,
1928 2989 2021 3052 quam
2036 2974 2070 3035 il-

1325 3059 1428 3122 lorum
1449 3061 1579 3123 oratoria
1606 3063 1720 3124 ruralia
1741 3063 1779 3126 ab
1799 3065 1966 3128 Ordiuariis
1993 3067 2072 3129 loco-

1325 3167 1396 3214 rum
1418 3168 1482 3215 non
1499 3169 1565 3215 esse
1585 3155 1748 3230 visitanda,
1764 3157 1845 3218 seda
1861 3159 2072 3236 superioribus

1325 3245 1495 3324 praedictae
1509 3248 1765 3326 congregationis
1780 3251 1954 3329 Hispaniae,
1970 3261 2073 3316 aucto-
2119 3249 2121 3252 ’

1325 3339 1415 3400 ritate
1437 3339 1614 3418 apostolica,
1639 3349 1747 3404 tenore
1769 3345 1998 3422 praesentium,
2021 3345 2071 3408 de

1324 3431 1474 3493 claramus
1495 3449 1529 3495 ac
1550 3433 1756 3496 deceruimus.

1364 3525 1425 3600 §5-
1438 3525 1646 3588 beceruentes
1658 3529 1783 3605 pariter,
1795 3529 1916 3591 easdem
1928 3545 2071 3610 praesen·
2091 3537 2228 3636 ¹,bSicaue
2252 3537 2311 3600 ubi:

1325 3626 1370 3680 tes
1383 3617 1499 3680 litteras
1510 3634 1633 3697 semper
1642 3621 1756 3696 firmas,
1770 3621 1883 3684 validas
1894 3631 1925 3684 et
1937 3624 2071 3686 edicaces
2091 3594 2312 3702 ἐιῖοῐοῑῖἧῐέιῖἷιῖ

1325 3711 1458 3772 existere
1474 3717 1505 3772 et
1528 3711 1605 3787 fore,
1621 3729 1755 3792 suosque
1773 3715 1927 3792 plenarios
1942 3723 1972 3778 et
1993 3717 2072 3780 inte·
2090 3696 2180 3744 “iffi

1326 3821 1396 3882 gros
1411 3805 1538 3868 effectus
1560 3807 1665 3868 sortiri
1681 3815 1712 3869 et
1726 3808 1878 3884 obtinere,
1895 3826 1928 3870 ac
1943 3809 2014 3886 illis,
2036 3813 2072 3875 ad

1324 3913 1401 3975 quos
1428 3906 1543 3977 spectat
1565 3907 1595 3960 et
1618 3914 1673 3979 pro
1701 3908 1842 3978 tempore
1862 3903 2023 3980 spectabit,
2040 3904 2072 3966 in

1325 3991 1469 4052 omnibus
1481 3999 1511 4053 et
1523 3992 1694 4070 peremnia
1708 3993 1887 4071 plenissime
1898 3995 2071 4073 suffragari,

1325 4083 1428 4164 sicque
1451 4083 1482 4145 in
1504 4085 1677 4163 praemissis
1692 4101 1747 4164 per
1760 4102 1973 4166 quoscumque
1994 4087 2073 4150 iudi·

1325 4193 1374 4238 ces
1394 4177 1564 4239 ordinarios
1576 4184 1606 4239 et
1618 4178 1785 4256 delegatos,
1801 4179 1895 4240 etiam
1910 4197 2072 4242 causarum

1325 4269 1428 4347 palatii
1450 4269 1605 4348 apostolici
1626 4271 1792 4346 auditores,
1815 4271 1945 4334 iudicari
1970 4281 2002 4336 et
2022 4275 2073 4336 de·

1326 4363 1411 4424 finiri
1432 4363 1556 4439 debere,
1578 4380 1612 4425 ac
1632 4363 1760 4426 irritum
1781 4371 1812 4426 et
1833 4365 1925 4428 inane
1939 4366 1964 4426 si
1985 4383 2072 4428 secus

1325 4472 1419 4534 super
1439 4456 1524 4517 frisa
1550 4473 1717 4536 quoquam,
1747 4459 1854 4536 quavis
1878 4459 2071 4532 auctoritate,

1325 4550 1459 4611 scienter
1484 4549 1535 4611 vel
1560 4551 1752 4626 ignoranter,
1782 4552 1948 4628 contigerit
1973 4559 2071 4614 alten·

1326 4643 1395 4703 tari.
2406 4693 2407 4708 t

1365 4737 1384 4810 5
1404 4735 1433 4798 6.
1458 4735 1526 4797 Non
1545 4737 1736 4800 obstantibus
1754 4738 2028 4801 constitutionibus
2040 4745 2073 4800 et
2137 4747 2311 4796 cesennam

1326 4829 1572 4893 ordinationibus
1593 4831 1783 4909 apostolicis,
1805 4832 1979 4910 ceterisque
2000 4848 2073 4895 con·
2092 4801 2207 4858 semgar.
2406 4823 2407 4844 ²

1327 4923 1428 4984 trariis
1449 4923 1706 5004 quibuscumque.

1366 5017 1478 5078 batum
1489 5015 1614 5094 Romae,
1630 5017 1709 5096 apud
1722 5017 1752 5082 S.
1767 5018 1892 5080 llariam
1914 5019 2072 5095 Maiorem,

1325 5111 1383 5172 sub
1404 5109 1521 5172 annulo
1546 5111 1718 5186 Piscatoris,
1745 5113 1795 5173 die
1819 5127 1909 5174 xxxv.
1942 5113 2072 5174 ianuarii
2125 5183 2128 5192 Ι

1326 5220 1553 5280 uuccxxxvu,
1577 5205 1773 5284 pontificatus
1794 5205 1893 5267 nostri
1909 5221 1991 5267 anno
2013 5222 2069 5266 vn.

1583 5461 1820 5468 m..-

2046 1577 2051 1588 .
2087 1555 2140 1590 nos
2159 1555 2219 1591 non
2245 1555 2317 1601 spec·
2406 1545 2407 1560 ³
