4880 6982
146 565 336 620 Amcssffi

146 2671 348 2719 mmmmm·

134 2727 274 2782 mmmm

1032 573 1173 620 clemens
1197 575 1238 618 xt

367 699 500 764 theutica
515 699 641 762 illorum
656 697 807 778 exempla,
821 713 875 776 per
889 698 1012 760 eosdem
1027 710 1108 758 com·

365 793 540 856 missarinm
563 798 593 854 et
614 791 805 853 visitatorem
833 789 1031 870 apostolicum
1053 803 1108 866 pro

366 896 504 966 tempore
525 886 722 958 existentem,
746 885 907 963 Episcopus
927 891 957 944 et
973 882 1108 945 Vioarios

364 979 545 1058 apostolicos
572 978 607 1040 ad
630 978 795 1058 praefatam
826 975 1107 1054 congregationem

366 1073 596 1148 cardinalium,
632 1071 841 1150 quantocitius
876 1071 941 1131 13331
973 1069 1106 1147 3313311,

366 1167 625 1230 transmittantur.
650 1165 830 1244 Superiores
850 1180 925 1226 vero
951 1162 1109 1240 regulares

363 1261 499 1323 cuiusvis
526 1260 658 1336 Ordinis,
683 1258 950 1336 congregationis,
974 1256 1108 1320 instituti

365 1363 396 1416 et
417 1355 581 1430 societatis,
603 1355 694 1416 etiam
718 1355 797 1428 lesu,
820 1353 883 1414 illic
904 1367 988 1416 nunc
1009 1358 1039 1414 et
1053 1367 1109 1430 pro

368 1457 506 1526 tempore
527 1449 706 1525 existentes,
728 1447 785 1509 sub
807 1447 922 1508 eisdem
945 1446 1050 1526 poenis
1066 1453 1109 1506 te-

365 1551 583 1608 3333133333
605 1531 706 1604 solum
734 1541 815 1602 idem
845 1541 1054 1604 iuramentum
1077 1539 1109 1601 in

364 1639 571 1720 praefatorum
591 1637 657 1697 sive
678 1634 878 1698 commissarii
898 1641 928 1698 et
943 1635 1109 1697 visitatoris

364 1732 520 1813 apostolici
541 1747 595 1810 333
617 1737 756 1808 tempore
778 1729 939 1791 existentis
960 1730 1026 1791 sive
1041 1729 1110 1808 Epi-

364 1823 787 1906 scopornmantllicariorum
799 1823 1037 1900 apostolicorum
1048 1839 1111 1884 ma-

366 1921 475 1994 nibus,
497 1920 582 1980 iuxta
611 1919 738 1980 modum
761 1918 1002 1995 praescriptum,
1025 1931 1111 1994 prae-

364 2021 455 2084 stare,
488 2013 616 2089 eiusque
646 2010 799 2072 formulae
826 2009 1030 2084 subscribere,
1058 2013 1110 2073 sed

366 2107 458 2168 etiam
479 2104 562 2166 illius
584 2104 820 2181 praestationem
834 2120 850 2164 3
864 2103 927 2165 3313
942 2105 1112 2182 respective

364 2201 493 2262 subditis
515 2199 650 2276 exigere,
673 2213 706 2259 ac
727 2197 901 2259 anthentica
923 2199 956 2258 33
971 2214 1065 2276 33333
1078 2217 1112 2261 33

365 2295 550 2356 documenta
581 2291 814 2370 quamprimum
844 2291 1054 2354 transmittere
1075 2294 1111 2354 ad

365 2403 436 2448 snos
458 2385 629 2464 respective
659 2385 834 2463 superiores
865 2385 1035 2461 generales,
1059 2387 1112 2466 qui

366 2480 417 2540 illa
433 2486 618 2540 memoratae
634 2477 890 2554 congregationis
902 2477 1111 2542 cardinalium

366 2571 470 2633 statim
493 2570 611 2632 tradere
632 2570 801 2632 debebunt.

407 2667 426 2741 5
446 2665 475 2726 8.
500 2666 717 2738 decernentes,
737 2664 859 2726 casalem
874 2671 1048 2741 praesentes
1063 2664 1111 2726 lit-

368 2767 447 2822 teras
468 2765 498 2819 et
513 2758 546 2820 iu
560 2759 604 2819 eis
619 2764 761 2819 contenta
776 2772 1000 2835 quaecumque,
1017 2758 1111 2818 etiam

367 2871 404 2915 ex
425 2869 462 2913 eo
483 2853 563 2930 quod
585 2851 730 2929 praedicti
752 2858 783 2912 et
804 2849 855 2912 alii
876 2851 1065 2930 quicumque
1080 2852 1112 2913 in

367 2946 540 3024 praemissis
572 2945 720 3006 interesse
751 2943 898 3005 babentes
924 2960 978 3004 seu
1002 2944 1111 3006 babere

368 3038 597 3118 quomodolibet
625 3037 873 3116 pmetendentes,
896 3037 1033 3099 cuiusvis
1053 3045 1112 3100 sta·

369 3141 428 3207 tus,
452 3133 574 3209 gradus,
597 3130 725 3204 ordinis,
748 3129 1009 3208 praeeminentiae
1023 3137 1054 3192 31
1070 3131 1114 3192 311-

368 3225 493 3302 mutatis
514 3224 663 3297 existant,
685 3239 741 3284 333
762 3223 833 3284 31133
854 3223 993 3301 33331333
1016 3231 1047 3286 31
1069 3224 1113 3285 13-

368 3321 491 3382 dividua
513 3319 725 3380 mentioneet
745 3317 944 3394 expressione
964 3316 1064 3394 digni,
1081 3317 1114 3378 il-

370 3415 405 3475 lis
433 3429 496 3474 non
528 3410 758 3485 consenserint,
793 3423 850 3472 nec
877 3412 913 3473 ad
941 3426 976 3472 ea
1003 3413 1112 3488 vocati,

368 3507 452 3570 citati
473 3515 504 3567 et
530 3505 638 3580 auditi,
671 3519 851 3582 causaeque,
883 3513 1009 3583 propter
1040 3522 1115 3584 quas

368 3605 542 3680 praesentes
573 3599 758 3673 emanarint,
787 3595 977 3662 sufficienter
1005 3601 1114 3662 adduc-

370 3703 428 3771 tae,
450 3695 625 3757 verificatae
645 3701 675 3755 et
696 3694 878 3756 iustificatae
900 3711 963 3758 non
984 3695 1112 3772 fuerint,

369 3801 420 3857 331
442 3809 480 3856 33
501 3791 557 3852 3113
579 3788 714 3869 qualibet
734 3791 827 3852 etiam
849 3791 1050 3868 quantumvis
1069 3791 1115 3852 iu·

368 3891 424 3964 313,
446 3888 574 3952 iuridici
599 3896 630 3948 et
657 3885 851 3964 privilegiam
877 3886 978 3960 33333,
1001 3883 1113 3962 331333,

371 3989 531 4060 praetextu
552 3988 583 4042 et
604 3980 713 4058 capite,
736 3981 830 4042 etlam
849 3979 881 4040 in
896 3994 1024 4057 corpore
1040 3978 1115 4041 iuris

369 4075 483 4150 clauso,
515 4075 608 4136 etiam
639 4073 788 4145 enormis,
822 4072 1054 4134 enormissimae
1085 4081 1115 4136 et

370 4169 470 4230 totalis
491 4168 643 4240 laesionis,
660 4165 748 4228 nullo
770 4181 909 4243 unquam
925 4173 1062 4244 tempore
1079 4163 1116 4225 de

369 4263 576 4343 subreptionis
597 4263 647 4324 vel
669 4261 859 4338 obreptionis
889 4267 942 4322 331
964 4257 1115 4320 3311113113

370 4358 456 4433 vitio,
472 4373 527 4418 sen
549 4355 733 4418 intentionis
751 4363 884 4430 nostrae,
901 4352 950 4414 vel
966 4352 1116 4412 interesse

370 4451 551 4512 habentium
566 4449 746 4524 consensds,
758 4449 859 4510 aliare
873 4447 1009 4526 quolibet
1022 4445 1115 4506 etiam

369 4545 571 4624 quantumvis
601 4559 716 4620 magno
744 4551 775 4605 et
802 4541 994 4604 substantiali
1015 4557 1049 4602 ac
1069 4538 1115 4600 in-

370 4639 541 4714 excogitato
562 4643 593 4698 et
614 4635 841 4714 inexcogitabili
863 4635 1116 4714 individuamque

370 4733 601 4810 expressionem
634 4731 816 4809 requirente
846 4729 978 4803 defectu,
1001 4729 1113 4804 notari,

370 4827 559 4906 impugnari,
582 4827 724 4904 infringi,
748 4824 919 4899 invalidari,
943 4823 1113 4897 retractari,

369 4921 401 4982 13
422 4921 668 4983 controversiam
695 4920 809 4994 vocari,
833 4917 942 4980 autad
964 4917 1114 4978 terminos

369 5014 443 5075 iuris
465 5015 582 5088 reduci,
605 5029 658 5076 seu
681 5014 826 5075 adversus
847 5011 913 5073 illas
938 5009 1114 5089 aperitionis

368 5109 444 5183 oris,
477 5108 683 5170 restitutionis
715 5107 747 5168 iu
780 5107 957 5182 integrum,
990 5103 1114 5165 aliudve

368 5203 587 5280 quodcumque
609 5202 694 5276 luris,
718 5201 788 5263 facti
808 5199 857 5260 vel
880 5199 996 5275 gratiae
1016 5213 1113 5260 reme-

368 5296 455 5356 dium
478 5295 628 5358 intentari
650 5295 700 5356 vel
715 5293 886 5372 impetrari,
902 5301 954 5355 aut
970 5291 1113 5370 impetra-

368 5397 411 5466 to,
433 5405 488 5452 sen
510 5390 602 5450 etiam
635 5397 733 5462 motu,
756 5387 935 5450 3313311331
957 5387 1114 5465 3313313113

369 5483 565 5562 plenitudine
587 5483 874 5562 333133333333333
895 5481 944 5542 vel
959 5489 1113 5558 emanata,

369 5576 545 5654 quempiam
568 5577 599 5636 in
615 5575 727 5636 indicio
742 5573 792 5636 vel
807 5581 892 5636 extra
908 5574 984 5638 illud
1001 5575 1045 5637 311
1060 5591 1115 5636 333

368 5686 401 5730 33
422 5670 528 5731 iuvare
550 5667 614 5730 ullo
635 5669 727 5730 modo
747 5683 852 5746 posse;
868 5667 921 5730 sed
936 5669 1015 5746 ipsas
1029 5681 1114 5743 prae-

368 5773 471 5826 sentes
502 5761 619 5824 litteras
648 5777 772 5841 semper
803 5763 917 5835 sumas,
950 5759 1064 5821 validas
1084 5767 1115 5822 et

369 5858 503 5920 efficaces
524 5858 658 5919 existere
672 5863 702 5918 et
716 5857 793 5930 iore,
809 5873 853 5930 ac,
868 5854 1115 5932 quibuscumque

370 5952 446 6014 iuris
466 5968 520 6012 seu
543 5951 612 6012 lacti
635 5950 815 6026 defectibus,
837 5949 890 6028 qui
912 5949 1058 6011 adversus
1079 5947 1115 6009 il-

1166 695 1219 770 las,
1242 694 1335 758 etiam
1356 695 1537 775 quorumvis
1557 713 1573 756 a
1595 694 1672 760 Sede
1689 691 1822 774 33331313
1835 709 1908 756 con·

1165 805 1321 852 sessorum
1349 789 1585 868 privilegiorum
1614 796 1786 867 praetextu,
1809 787 1844 850 ad
1867 786 1909 849 ef·

1164 881 1279 946 fectum
1312 882 1498 961 impediendi
1518 899 1573 944 seu
1601 881 1774 944 retardandi
1803 897 1909 943 earum

1165 977 1393 1051 executionem,
1417 975 1527 1056 quovis
1548 976 1650 1050 modo,
1673 993 1728 1038 seu
1750 991 1787 1037 ex
1802 975 1910 1053 quavis

1165 1071 1253 1133 33333
1274 1071 1386 1150 333331
1407 1086 1461 1132 333
1494 1069 1584 1132 3131131
1616 1076 1751 1148 possent,
1780 1068 1909 1130 minime
1944 1126 1947 1132 ,

1165 1164 1401 1242 refragantibus,
1433 1179 1504 1226 suos
1536 1163 1689 1242 plenarios
1716 1172 1747 1224 et
1772 1163 1910 1238 integros

1166 1257 1291 1320 effectus
1312 1257 1416 1320 sortiri
1431 1265 1462 1320 31
1477 1258 1630 1332 33113333,
1646 1273 1758 1336 easque
1772 1256 1911 1335 propter-

1166 1369 1211 1428 33,
1234 1352 1378 1414 omnibus
1398 1357 1430 1412 et
1457 1350 1589 1429 singulis
1620 1349 1850 1428 quomodolibet
1870 1347 1912 1409 al-

1167 1445 1233 1508 latis
1255 1461 1309 1506 seu
1336 1444 1498 1506 afferendis
1530 1444 1760 1521 impedimentis
1787 1442 1911 1522 penitus

1166 1547 1197 1601 et
1217 1539 1346 1601 omnino
1367 1539 1490 1602 reiectis
1511 1555 1545 1602 ac
1563 1553 1757 1617 nequaqnam
1773 1538 1909 1612 attentis,

1166 1634 1203 1695 ab
1223 1633 1294 1708 illis,
1317 1635 1353 1696 ad
1382 1648 1457 1713 quos
1488 1640 1602 1712 spectat
1632 1641 1662 1696 et
1690 1650 1745 1711 pro
1773 1639 1911 1710 tempore

1167 1730 1424 1809 quandocumque
1451 1727 1612 1805 spectabit,
1639 1726 1860 1789 inviolabiliter
1882 1731 1911 1786 31

1168 1824 1349 1885 inconcusse
1370 1821 1537 1896 observari,
1560 1822 1664 1899 sicque
1686 1828 1716 1882 et
1738 1835 1800 1882 nan
1823 1818 1912 1879 aliter

1168 1916 1199 1978 in
1219 1917 1394 1995 praemissis
1415 1931 1471 1994 per
1491 1930 1703 1994 quoscumque
1729 1913 1844 1976 iudices
1865 1927 1914 1973 or-

1167 2010 1301 2072 dinarios
1323 2018 1353 2072 et
1374 2009 1539 2087 delegatos,
1563 2009 1655 2070 etiam
1681 2021 1842 2070 causarum
1864 2023 1914 2084 pa·

1168 2105 1229 2166 latii
1247 2103 1403 2182 apostolici
1417 2105 1582 2177 auditores,
1596 2119 1629 2164 33
1640 2099 1776 2164 eiusdem
1792 2100 1821 2164 S.
1831 2100 1865 2162 R.
1876 2099 1911 2160 E.

1168 2197 1356 2272 Cardinales,
1372 2196 1466 2259 etiam
1487 2197 1523 2258 de
1544 2197 1637 2258 latere
1653 2195 1768 2271 legatos
1783 2202 1814 2257 et
1829 2209 1915 2272 prae-

1169 2293 1243 2354 latae
1266 2291 1352 2354 Sedis
1374 2291 1515 2365 nuncios,
1531 2290 1646 2352 aliosve
1667 2289 1819 2368 quoslibet
1840 2304 1912 2366 qua·

1167 2402 1301 2464 cumque
1315 2385 1558 2464 praeeminential
1574 2390 1604 2445 et
1620 2389 1767 2461 potestate
1782 2382 1915 2458 fungen-

1169 2485 1213 2539 tes
1234 2485 1265 2539 et
1286 2478 1458 2552 iuncturae,
1481 2477 1598 2538 33131313
1619 2478 1663 2538 313
1682 2481 1712 2538 31
1727 2489 1837 2537 eorum
1851 2475 1914 2536 cui-

1169 2572 1241 2632 libet
1273 2573 1380 2650 quavis
1411 2571 1501 2632 aliter
1529 2569 1682 2633 iudicandi
1710 2577 1741 2630 et
1763 2569 1915 2648 interpre-

1168 2665 1253 2726 tandi
1284 2664 1425 2726 facultate
1452 2672 1483 2726 et
1509 2663 1701 2738 auctoritate,
1735 2661 1861 2724 iudicari
1885 2670 1915 2722 et

1169 2757 1291 2820 definiri
1312 2757 1438 2832 debere3
1460 2773 1494 2817 ac
1517 2757 1639 2819 irritum
1661 2765 1691 2818 et
1712 2757 1805 2818 inane
1825 2756 1914 2818 3133

1168 2868 1221 2912 cus
1242 2867 1336 2928 super
1357 2849 1403 2911 bis
1424 2866 1439 2909 a
1461 2865 1629 2928 quoquam,
1653 2849 1760 2927 quavis
1785 2847 1915 2911 auctori·

1169 2949 1245 3018 tate,
1277 2943 1411 3005 scienter
1438 2943 1488 3004 vel
1520 2943 1715 3018 ignoranter,
1748 2941 1914 3018 contigerit

1169 3037 1324 3098 attentari.

1208 3130 1227 3204 ἓ
1244 3130 1273 3192 fl.
1291 3129 1359 3191 Non
1376 3109 1566 3190 obstantibus
1582 3129 1765 3208 praemissis,
1782 3136 1824 3204 31,
1841 3145 1915 3208 qua·
1933 3140 2145 3240 tpffigffiocoa-

1171 3233 1260 3285 tenus
1281 3239 1358 3302 opus
1378 3225 1429 3299 sit,
1452 3225 1555 3285 333133
1575 3231 1606 3284 31
1624 3223 1830 3286 cancellariae
1844 3237 1914 3302 apo-

1169 3317 1291 3380 stolicae
1322 3316 1428 3394 regula
1448 3316 1484 3377 de
1512 3317 1581 3378 1333
1612 3318 1750 3394 quaesito
1772 3333 1834 3378 non
1858 3315 1915 3377 tol-

1170 3411 1274 3484 lendo,
1295 3410 1421 3489 aliisquo
1443 3409 1626 3487 apostolicis,
1643 3427 1687 3486 33,
1704 3411 1736 3472 13
1758 3411 1915 3492 universa-

1171 3505 1250 3566 libus
1271 3503 1573 3583 provincialibusque
1589 3511 1619 3566 31
1633 3504 1829 3582 synodalibus
1844 3521 1917 3568 con·

1170 3597 1249 3659 ciliis
1283 3598 1387 3672 editis,
1426 3597 1622 3674 generalibus
1653 3599 1703 3660 vel
1735 3600 1917 3678 specialibus

1171 3691 1442 3754 3333111311331333
1463 3700 1494 3753 31
1516 3693 1772 3770 ordinationibus,
1794 3710 1915 3756 necnon

1171 3787 1914 3867 quorumcumqnecrdinum,congregationum,

1171 3889 1401 3960 institutorum,
1419 3891 1450 3946 et
1470 3885 1662 3958 societatum,
1679 3885 1771 3946 etiam
1790 3884 1867 3958 lesu,
1884 3899 1917 3943 ac

1171 3980 1351 4060 quarumvls
1375 3979 1590 4054 ecclesiarum,
1619 3978 1742 4040 3131113
1768 3975 1917 4056 quibusli-

1173 4075 1233 4150 bet,
1257 4075 1349 4136 etiam
1381 4074 1569 4148 iuramento,
1592 4071 1827 4134 confirmatione
1848 4083 1917 4148 apo-

1171 4167 1288 4242 3131133,
1305 4167 1367 4242 vel,
1383 4167 1489 4246 quavis
1511 4165 1658 4228 firmitate
1679 4165 1734 4226 3113
1755 4161 1916 4236 roboratis,

1170 4261 1293 4322 statutis
1315 4268 1345 4323 et
1365 4261 1642 4324 consuetudinibus
1657 4276 1690 4322 33
1705 4257 1917 4340 333333313113-

1172 4355 1262 4419 nibus
1284 4367 1571 4436 quantumcumque
1598 4354 1786 4433 longissimis
1808 4361 1838 4413 et
1859 4351 1917 4412 im-

1172 4450 1435 4524 memorabilibus,
1452 4450 1623 4528 privilegiis
1638 4465 1771 4528 quoque,
1789 4443 1917 4508 indultis

1172 4551 1202 4605 et
1223 4543 1333 4606 litteris
1354 4543 1537 4620 apostolicis,
1557 4541 1734 4615 Ordinibus,
1750 4551 1916 4617 congrega·

1172 4637 1318 4712 tionibus
1347 4637 1508 4710 institutis,
1536 4644 1567 4698 et
1595 4635 1800 4707 societatibus,
1823 4633 1916 4695 etiam

1171 4732 1249 4807 lesu,
1265 4749 1297 4793 ac
1319 4731 1464 4806 ecclesiis,
1480 4732 1654 4808 praedictis,
1670 4732 1777 4794 aliisve
1792 4732 1918 4809 quibus-

1171 4825 1245 4887 libet
1267 4825 1417 4903 personis,
1440 4823 1532 4886 etiam
1555 4825 1757 4903 quantumvis
1777 4825 1916 4886 sublimi

1171 4919 1228 4980 bus
1243 4926 1273 4980 et
1287 4919 1501 4998 specialissime
1516 4921 1675 4983 mentione
1686 4921 1798 4998 dignis,
1811 4937 1826 4980 a
1839 4921 1918 4984 Sede

1171 5011 1333 5092 3333311313,
1356 5030 1394 5074 ex
1415 5029 1610 5093 quacumque
1631 5017 1731 5090 33333,
1756 5017 1848 5076 etiam
1863 5031 1919 5094 per

1172 5107 1253 5168 viam
1284 5113 1458 5169 contractus
1490 5113 1520 5168 et
1549 5107 1827 5184 remunerationis,
1860 5109 1917 5170 sub

1171 5199 1418 5278 quibuscumque
1439 5201 1606 5262 verborum
1629 5203 1787 5264 tenoribus
1809 5202 1918 5264 31133-

1171 5294 1240 5368 mis,
1264 5311 1297 5356 ac
1317 5309 1388 5356 cum
1411 5295 1569 5372 quibusvis
1598 5295 1690 5357 etiam
1713 5297 1918 5372 derogatoria·

1171 5403 1241 5450 rum
1270 5387 1486 5462 derogatoriis,
1520 5387 1648 5464 aliisque
1677 5387 1915 5464 efficacioribus,

1170 5481 1386 5544 efficacissimis
1408 5487 1438 5541 et
1459 5480 1590 5542 insolitis
1616 5480 1772 5556 clausulis,
1795 5482 1918 5544 irritan-

1171 5575 1315 5654 tibusqne
1346 5579 1377 5634 et
1408 5574 1474 5634 aliis
1505 5573 1653 5651 decretis,
1686 5573 1779 5636 etiam
1811 5583 1915 5652 motu,

1169 5669 1296 5728 33133113
1318 5674 1348 5729 31
1370 5668 1528 5747 3313313113
1542 5668 1737 5746 plenitudine
1751 5669 1915 5746 similibus,

1170 5775 1225 5821 seu
1246 5760 1280 5821 ad
1304 5777 1574 5840 quarumcumque.
1598 5777 1802 5842 personarum
1824 5763 1916 5825 etiam

1172 5853 1333 5932 imperiali,
1357 5856 1465 5933 regali,
1488 5855 1584 5916 311333
1606 5855 1742 5933 qualibet
1760 5858 1916 5919 mundana

1171 5947 1220 6010 vel
1252 5947 1451 6011 ecclesiastice
1482 5947 1635 6026 dignitate
1659 5948 1849 6026 fulgentium
1871 5951 1917 6013 in-

1830 558 1889 619 309
1938 547 1991 600 An.
2005 547 2035 600 c.
2057 545 2126 596 1715
