4880 6982
326 553 380 606 An.
394 555 425 607 O.
447 553 515 606 1710

336 2203 432 2250 Erectio
446 2205 529 2252 dictae

319 2259 530 2318 ¹congregationis

320 2321 345 2374 tn
368 2321 453 2358 veram
476 2313 529 2360 rali-

319 2374 428 2420 grauem.

565 553 626 615 278

546 694 604 770 nis,
629 710 684 774 per
704 695 775 757 alias
795 711 863 757 suas
886 694 918 756 in
940 693 1046 756 eidem
1067 691 1166 756 lormi
1181 692 1288 754 Brevis

544 787 595 849 die
616 805 680 850 xiv.
703 788 782 850 ionii
809 787 947 850 eiusdem
975 786 1049 848 anni
1075 800 1285 850 nnctxxxvtr.

545 888 699 942 emanatas
720 882 847 956 litteras,
871 882 908 943 ad
927 879 1116 944 sexennium
1135 880 1213 942 adie
1228 895 1290 958 quo

546 974 626 1036 idem
648 973 815 1037 Rodericus
836 973 870 1035 ad
899 974 1057 1037 civitatem
1084 969 1290 1038 Guatimelem

544 1067 732 1146 praedictam
751 1068 926 1130 advenisset
953 1067 1195 1141 numerandum,
1217 1082 1290 1129 curn

545 1161 691 1224 omnibus
719 1169 750 1223 et
776 1161 909 1238 singulis
939 1159 1172 1240 praerogativis,
1204 1175 1291 1238 prae-

545 1255 739 1330 eminentiis,
760 1254 964 1328 facultatibus,
986 1254 1180 1327 auctoritate,
1196 1252 1291 1332 privi-

545 1348 646 1426 legiis,
669 1349 775 1426 gratiis
795 1355 827 1410 et
848 1347 988 1422 indultis,
1011 1361 1044 1408 ec
1068 1345 1238 1409 honoribus
1259 1353 1291 1408 et

545 1442 703 1516 oneribus,
725 1457 804 1522 quae
818 1438 1137 1524 eiusmodisuperiori
1153 1437 1291 1516 generali

545 1552 601 1614 per
622 1536 744 1598 easdem
765 1534 1002 1598 constitutiones
1023 1532 1061 1594 ab
1077 1549 1113 1596 eo
1127 1531 1290 1596 confirme-

546 1635 591 1690 tes
611 1629 798 1706 supradictas
819 1628 1034 1690 tribuebantur
1055 1634 1087 1690 et
1104 1624 1292 1704 praescribe·

547 1721 671 1798 bantur,
693 1728 780 1783 motu
801 1721 925 1800 proprio
946 1727 977 1782 et
998 1736 1036 1782 ex
1057 1721 1140 1784 certe
1164 1717 1291 1781 scientie

546 1815 612 1889 sue,
634 1816 734 1894 deq-ue
753 1813 932 1893 apostolicae
952 1813 1109 1892 potestatis
1123 1810 1290 1892 plenitudi-

549 1921 599 1982 ne,
621 1907 783 1970 constituit
810 1915 841 1971 et
871 1906 1042 1984 deputavit,
1075 1913 1167 1984 prout
1188 1905 1221 1966 in
1242 1904 1290 1966 bis

549 2001 769 2079 posterioribus
795 2001 888 2080 ipsius
916 1999 1089 2063 innocentii
1117 1998 1292 2076 praedeces·

547 2093 624 2156 soris
644 2093 756 2157 litteris
777 2085 871 2157 etiam
891 2093 1017 2158 uberius
1037 2092 1226 2156 continetur.

588 2188 656 2261 52.
681 2188 760 2252 cnm
788 2195 904 2262 autem,
926 2187 1006 2249 sicut
1034 2185 1137 2249 dilecti
1159 2183 1215 2246 filli
1237 2182 1292 2246 lli-

548 2281 632 2344 chael
653 2298 669 2341 e
692 2283 759 2344 lesu
780 2281 871 2346 bieria
892 2287 1071 2359 procurator
1093 2275 1245 2355 generalis
1260 2282 1291 2338 et

548 2374 726 2438 Franciscus
747 2391 763 2434 a
785 2375 815 2439 S.
840 2375 975 2436 Antonio
1003 2372 1142 2450 plurium
1170 2367 1291 2446 gravio-

547 2483 619 2530 rum
639 2467 793 2530 vocalium
818 2467 917 2532 dietae
943 2463 1200 2542 Congregationis
1221 2477 1290 2541 pro-

548 2567 671 2624 curator
691 2562 724 2624 in
751 2561 842 2626 curia
869 2561 1008 2624 eiusdem
1037 2555 1291 2635 congregationis

547 2654 676 2718 nomine
688 2655 776 2718 nohis
788 2670 887 2734 nuper
897 2654 1011 2732 exponi
1022 2652 1174 2725 lecerunt,
1184 2665 1292 2729 quam·

547 2747 594 2809 vis
615 2749 647 2810 in
669 2748 844 2812 huiusmodi
866 2763 976 2810 eorum
996 2745 1139 2823 religiosi
1154 2745 1289 2819 cougre-

548 2843 672 2920 gatione
692 2842 826 2920 singule,
842 2858 920 2920 quae
934 2857 1023 2907 veros
1036 2847 1068 2902 et
1081 2837 1226 2904 turmales
1240 2835 1290 2898 de-

548 2943 619 3000 cent
639 2936 810 3014 regulares,
829 2943 897 2998 tum
918 2939 1058 3013 respectu
1080 2932 1201 2996 habitus
1224 2939 1291 2994 tum

547 3036 724 3092 ceterorum
743 3043 874 3108 operum
895 3028 931 3090 ad
952 3042 1030 3106 quae
1052 3027 1136 3090 inula
1158 3024 1291 3104 praedic·

550 3131 592 3185 tas
612 3123 848 3186 constitutiones
870 3128 1030 3197 tenentur,
1051 3119 1290 3198 adimpleantur,

548 3233 581 3279 ac
602 3215 772 3280 octodecim
793 3216 825 3277 in
848 3214 1094 3292 congregatione
1116 3211 1292 3276 huiusmodi

549 3309 707 3390 hospitalia
734 3309 806 3372 totis
825 3308 964 3372 numeris
991 3306 1127 3370 absoluta
1147 3307 1185 3369 de
1206 3320 1293 3384 prae-

548 3406 630 3468 senti
660 3405 867 3483 reperiantur,
899 3415 1020 3467 necnon
1050 3401 1083 3464 in
1115 3400 1241 3464 Limane
1261 3404 1293 3460 et

549 3499 704 3562 blericanai
719 3515 776 3577 pro
789 3497 925 3576 qualibet
939 3495 1030 3557 domo
1045 3493 1187 3572 religiose
1202 3491 1293 3572 quin·

550 3593 697 3672 quaginta
718 3591 769 3654 vel
789 3591 923 3666 circiter,
945 3589 978 3651 in
1000 3589 1110 3650 ceteris
1131 3603 1206 3650 vero
1220 3602 1292 3664 que-

550 3687 704 3763 draginta,
726 3685 864 3764 triginta,
888 3691 940 3746 aut
962 3681 1074 3759 viginti
1095 3679 1246 3760 quinque,
1262 3687 1293 3741 et

549 3779 681 3858 singulis
703 3779 873 3858 respective
894 3775 1093 3856 hospitalibus
1110 3789 1173 3836 non
1189 3773 1294 3836 minus

550 3873 739 3937 duodenario
769 3887 902 3935 numero
931 3868 1067 3948 religiosi
1094 3867 1235 3932 collocari
1263 3873 1295 3928 et

550 3969 690 4030 assistere
702 3967 831 4041 soleant,
848 3963 1052 4028 nihilominus
1066 3963 1123 4042 ipsi
1138 3975 1295 4038 exponen-

550 4070 596 4124 tes
616 4061 716 4141 ipsarn·
743 4076 854 4124 eorum
886 4057 1167 4135 congregationem
1188 4055 1222 4116 in
1244 4069 1296 4114 ve-

551 4172 618 4220 ram
638 4165 669 4218 et
689 4154 851 4218 formalem
876 4152 1072 4230 religionem,
1095 4151 1128 4214 in
1149 4164 1209 4227 qua
1231 4162 1295 4210 non

551 4259 621 4313 vota
650 4249 812 4329 simplicia,
842 4255 877 4310 ut
904 4248 940 4309 de
967 4245 1133 4324 praesenti,
1161 4243 1214 4308 sed
1242 4257 1295 4302 eu-

551 4361 652 4424 pressa
673 4352 704 4406 et
723 4342 883 4416 solemnia,
906 4341 984 4403 sicut
1005 4339 1038 4402 iu
1060 4345 1193 4417 quatuor
1207 4350 1295 4398 men·

552 4437 721 4500 dicentium
741 4435 918 4510 Ordinibus,
934 4432 1105 4510 ceterisque
1123 4430 1295 4510 approbatis

552 4530 765 4607 religionibus,
787 4529 820 4591 ln
842 4535 1001 4607 posterum
1018 4526 1055 4588 ab
1069 4525 1214 4588 omnibus
1228 4539 1297 4603 per·

553 4633 647 4702 petuo
666 4625 881 4702 profiteantur,
904 4622 981 4685 itaut
1002 4621 1035 4681 in
1056 4627 1215 4698 posterum
1236 4618 1297 4682 dic-

556 4727 603 4782 tae
634 4715 877 4794 congregationi
907 4708 1066 4790 religionis
1097 4720 1128 4774 et
1157 4711 1295 4786 Ordinis,

551 4812 627 4890 ipsis
648 4827 723 4874 vero
748 4809 895 4876 tratribus
916 4808 992 4872 illud
1019 4805 1157 4884 religiosi
1177 4811 1209 4868 et
1231 4803 1297 4866 reri

554 4907 703 4982 regularis
724 4919 839 4966 nomeu
861 4905 1032 4981 respective
1057 4899 1232 4974 conveniat,
1254 4911 1297 4958 et-

554 5015 616 5078 que
637 4997 747 5074 religio
767 4995 944 5060 huiusmodi
965 5003 1027 5058 tam
1048 4995 1148 5073 quoad
1167 4991 1299 5070 hospita-

556 5093 596 5155 lia
624 5107 716 5169 quam
745 5092 846 5169 quoad
876 5105 1019 5170 personas
1041 5096 1072 5150 et
1093 5087 1297 5150 inservientes

555 5199 766 5265 quoscumque
787 5200 803 5244 e
821 5182 1032 5246 iurisdictione
1045 5178 1212 5252 Ordinarii,
1227 5193 1297 5238 nec-

556 5298 620 5344 non
642 5287 676 5343 ut
698 5287 786 5342 antea
806 5277 864 5340 sub
895 5275 1002 5353 regula
1021 5273 1163 5336 eiusdem
1184 5272 1214 5336 S.
1238 5271 1300 5334 hu·

556 5375 674 5453 gustini
694 5370 930 5452 competibiliter
951 5383 1022 5432 cum
1049 5367 1166 5430 eisdem
1188 5365 1299 5428 consti·

556 5469 729 5532 lotionibus
750 5483 804 5546 per
825 5464 992 5544 praedictas
1020 5460 1193 5526 innocentii
1214 5475 1301 5538 prae-

556 5564 721 5642 decessoris
750 5577 843 5639 super
871 5557 991 5620 elusio
1019 5555 1300 5636 congregationem

557 5657 714 5720 erectione
734 5663 765 5716 et
786 5655 920 5732 ipsarum
947 5650 1207 5712 constitutionum
1228 5663 1300 5710 con·

558 5749 733 5813 firmatione
746 5753 900 5808 emanatas
912 5745 1029 5807 litteras
1042 5743 1227 5822 supradictas
1242 5750 1300 5804 sta-

558 5843 663 5919 bilitis,
694 5848 786 5922 prout
806 5840 840 5901 in
861 5837 978 5902 eisdem
1009 5837 1121 5900 litteris
1151 5835 1300 5910 sancitur,

559 5946 701 6017 exempta
722 5933 913 6011 intelligatur
934 5939 965 5994 et
986 5946 1052 5994 esse
1079 5930 1198 6006 debeat,
1220 5929 1302 5992 salvi

1065 574 1128 620 llllt.
1153 575 1243 620 rubr.
1267 575 1308 620 ott
1329 575 1358 620 P·
1382 576 1410 621 lt.
1437 573 1518 618 PARS
1541 573 1561 616 l.

1346 701 1451 756 333333
1472 693 1573 774 alique
1601 693 1792 756 correctione
1814 698 1845 756 et
1866 689 2092 754 nonnullarum

1344 789 1526 852 earumdem
1539 784 1989 864 constitutionumappendice,
2002 799 2091 862 quae,

1345 882 1381 944 ad
1402 881 1650 944 constituendam
1674 879 1929 944 essentialitatem
1948 893 2044 940 verae
2062 890 2093 940 et

1346 971 1483 1038 lormalis
1515 973 1686 1052 religionis,
1718 975 1755 1037 ed
1783 987 1966 1052 prosperum
1998 971 2092 1050 ipsius

1346 1069 1536 1147 gubernium
1563 1075 1595 1130 et
1624 1069 1857 1131 incrementum
1888 1067 2017 1128 omnino
2039 1081 2092 1128 ne·

1346 1163 1473 1226 cessaria
1493 1179 1559 1225 esse
1572 1162 1802 1237 existimantur,
1819 1163 1857 1225 de
1871 1176 1954 1223 novo
1968 1175 2023 1238 per
2038 1175 2093 1222 nos

1346 1257 1436 1334 erigi,
1449 1255 1608 1336 approbari
1623 1264 1654 1318 et
1668 1253 1847 1318 confirmari
1859 1254 2030 1334 plurimum
2043 1255 2094 1318 de-

1346 1351 1496 1412 siderent:
1514 1365 1581 1426 nos,
1594 1351 1779 1413 eorumdem
1790 1347 1946 1414 llichaelis
1958 1355 1988 1410 et
1999 1349 2093 1410 Frau-

1346 1445 1417 1508 cisci
1438 1451 1676 1522 procuratorum
1698 1443 1778 1506 votis
1798 1443 1854 1504 bac
1875 1443 1907 1506 in
1929 1457 1974 1517 re,
1997 1457 2093 1520 quan-

1347 1545 1415 1601 tum
1437 1552 1508 1600 cum
1529 1536 1662 1598 Domino
1689 1550 1862 1616 possumus,
1884 1535 2095 1598 favorabiliter

1347 1646 1489 1694 annuere
1503 1629 1656 1705 volentes
1669 1637 1701 1692 et
1715 1643 1824 1692 eorum
1837 1628 2010 1706 singulares
2024 1645 2094 1708 per-

1346 1741 1435 1786 sonas
1457 1741 1473 1785 e
1495 1724 1655 1804 quibusvis
1669 1723 2011 1798 excommunicationis,
2027 1740 2092 1786 sus·

1347 1817 1502 1895 pensionis
1523 1823 1554 1879 et
1575 1817 1741 1891 interdicti,
1764 1815 1893 1894 aliisque
1914 1815 2094 1878 ecclesiasti-

1346 1909 1389 1972 cis
1409 1909 1588 1985 sententiis,
1616 1909 1758 1972 censuris
1783 1915 1814 1972 et
1840 1908 1962 1987 poenis,
1985 1925 2001 1968 a
2026 1907 2094 1970 iure

1347 2002 1396 2064 vel
1417 2003 1454 2064 ab
1475 2003 1612 2079 homine,
1634 2003 1742 2082 quavis
1763 2003 1920 2066 occasione
1937 2001 1988 2064 vel
2006 2003 2093 2064 causi

1346 2094 1427 2170 latis,
1443 2097 1593 2175 siquibus
1608 2095 1841 2176 quomodolibet
1855 2096 2017 2159 innodatae
2032 2095 2094 2157 eri·

1346 2196 1452 2266 stunt,
1475 2190 1510 2252 ad
1533 2190 1678 2253 ellectum
1703 2189 1914 2269 praesentium
1935 2189 2094 2250 dumtaxat

1347 2285 1611 2362 consequendum,
1625 2284 1738 2348 herum
1755 2283 1836 2346 serie
1856 2280 2049 2344 absolventes
2063 2287 2094 2341 et

1346 2376 1499 2440 absolutas
1520 2377 1586 2440 lore
1612 2383 1790 2452 censentes,
1818 2375 2093 2455 supplicationibus

1347 2485 1454 2533 eorum
1478 2471 1606 2533 nomine
1626 2470 1715 2534 nobis
1739 2485 1833 2548 super
1854 2473 1911 2533 hoc
1932 2469 2093 2532 humiliter

1347 2565 1495 2644 porrectis
1525 2563 1683 2640 inclinati,
1714 2565 1751 2626 de
1779 2561 2006 2628 venerabilium
2033 2562 2092 2624 lra-

1347 2666 1432 2720 trum
1454 2665 1631 2720 nostrorum
1653 2655 1684 2720 S.
1703 2656 1738 2718 lt.
1758 2657 1792 2719 lt.
1811 2655 2022 2720 Cardinalium
2039 2673 2091 2718 su-

1346 2767 1401 2828 per
1422 2752 1480 2816 hcc
1501 2750 1627 2827 negotio
1657 2748 1831 2830 specialiter
1862 2750 2092 2827 deputatorum,

1347 2845 1400 2924 qui
1427 2843 1503 2906 illud
1534 2851 1655 2906 mature
1686 2843 1929 2923 perpenderunt,
1952 2841 2091 2914 consilio,

1346 2937 1512 3016 praelatam
1535 2937 1815 3015 congregationem
1837 2933 2093 2996 Bethlemiterum

1347 3031 1380 3093 in
1402 3031 1495 3094 indiis
1515 3030 1758 3095 occidentalibus
1779 3031 1811 3091 in
1841 3043 1947 3092 veram
1970 3027 2092 3104 religio-

1348 3141 1421 3188 nem
1453 3139 1524 3187 3333
1554 3124 1635 3186 votis
1664 3123 1867 3196 solemnibus,
1890 3137 1928 3184 ex
1957 3119 2091 3197 integro,

1348 3219 1439 3282 etiem
1462 3219 1499 3280 eh
1520 3219 1556 3280 iis
1577 3219 1631 3296 qui
1652 3219 1801 3281 hactenus
1822 3223 1893 3280 vota
1915 3212 2094 3278 huiusmodi

1348 3313 1380 3374 in
1402 3313 1509 3374 eedem
1531 3311 1780 3388 congregatione
1801 3310 1983 3386 emiserunt,
2005 3308 2094 3370 emit·

1349 3405 1460 3482 tendis,
1484 3406 1524 3466 ita
1546 3413 1650 3468 tamen
1672 3412 1707 3466 ut
1724 3419 1803 3466 nova
1818 3409 1889 3464 vote
1903 3403 2093 3475 emittentes,

1348 3501 1434 3582 prius
1448 3501 1486 3563 de
1501 3498 1665 3562 inefficacia
1680 3496 1933 3578 praecedentium
1947 3502 2094 3557 votorum

1349 3594 1385 3658 ad
1406 3591 1666 3658 constituendum.
1680 3607 1731 3654 eos
1752 3605 1841 3654 veros
1856 3587 2015 3665 religiosos
2030 3602 2094 3649 cer-

1350 3689 1522 3762 tiorantur,
1557 3685 1738 3748 auctoritate
1771 3680 1952 3761 apostolica,
1985 3687 2095 3742 tenore

1349 3781 1571 3863 praesentium,
1600 3785 1749 3860 perpetuo
1778 3775 1928 3852 erigimus
1949 3781 1980 3837 et
2007 3773 2094 3836 insti-

1351 3875 1477 3938 luimus.

1389 3970 1409 4046 5
1429 3969 1458 4030 3.
1482 3969 1699 4038 vehementes,
1720 3965 1841 4050 easdem
1856 3971 2032 4042 praesentes
2047 3961 2096 4024 lit·

1349 4073 1429 4128 teras
1458 4063 1577 4135 llrmas,
1606 4060 1721 4123 validas
1744 4065 1775 4122 et
1800 4057 1935 4122 efficaces
1963 4057 2097 4119 existere

1350 4167 1381 4222 et
1401 4158 1481 4231 lore,
1506 4171 1640 4234 suosque
1663 4152 1816 4232 plenarios
1841 4159 1872 4213 et
1895 4151 2033 4226 integros
2054 4148 2097 4212 ei·

1350 4251 1448 4314 iectus
1467 4248 1573 4312 sortiri
1593 4255 1625 4309 et
1646 4247 1798 4320 obtinere,
1820 4261 1854 4307 ac
1876 4242 1948 4318 illis,
1964 4241 2000 4304 ad
2021 4257 2097 4320 quos

1350 4351 1465 4424 spectat
1479 4351 1510 4404 et
1521 4357 1577 4421 pro
1589 4347 1728 4418 ternpore
1743 4338 2001 4417 quandocumque
2014 4351 2098 4414 spec·

1350 4437 1439 4512 tebit,
1462 4437 1493 4498 in
1516 4433 1660 4499 omnibus
1680 4441 1711 4496 et
1732 4447 1788 4512 per
1802 4431 1906 4495 omnia
1920 4429 2099 4508 plenissime

1351 4529 1524 4608 suth-ageri,
1538 4535 1568 4590 et
1583 4527 1620 4590 ab
1634 4526 1677 4587 eis
1692 4523 1863 4604 respective
1877 4520 2099 4584 inviolabiliter

1352 4623 1520 4696 observari,
1542 4621 1648 4697 sicque
1672 4619 1705 4680 in
1727 4615 1901 4696 praemissis
1929 4630 1984 4694 per
2009 4629 2099 4692 quos-

1352 4731 1488 4794 cumque
1519 4714 1632 4776 iudices
1663 4711 1832 4774 ordinarios
1864 4717 1895 4770 et
1925 4707 2098 4784 delegatos,

1353 4809 1447 4872 etiam
1468 4821 1630 4871 causarum
1644 4805 1747 4884 palatii
1760 4803 1918 4884 apostolici
1933 4801 2098 4875 auditores,

1353 4902 1481 4965 iudicari
1501 4907 1533 4963 el
1558 4899 1683 4963 deliniri
1709 4899 1837 4972 debere,
1863 4913 1898 4959 ae
1921 4896 2047 4958 irritum
2069 4901 2101 4956 et

1353 4997 1456 5071 inane,
1479 4995 1504 5056 si
1525 5011 1612 5057 secus
1628 5007 1722 5071 super
1744 4991 1791 5054 his
1808 5007 1824 5054 e
1844 5005 2010 5069 quoquam,
2027 5003 2101 5067 qua·

1354 5088 1400 5149 vis
1427 5088 1624 5161 auctoritate,
1656 5086 1791 5150 scienter
1822 5083 1872 5146 vel
1903 5083 2099 5160 ignoranter,

1354 5181 1520 5258 contigerit
1541 5183 1696 5243 attentari.

2142 3981 2289 4030 clausulae.

1394 5275 1414 5350 ἓ
1435 5275 1463 5336 d.
1489 5272 1558 5336 Non
1580 5273 1770 5336 obstantibus
1785 5271 1969 5352 praemissis,
1985 5285 2018 5334 ec
2032 5285 2103 5350 apo·
2129 5283 2331 5346 3333333333-

1354 5371 1468 5436 stoliais
1490 5386 1535 5447 ac,
1551 5369 1583 5432 in
1604 5369 1829 5432 universalibus
1850 5365 2102 5447 provincialibus-

1355 5481 1415 5545 que
1439 5473 1472 5526 et
1495 5463 1693 5544 synodalibus
1720 5462 1855 5526 conciliis
1880 5460 1979 5536 editis,
2010 5473 2104 5537 gene-

1356 5560 1471 5622 ralibus
1498 5559 1549 5620 vel
1568 5557 1749 5635 specialibus
1773 5553 2044 5618 constitutionibus
2071 5559 2102 5614 et

1356 5651 1613 5726 ordinationibus,
1641 5665 1762 5712 necnon
1795 5647 2051 5726 congregationis
2072 5654 2103 5709 et

1356 5745 1554 5824 hospitalium
1575 5743 1813 5822 praedictorum,
1827 5741 1957 5820 aliisque
1976 5740 2103 5818 quihus-

1357 5839 1415 5915 vis,
1439 5838 1531 5900 etiam
1556 5837 1742 5911 iuramento,
1772 5834 2008 5898 confirmatione
2033 5847 2102 5912 apo·

1356 5929 1475 6006 stolict,
1496 5930 1546 5992 vel
1567 5929 1674 6009 quavis
1695 5928 1842 5991 tirmitate
1864 5927 1920 5990 alie
1939 5926 2101 6001 roboratis,

2120 5341 2265 5384 tractorum.
