4848 6990
281 499 335 553 An.
349 503 379 554 ⁰·
401 504 470 556 mse
521 512 561 575 86
1026 537 1091 581 run.
1116 535 1206 579 rona.
1231 535 1271 578 na:
1293 535 1323 579 r.
1347 535 1376 579 r.
1399 537 1482 580 rans
1505 538 1524 580 r.

500 649 595 725 gociis
616 657 647 712 et
668 653 946 715 consultationibus
974 655 1197 733 Episcoporum
1219 661 1249 715 et

500 742 702 818 Regularium
728 749 985 824 praepositorum,
1008 749 1062 826 qui
1090 763 1157 810 rein
1186 763 1249 808 ma-

502 844 571 897 ture
592 837 813 915 discusserunt,
846 841 985 916 consilio,
1009 842 1112 902 omnia
1135 849 1165 902 et
1187 843 1249 902 sin·

500 929 571 1004 gula
593 938 656 992 acta
677 939 709 992 et
730 935 863 1007 decreta,
881 935 913 994 in
928 935 1101 1011 supradicto
1117 935 1250 1012 capitulo

500 1022 697 1098 intermedio,
729 1034 763 1088 ut
791 1029 977 1104 praefertur,
1010 1028 1097 1100 lacta,
1130 1029 1251 1106 praein-

499 1122 591 1190 serta,
621 1119 803 1182 auctoritato
830 1121 1004 1198 apostolici,
1035 1131 1144 1183 tenore
1164 1137 1250 1200 prae-

498 1211 649 1284 sentium,
665 1215 885 1277 confirmamus
901 1224 931 1278 et
945 1216 1158 1294 approbamus,
1175 1215 1249 1276 illis-

499 1319 560 1380 que
581 1305 766 1368 inviolabilis
787 1309 970 1384 apostolicae
985 1310 1140 1371 firmitatis
1155 1309 1251 1370 robur

499 1397 671 1474 adficimus,
694 1417 728 1462 ac
755 1417 863 1463 omnes
890 1409 922 1463 et
951 1403 1091 1479 singulos
1122 1403 1198 1464 iuris
1218 1410 1250 1464 et

500 1489 569 1552 facti
590 1491 738 1568 defectus,
761 1495 854 1572 siqui
871 1495 1003 1574 desuper
1018 1495 1251 1574 quomodolibet

443 1641 446 1650 ,
499 1582 740 1661 intervenerint,
753 1589 945 1666 supplemus3
958 1589 1040 1650 salvi
1054 1596 1159 1650 tamen
1171 1605 1252 1650 sern-

499 1692 554 1754 per
576 1677 609 1738 in
631 1679 805 1757 praemissis
826 1682 1009 1744 auctoritate
1029 1682 1252 1758 congregatio-

500 1771 548 1831 nis
570 1781 814 1834 memoratorum
837 1775 1060 1837 cardinalium.

304 1861 447 1910 clausurae.
541 1865 560 1937 5
581 1865 610 1926 li.
634 1865 844 1928 Oecernentes
865 1869 988 1930 easdem
1009 1877 1187 1945 praesentes
1202 1867 1252 1930 lit-

501 1963 581 2018 teras
602 1973 635 2018 ac
656 1967 721 2020 acta
743 1967 773 2020 et
789 1961 909 2023 decreta
924 1961 1112 2037 praeinserta
1128 1977 1250 2038 semper

501 2051 603 2124 firma,
626 2051 725 2112 valida
747 2059 778 2114 et
805 2053 936 2114 efficacia
964 2054 1098 2115 existere
1120 2061 1150 2115 et
1171 2054 1248 2128 fore,

500 2159 635 2222 suosque
657 2145 811 2223 plenarios
832 2153 863 2207 et
884 2147 1023 2222 integros
1044 2147 1171 2208 effectus
1187 2161 1250 2208 sor-

503 2237 553 2298 tiri
575 2244 607 2298 et
629 2237 780 2311 obtinere,
797 2255 829 2300 ac
851 2239 923 2314 illis,
939 2241 975 2301 ad
997 2257 1073 2319 quos
1087 2245 1203 2319 spectat
1219 2247 1250 2301 et

501 2345 557 2408 pro
582 2337 721 2408 tempore
745 2333 1005 2411 quandocumque
1027 2333 1191 2411 spectabit,
1218 2335 1250 2394 in

501 2423 646 2486 omnibus
667 2430 697 2483 et
719 2440 774 2502 per
792 2426 895 2486 omnia
911 2425 1089 2503 plenissime
1103 2427 1251 2503 suflraga-

501 2516 544 2590 ri,
566 2517 672 2594 sicque
696 2516 729 2578 in
753 2518 931 2595 praemissis
958 2535 1014 2596 por
1037 2533 1251 2596 quoscumque

501 2609 617 2670 iudices
638 2609 809 2671 ordinarios
831 2619 861 2672 et
883 2611 1049 2687 delegatos,
1064 2611 1160 2672 etiam
1181 2628 1252 2672 cnu-

500 2719 604 2764 sarum
616 2701 722 2780 palatii
732 2703 888 2782 apostolici
900 2705 1067 2778 auditores,
1081 2704 1207 2767 iudicari
1219 2714 1250 2766 ot

500 2795 624 2858 deliniri
639 2797 762 2870 debere,
779 2813 813 2858 ac
827 2799 954 2858 irritum
970 2807 1001 2858 et
1016 2797 1109 2859 inane
1122 2799 1148 2858 si
1162 2815 1250 2859 secus

500 2905 594 2968 super
622 2889 669 2950 bis
689 2905 705 2949 a
727 2905 893 2968 quoquam,
921 2889 1028 2968 quavis
1054 2890 1248 2965 auctoritate,

499 2981 634 3044 scienter
646 2983 695 3044 vel
707 2984 899 3058 ignoranter,
913 2983 1081 3058 contigerit
1091 2985 1246 3046 attentari.

268 3073 481 3183 dgssffirofrfflm
540 3078 560 3151 ἓ
580 3077 609 3137 5.
635 3075 703 3138 Non
725 3076 916 3138 obstantibus
930 3076 1204 3138 constitutionibus
1219 3085 1250 3138 et

499 3169 745 3231 ordinationibus
756 3168 940 3246 apostolicis,
953 3185 997 3242 ac,
1010 3176 1162 3246 quatenus
1173 3185 1250 3247 opus

499 3263 549 3338 sit,
573 3263 645 3324 dicti
667 3262 800 3335 Ordinis,
823 3261 917 3324 etiam
935 3262 1121 3336 iuramento,
1138 3263 1251 3324 confrr-

499 3355 636 3416 matione
650 3353 825 3432 apostolici,
841 3355 892 3416 vel
907 3355 1015 3432 quavis
1032 3355 1177 3416 firmitate
1191 3353 1249 3415 alii

499 3447 662 3521 roboratis,
685 3447 808 3508 statutis
829 3453 860 3508 et
882 3447 1169 3522 consuetudinibus,
1187 3447 1248 3526 pri-

498 3539 621 3617 vilegiis
642 3555 776 3618 quoque,
800 3539 928 3600 indultis
950 3549 981 3601 et
1002 3540 1113 3602 litteris
1132 3547 1248 3618 aposto-

499 3633 564 3694 licis
585 3633 618 3694 in
639 3633 843 3706 contrarium,
859 3633 1100 3710 praemissorum
1117 3649 1251 3711 quomo-

499 3726 614 3789 dolibet
635 3725 797 3799 concessis,
820 3726 1011 3788 confirmatis
1026 3733 1056 3788 et
1073 3727 1247 3802 innovatis;

499 3819 611 3898 quibus
633 3819 779 3880 omnibus
800 3828 831 3882 et
851 3819 995 3896 singulis,
1018 3820 1145 3880 illorum
1163 3827 1249 3882 teno-

499 3931 548 3976 res
569 3912 784 3990 praesentibus
805 3927 862 3990 pro
889 3913 980 3990 plene
1001 3922 1032 3974 et
1058 3911 1249 3978 sufficienter

497 4007 651 4084 expressis
671 4023 704 4067 ac
724 4006 851 4068 insertis
872 4006 1032 4080 babentes,
1050 4006 1108 4066 illis
1130 4007 1202 4068 aliis
1217 4008 1249 4068 in

497 4115 555 4161 suo
575 4099 687 4161 robore
707 4098 929 4177 permansuris,
951 4099 988 4159 ad
1008 4099 1249 4178 praemissorum

499 4193 656 4268 effectum,
680 4194 735 4254 bac
755 4193 823 4254 vice
843 4192 1014 4266 dumtaxat,
1030 4192 1204 4270 specialiter
1220 4201 1250 4254 et

500 4303 644 4367 expresso
665 4287 864 4362 derogamus,
892 4285 1064 4363 ceterisque
1086 4286 1250 4347 contrariis

500 4381 759 4458 quibuscumque.

322 4473 395 4520 arces
411 4479 482 4521 tran·
541 4475 560 4548 5
574 4473 603 4534 6.
620 4471 773 4534 Volumus
788 4477 903 4544 autem,
921 4477 954 4532 ut
970 4471 1149 4532 earumdem
1166 4486 1251 4548 prae·

269 4532 437 4585 sumptorum.
501 4567 639 4629 sentium
661 4565 833 4627 litterarum
856 4563 1059 4642 transumptis
1075 4579 1131 4626 seu
1145 4578 1251 4624 exem-

501 4661 571 4740 plis,
594 4660 688 4721 etiam
710 4657 876 4736 impressis,
899 4673 996 4718 manu
1018 4657 1147 4718 alicuius
1164 4663 1251 4717 nota-

501 4755 540 4816 rii
562 4753 675 4832 publici
705 4751 896 4828 subscriptis,
919 4758 949 4811 et
970 4749 1074 4824 sigillo
1102 4763 1251 4827 personae

500 4849 534 4911 in
555 4847 755 4910 ecclesiastica
777 4845 928 4920 dignitate
946 4843 1131 4905 constitutae
1147 4843 1249 4902 munf-

502 4941 552 5016 tis,
575 4941 681 5002 eadem
712 4953 836 5016 prorsus
868 4935 943 4996 fides
974 4935 1090 5012 ubique
1110 4934 1249 4996 locorum

500 5043 564 5098 tam
586 5035 618 5096 in
641 5033 753 5095 iudicio
775 5021 874 5109 quam'
888 5039 975 5091 extra
997 5029 1072 5090 illud
1089 5029 1248 5104 habeatur,

500 5147 578 5209 quae
592 5127 665 5206 ipsis
680 5125 893 5204 praesentibus
914 5123 1091 5197 haberetur,
1104 5121 1130 5182 si
1145 5121 1249 5184 forent

500 5223 655 5284 exhibitae
676 5219 727 5280 vel
748 5227 897 5280 ostensae.

541 5316 653 5376 Datum
680 5312 815 5385 Romae,
842 5308 920 5387 apud
946 5308 976 5370 S.
992 5307 1128 5370 blariam
1158 5307 1251 5369 llaio-

501 5423 580 5481 rem,
596 5406 653 5468 sub
672 5403 791 5466 annulo
806 5401 976 5474 Piscatoris,
993 5399 1042 5460 die
1058 5416 1135 5460 xvn.
1152 5415 1249 5477 augu-

500 5500 540 5560 sti
562 5511 772 5570 uooaxxxvr,
793 5494 989 5574 pontificatus
1004 5491 1102 5553 nostri
1118 5506 1200 5553 anno
1216 5507 1247 5554 x.

543 5697 572 5752 (t)
588 5699 625 5739 Ex
638 5693 746 5750 append.
763 5695 812 5736 vet.
828 5690 895 5736 Bull.
910 5691 942 5735 do
962 5693 987 5734 P.
1003 5693 1030 5734 b.
1053 5691 1102 5734 vol.
1118 5693 1146 5744 1.,
1161 5701 1184 5746 p.
1199 5692 1246 5745 sm,

501 5765 636 5810 adduntur
650 5763 752 5806 statuta
768 5771 818 5803 raon
833 5758 916 5803 allato
930 5757 957 5802 in
972 5757 1059 5814 prima
1078 5755 1193 5800 editione
1207 5756 1247 5800 de-

502 5831 608 5886 orrrnpto
622 5840 653 5871 ex
667 5827 733 5871 Bull.
749 5827 787 5870 ed.
799 5825 906 5880 taurin,
917 5828 979 5868 tom.
990 5825 1064 5877 xlx„
1078 5835 1101 5879 p.
1113 5823 1160 5878 712,
1175 5825 1202 5866 et
1216 5835 1247 5867 ex

503 5894 660 5943 collectione
674 5895 850 5948 Stattttortun,
865 5890 1013 5948 gratiarum
1029 5893 1076 5935 etc.
1090 5901 1137 5946 pro
1147 5889 1247 5936 missio·

1621 654 1733 716 XXlX.

1306 839 1467 917 Approltnt
1489 841 1620 920 collegio
1643 841 1832 902 occissionem
1853 841 1921 902 ioan
1949 846 2055 900 credili

1346 951 1402 1010 paro
1430 934 1648 995 missiotturiis
1680 933 1793 996 Sancti
1823 933 1993 996 Francisci
2020 933 2055 993 de

1349 1025 1561 1090 Obseruando
1583 1027 1618 1086 in
1640 1025 1800 1102 Hispcnid
1825 1033 1855 1086 ct
1878 1025 1981 1088 indiis
2001 1024 2057 1086 Oc-

1346 1119 1579 1190 ctdetatolibus,
1602 1137 1683 1180 ttotrtt
1705 1119 1849 1198 erigendi
1876 1119 1981 1180 tradit
2005 1121 2055 1197 fct-

1345 1215 1513 1283 cultatem,
1530 1230 1567 1274 oc
1589 1213 1736 1274 ntinistri
1752 1213 1911 1292 generalis
1925 1218 2054 1274 statuto

1344 1323 1402 1384 pro
1423 1307 1557 1370 illorum
1583 1306 1736 1384 regimine
1759 1306 1929 1382 confirmat
1951 1305 1963 1381 (
1984 1302 2007 1382 ).

1476 1473 1731 1542 innocentius
1755 1475 1815 1542 ΡΡ.
1839 1474 1885 1540 lll.

1424 1597 1460 1664 ad
1483 1601 1656 1680 perpetuant
1681 1597 1724 1663 rei
1752 1596 1932 1662 memorien.

1345 1775 1498 1836 Ecclesiae
1514 1775 1679 1837 catholicae
1695 1789 1749 1852 per
1761 1774 1944 1836 universum
1960 1781 2055 1835 terra-

1305 1879 1377 1930 rum
1398 1868 1506 1929 orbern
1528 1868 1656 1930 diffusae
1677 1867 1836 1943 regimini,
1849 1867 1968 1928 meritis
1983 1867 2054 1928 licet

1305 1961 1484 2039 imparibus,
1501 1959 1604 2022 attvtna
1622 1961 1812 2038 dispositone
1832 1960 2052 2038 praesidentes,

1305 2071 1351 2129 ea,
1383 2071 1462 2132 quae
1487 2071 1503 2114 a
1532 2054 1744 2131 superioribus
1772 2053 1967 2130 regularibus
1999 2069 2054 2130 pro

1305 2147 1490 2208 christianae
1526 2147 1684 2223 religionis
1719 2146 1947 2224 catholicaeque
1982 2145 2054 2208 fidei

1304 2240 1541 2316 propagatione,
1570 2241 1714 2317 rectique
1739 2239 1986 2300 christifidelium
2008 2239 2055 2300 in·

1304 2333 1476 2394 structione
1497 2349 1531 2392 ac
1552 2347 1676 2394 morum
1694 2331 1916 2394 reformatione
1937 2341 1968 2392 et
1989 2333 2055 2392 ani-

1305 2441 1427 2487 marum
1459 2425 1557 2486 salute
1589 2425 1705 2501 ubique
1737 2424 1875 2487 locorum
1907 2426 2055 2502 congruis

1306 2519 1476 2580 rationibus
1505 2518 1715 2596 procuranda,
1745 2517 1794 2596 pio
1822 2519 2055 2596 prudenterque

1305 2619 1419 2672 statuta
1440 2620 1533 2688 atque
1560 2611 1698 2672 ordinata
1720 2626 1786 2672 osse
1812 2618 1996 2683 noscuntur,
2020 2617 2054 2671 ut

1306 2705 1394 2765 farma
1416 2720 1539 2782 semper
1559 2711 1591 2766 et
1613 2703 1727 2764 illibata
1749 2703 1926 2780 persistant,
1949 2711 1980 2764 et
2001 2719 2053 2781 op-

1307 2797 1359 2858 tati
1387 2798 1501 2860 exinde
1529 2797 1684 2860 bonorum
1715 2812 1847 2875 operum
1877 2797 1996 2859 fructus
2017 2797 2053 2858 ad

1306 2891 1359 2951 Dei
1382 2891 1512 2965 gloriam
1527 2898 1557 2952 et
1571 2890 1730 2952 christiani
1751 2890 1857 2968 populi
1872 2889 2053 2951 aedificatio-

1306 2999 1390 3058 nem,
1414 2983 1617 3046 benedicente
1639 2983 1787 3057 Oomino,
1810 2991 2050 3060 consequantur,

1305 3076 1460 3154 apostolici
1482 3077 1667 3138 muniminis
1682 3077 1780 3137 nostri
1803 3077 1964 3154 praesidio,
1981 3091 2052 3138 cum

1305 3168 1333 3228 id
1356 3187 1372 3230 a
1393 3169 1482 3230 nobis
1503 3169 1631 3246 petitur,
1655 3169 1788 3230 libenter
1809 3168 2051 3242 constabilimus,

2098 1781 2255 1830 Exordium.

1305 3269 1335 3322 ot
1357 3261 1429 3323 alias
1454 3261 1612 3339 pastoralis
1633 3262 1726 3323 officii
1754 3262 1853 3323 nostri
1879 3267 1979 3339 partes
2000 3277 2051 3339 op·
2154 3259 2157 3264 “

1304 3362 1440 3432 portuno
1459 3355 1592 3433 desuper
1615 3355 1856 3433 interponimus,
1879 3361 1982 3432 prout,
2005 3371 2052 3415 re-

1304 3463 1387 3522 rum,
1410 3463 1629 3525 personarum,
1653 3447 1794 3510 locorum
1822 3457 1853 3508 et
1876 3456 2052 3525 temporum

1304 3540 1502 3618 qualitatibus
1518 3548 1639 3602 mature
1654 3542 1824 3620 perpensis,
1839 3539 2003 3602 salubriter
2018 3541 2050 3602 in

1305 3635 1435 3695 Domino
1456 3635 1602 3713 expedire
1623 3635 1820 3696 arbitramur.

1343 3729 1362 3802 ἓ
1385 3728 1412 3788 ¹·
1438 3729 1557 3806 Ellfflll
1579 3727 1732 3806 siquidem
1749 3728 1836 3790 nobis
1858 3741 1959 3804 nuper
1979 3725 2051 3788 fecit
2105 3730 2294 3794 repulissen-
2396 3743 2397 3806 3

1304 3821 1433 3884 dilectus
1456 3822 1538 3883 silius
1563 3821 1742 3884 Franciscus
1769 3821 1840 3882 Oiaz
1861 3837 1877 3880 a
1899 3819 1929 3884 S.
1955 3821 2050 3882 Bona·
2069 3785 2147 3882 {33⁶¹
2171 3795 2294 3832 mma·
2396 3831 2397 3834 =

1304 3923 1437 3975 ventura
1459 3930 1513 3990 pro
1535 3913 1763 3975 ultramontana
1783 3911 1896 3974 familia
1918 3912 2051 3975 fratrum

1304 4007 1461 4068 Minorum
1484 4007 1586 4069 Sancti
1614 4005 1766 4067 Francisci
1789 4007 1826 4067 de
1850 4005 2052 4068 Observantid

1305 4107 1556 4177 nuncupatorum
1580 4099 1612 4160 in
1634 4099 1770 4160 llomand
1797 4099 1888 4162 duria
1910 4099 2054 4160 commis·

1304 4193 1402 4254 sarius
1424 4191 1587 4267 generalis,
1610 4193 1703 4269 quod,
1728 4207 1799 4254 curn
1823 4191 1953 4253 dilectus
1974 4193 2052 4270 pari-

1306 4293 1352 4346 ter
1374 4285 1456 4346 filius
1480 4285 1634 4345 Antonius
1656 4285 1692 4346 de
1714 4285 1808 4346 Linaz
1835 4285 1909 4346 dicti
1931 4285 2053 4348 Ordinis

1307 4377 1467 4456 professor,
1481 4393 1514 4438 ac
1528 4377 1560 4438 in
1572 4377 1665 4438 indiis
1676 4377 1918 4440 Occidentalibus
1935 4377 2053 4439 missio·

1305 4486 1383 4532 num
1405 4470 1586 4547 praelectae,
1603 4472 1638 4532 ad
1661 4471 1731 4533 fidoi
1754 4471 2006 4548 propagationem
2022 4477 2052 4532 et

1306 4579 1430 4624 morum
1453 4563 1485 4624 in
1508 4565 1597 4624 terris
1617 4562 1757 4624 fidelium
1783 4563 2049 4636 reformationem,

1305 4657 1398 4717 unius
1420 4662 1592 4718 conventus
1614 4655 1663 4716 vel
1687 4657 1822 4718 duorum
1839 4673 1877 4718 ex
1899 4657 1960 4717 iam
1982 4656 2052 4718 lun-

1304 4747 1382 4808 datis
1410 4747 1442 4808 in
1471 4747 1655 4825 unaquaque
1677 4765 1715 4810 ex
1742 4748 1910 4826 provinciis
1930 4749 2053 4812 Ordinis

1304 4841 1451 4919 praedicti
1473 4842 1506 4902 in
1528 4841 1696 4903 ditionibus
1717 4842 1864 4904 carissimi
1881 4844 1912 4904 in
1929 4842 2052 4905 Christo

1305 4934 1361 4996 filii
1382 4935 1481 4994 nostri
1501 4934 1831 5012 Carolillispaniarum
1853 4935 1936 5011 regis
1949 4935 2052 4996 calbo-

1305 5026 1366 5101 lici,
1391 5035 1452 5087 tam
1473 5027 1551 5102 apud
1575 5026 1748 5103 Hispaniam
1766 5041 1860 5104 quam
1881 5028 1960 5104 apud
1981 5026 2051 5088 Plri-

1304 5119 1465 5197 lippinaas,
1495 5119 1680 5193 blexicauas,
1710 5119 1862 5180 Peruanas
1883 5128 1915 5181 et
1935 5127 2053 5180 ceteras

1304 5211 1511 5275 Occidentales
1524 5212 1622 5274 indias
1634 5212 1848 5286 existentibus
1861 5211 2053 5274 erectionem

1305 5306 1336 5366 in
1357 5306 1522 5366 seminaria
1542 5321 1597 5367 seu
1624 5306 1753 5382 collegia
1774 5321 1829 5384 pro
1850 5305 2053 5366 missionariis

1303 5397 1448 5461 fratribus
1475 5400 1640 5462 educandis
1668 5417 1700 5461 ac
1732 5398 1921 5460 instruendis
1947 5415 1963 5458 a
1988 5399 2052 5460 suis

1302 5491 1513 5570 superioribus
1535 5492 1683 5570 petiisset,
1701 5490 1830 5554 dilectus
1851 5491 1946 5552 etiarn
1968 5491 2050 5553 filius

1303 5691 1380 5736 nibus
1402 5689 1546 5747 earumque
1567 5689 1686 5745 collegiis
1700 5689 1731 5734 de
1746 5692 1853 5745 Propeg.
1870 5688 1932 5734 ride
1946 5693 1972 5734 F.
1989 5689 2049 5733 Min.

1304 5761 1326 5802 S.
1343 5761 1443 5812 lli-rinc,
1458 5759 1555 5804 collato
1569 5767 1629 5802 eum
1644 5755 1788 5812 exemplari
1802 5755 1956 5801 authentico
1969 5755 1997 5800 in
2007 5761 2051 5800 Ar-

1302 5825 1368 5870 cbiv.
1387 5824 1517 5869 Brevium.
