4880 6982
331 555 385 610 Aa.
399 559 429 610 d.
452 561 520 613 1718
572 569 631 632 gpg

550 705 661 768 siastici
693 707 800 785 quavis
831 707 1013 770 auctoritate
1043 707 1161 783 collati,
1191 713 1293 780 vacet,

550 800 669 860 etiamsi
692 807 777 862 tanto
798 807 936 879 tempore
951 802 1116 876 vacaverit,
1133 803 1214 880 quod
1229 801 1296 862 eius

550 893 670 955 collatio
692 894 775 957 iuxta
798 895 1013 958 Lateranensis
1033 902 1144 958 statuta
1166 895 1295 959 Concilii

550 989 585 1050 ad
618 986 728 1050 Sedem
759 989 926 1066 praefatam
959 990 1098 1066 legitime
1129 989 1294 1064 devoluta,

550 1081 713 1160 ipsumque
734 1083 920 1145 beneficium
942 1083 1133 1161 dispositioni
1155 1082 1295 1161 apostoli-

549 1193 601 1238 cae
622 1175 795 1254 specialiter
816 1177 865 1238 vel
886 1177 958 1239 alias
989 1177 1177 1255 generaliter
1198 1193 1296 1238 reser-

550 1275 657 1332 vatum
688 1269 810 1344 existat,
833 1277 863 1332 91
884 1287 977 1351 super
998 1289 1034 1335 eo
1067 1275 1151 1334 inter
1178 1271 1296 1350 aliquos

550 1361 598 1436 lis,
621 1361 708 1424 cuins
728 1369 844 1426 statum
863 1365 1075 1442 praesentibus
1090 1365 1193 1426 baberi
1209 1363 1296 1425 volu-

550 1471 621 1516 mus
642 1471 697 1533 pro
718 1471 873 1534 expresso,
896 1459 1027 1536 pendeat
1046 1459 1191 1533 indecisa,
1208 1459 1298 1521 dum·

550 1546 643 1608 modo
664 1549 730 1610 eius
752 1549 908 1628 dispositio
929 1551 963 1612 ad
987 1569 1043 1614 nos
1064 1553 1120 1615 bac
1140 1553 1208 1614 vice
1231 1569 1298 1631 per·

552 1641 658 1716 tinent,
682 1643 803 1722 praevia
835 1644 916 1706 illius
948 1646 1030 1708 tituli
1062 1646 1195 1709 collativi
1226 1661 1297 1723 sup·

551 1736 707 1812 pressione
729 1743 758 1798 91
780 1739 981 1814 extinctione,
1003 1755 1075 1802 cum
1095 1739 1225 1801 annexis
1239 1739 1296 1799 lm-

551 1828 681 1890 iusmodi
704 1847 736 1891 ac
757 1831 900 1893 omnibus
920 1832 1038 1894 iuribus
1054 1843 1084 1894 et
1099 1831 1297 1912 pertinentiis

550 1923 625 1996 suis,
654 1921 738 1984 dicto
766 1925 908 2003 hospitio,
932 1927 972 1987 ita
994 1927 1074 2004 quod
1107 1927 1195 1989 liceat
1217 1925 1297 1987 eius·

552 2018 620 2078 dem
645 2018 768 2097 hospitii
790 2020 901 2081 rectori
923 2035 1008 2082 nunc
1029 2025 1060 2080 et
1081 2036 1135 2098 pro
1158 2027 1296 2098 tempore

551 2109 698 2173 existenti
730 2110 801 2174 dicti
833 2112 973 2174 beneficii
1005 2111 1184 2186 fructuum,
1217 2112 1296 2174 redi·

550 2211 653 2278 tuum,
678 2207 899 2283 proventuum,
917 2205 1045 2282 iuriam,
1062 2207 1226 2280 bonorum,
1244 2205 1297 2268 ob

549 2297 748 2372 ventionum,
771 2299 1031 2378 pertinentiarum
1054 2306 1084 2360 91
1103 2299 1295 2362 emolumen-

549 2396 655 2452 torum
678 2391 898 2454 universorum
916 2393 1118 2471 corporalem,
1135 2393 1250 2454 realem
1264 2398 1295 2452 et

550 2483 699 2546 actualem
731 2486 955 2564 possessionem
986 2503 1042 2564 per
1062 2503 1105 2561 se,
1128 2486 1178 2548 vel
1199 2485 1295 2548 alium

549 2593 603 2639 seu
626 2578 711 2654 alios,
736 2579 802 2640 eius
823 2595 855 2641 ac
877 2579 948 2642 dicti
965 2580 1087 2660 hospitii
1103 2579 1294 2653 nominibus,

550 2671 670 2750 propria
692 2674 873 2735 auctoritate
893 2675 1124 2754 apprehendere
1145 2681 1175 2734 et
1190 2689 1295 2752 appre-

551 2766 679 2827 hensam
701 2775 850 2844 perpetuo
878 2768 1025 2842 retinere,
1050 2767 1162 2846 illaque
1184 2765 1293 2842 locare,

550 2857 708 2932 dislocare,
725 2859 1237 2938 1119111119,9111919991911919,
1255 2859 1297 2920 le-

551 2959 675 3012 111911
696 2967 890 3030 recuperare,
912 2969 944 3014 ac
966 2955 998 3014 in
1020 2953 1093 3016 dicti
1121 2953 1244 3030 bospitii
1266 2960 1297 3014 91

551 3047 773 3108 monachorum
791 3046 823 3107 in
839 3063 876 3108 eo
890 3062 944 3125 pro
961 3053 1099 3125 tempore
1112 3047 1296 3123 degentium

551 3139 758 3217 praelatorum
779 3155 962 3201 communes
983 3147 1013 3200 et
1035 3139 1195 3216 religiosos
1210 3157 1295 3212 usus,

551 3231 718 3294 utilitatem
740 3239 771 3294 et
791 3233 1006 3294 necessitatem
1029 3241 1221 3308 convertere,
1245 3249 1297 3295 cu-

551 3325 647 3387 iusvis
669 3324 790 3388 licentii
821 3328 952 3404 desuper
984 3327 1114 3390 minime
1135 3325 1294 3404 requisita,

551 3422 738 3500 supportatis
770 3429 884 3495 tamen,
907 3437 961 3500 per
983 3437 1067 3484 nunc
1088 3428 1119 3483 et
1140 3435 1195 3499 pro
1218 3429 1295 3482 tem-

551 3530 625 3592 pore
655 3515 842 3576 existentem
874 3514 946 3576 dicti
978 3514 1102 3592 hospitii
1132 3521 1294 3588 rectorem,

551 3607 696 3668 omnibus
717 3614 747 3668 91
767 3606 898 3683 singulis
930 3609 1000 3672 dicti
1030 3607 1173 3670 benelicii
1195 3607 1296 3669 oneri-

552 3699 619 3774 bus,
641 3699 801 3779 apostolica
822 3701 1004 3764 auctoritate
1026 3711 1132 3764 tenore
1155 3715 1297 3780 praesen-

552 3793 631 3853 tium
653 3801 802 3870 perpetuo
823 3794 962 3870 unimus,
983 3795 1177 3858 annectimus
1198 3803 1228 3856 et
1250 3794 1298 3856 in-

551 3901 759 3963 corporamus.

590 3983 609 4057 ἓ
630 3983 658 4043 3.
682 3983 902 4059 decernentes,
924 3986 1046 4046 easdem
1061 3991 1249 4062 praesentes,
1266 3993 1296 4046 91

551 4075 584 4137 in
613 4076 656 4136 eis
686 4081 832 4138 contenta
863 4093 1088 4156 quaecumque,
1122 4077 1209 4139 nullo
1237 4093 1294 4140 un-

550 4185 645 4247 quam
667 4176 815 4249 tempore,
839 4172 933 4234 etiam
957 4187 995 4234 ex
1017 4188 1052 4233 99
1073 4171 1154 4251 quod
1175 4186 1294 4245 causae,

551 4271 677 4342 propter
697 4280 772 4342 quas
793 4265 863 4326 illae
884 4266 1107 4340 emanaverint,
1123 4281 1227 4328 coram
1243 4281 1296 4326 no-

550 4364 614 4418 stro
636 4357 668 4418 in
690 4359 795 4420 eadem
818 4359 899 4420 Urbe
920 4361 1049 4438 eiusque
1074 4361 1215 4422 districtu
1244 4359 1297 4420 vt-

551 4450 632 4511 cario
655 4451 686 4512 in
707 4449 916 4529 spiritualibus
947 4451 1101 4527 Generali,
1123 4471 1178 4514 seu
1200 4453 1296 4514 dictae

552 4543 696 4606 ecclesiae
716 4559 771 4622 pro
794 4553 933 4624 tempore
964 4547 1116 4608 existente
1144 4544 1297 4609 cardinali

552 4636 682 4712 titulari,
697 4638 748 4698 vel
768 4638 839 4699 alias
859 4640 1060 4715 examinatae,
1078 4640 1250 4702 verificatae
1265 4645 1296 4699 et

552 4731 745 4808 approbatae,
767 4749 800 4794 ac
821 4749 1034 4812 quaecumque
1063 4735 1094 4794 in
1123 4733 1296 4812 praemissis

551 4833 582 4885 et
604 4825 682 4886 circa
704 4841 737 4886 ea
759 4827 909 4888 interesse
940 4827 1088 4888 babentes
1108 4844 1162 4889 seu
1184 4827 1296 4888 11111919

552 4919 798 4996 praetendentes,
811 4921 846 4982 ad
869 4919 897 4982 id
920 4921 1018 4982 vocati
1039 4920 1211 4999 respective
1233 4934 1296 4980 non

552 5013 680 5088 luerint,
704 5029 759 5074 nec
780 5013 896 5074 eisdem
927 5013 1138 5092 praesentibus
1169 5029 1296 5074 consen·

551 5107 660 5181 serint,
684 5123 738 5167 seu
760 5106 830 5167 alias
853 5123 891 5168 ex
912 5107 1159 5185 quibuscumque
1187 5107 1295 5182 causis,

552 5201 753 5278 quantumvis
776 5199 922 5275 legitimis
943 5209 974 5261 et
996 5199 1145 5275 iuridicis,
1168 5201 1206 5261 de
1227 5201 1297 5262 sub·

553 5293 703 5373 reptionis
724 5295 774 5356 vel
795 5294 984 5374 obreptionis
1005 5300 1057 5354 aut
1081 5293 1231 5356 nullitatis
1254 5293 1298 5353 vi·

555 5387 597 5450 tio
617 5403 671 5448 seu
693 5389 879 5450 intentionis
911 5396 1043 5462 nostrae,
1072 5387 1123 5449 vel
1154 5386 1297 5465 quopiam

553 5483 614 5544 alio
636 5481 756 5545 delectu
779 5482 889 5557 notari,
920 5482 1108 5560 impugnari,
1138 5480 1295 5554 retardari,

554 5577 587 5637 in
609 5576 656 5637 ius
677 5577 726 5638 vel
748 5576 991 5637 controversiam
1013 5576 1160 5649 revocari,
1183 5573 1218 5634 ad
1239 5583 1300 5636 ter·

555 5671 657 5732 ruinos
669 5671 745 5732 iuris
761 5669 877 5744 reduci,
891 5669 940 5730 vel
956 5671 1102 5731 adversus
1114 5669 1190 5745 illas,
1204 5670 1298 5746 quod·

553 5781 687 5842 cumque
709 5765 795 5838 iuris,
820 5765 946 5839 gratiae,
962 5765 1012 5824 vel
1034 5763 1104 5825 lacti
1125 5763 1298 5824 remedium

553 5859 712 5935 impetrari
740 5873 844 5935 posse,
873 5873 975 5934 neque
1003 5857 1069 5918 illas
1096 5857 1153 5920 sub
1175 5857 1299 5934 quibus·

554 5965 686 6027 cumque
718 5949 870 6012 similium
899 5950 948 6010 vel
971 5949 1166 6012 dissimilium
1190 5949 1299 6026 gratia-

1078 588 1141 632 lt'a.
1165 587 1256 632 edlt‘l.
1279 587 1320 632 bl:
1342 587 1370 630 Ρ.
1394 587 1423 631 F.
1447 587 1529 631 Pnns
1552 588 1572 630 l.

1351 724 1434 781 rum,
1458 706 1551 769 etiam
1574 705 1740 782 unionum,
1757 721 1848 768 suum
1864 703 2038 784 plenarium
2054 703 2094 766 el·

1351 801 1468 863 lectum
1498 801 1636 862 nondum
1668 800 1866 873 sortitarum,
1895 796 2097 858 revocationi-

1352 895 1418 970 bus,
1441 893 1705 973 suspensionibus
1729 891 1973 966 limitationibus,
1993 897 2047 950 aut
2068 909 2096 950 a·

1351 987 1399 1049 liis
1420 987 1583 1050 contrariis
1611 984 1861 1065 dispositionibus
1889 1001 1944 1062 per
1970 1000 2026 1046 nos
2047 983 2097 1046 vel

1351 1081 1412 1143 llll·
1427 1081 1590 1143 Pontifices
1604 1095 1793 1142 successores
1809 1088 1940 1154 nostros,
1956 1079 2050 1141 etiam
2065 1079 2097 1139 iu

1338 1175 1519 1244 ‚crastinum
1541 1173 1759 1252 assumptionis
1780 1173 1943 1236 cuiuslibet
1959 1173 2096 1251 ipsorum

1351 1268 1387 1329 ad
1408 1267 1523 1332 summi
1545 1267 1741 1346 Apostolalus
1755 1269 1884 1346 apicem,
1900 1267 1957 1329 sub
1971 1268 2097 1346 quibus-

1351 1377 1485 1441 cumque
1513 1361 1682 1424 verborum
1708 1361 1956 1439 expressionibus
1982 1367 2012 1422 91
2039 1359 2099 1421 191·-

1351 1456 1409 1516 mis
1430 1472 1485 1534 pro
1509 1462 1648 1533 tempore
1669 1453 1754 1516 iactis
1776 1453 2015 1532 comprehendi,
2045 1453 2097 1514 sed

1354 1557 1508 1635 tamquam
1522 1566 1576 1627 pro
1588 1549 1824 1610 manutentione
1838 1555 1869 1610 et
1881 1548 2015 1610 utilitate
2026 1547 2097 1609 dicti

1351 1643 2098 1722 hospitiiilliusqoeincrementoconcessassem-

1352 1755 1406 1816 per
1427 1737 1463 1800 ab
1484 1737 1545 1798 illis
1567 1737 1677 1816 excipi,
1693 1743 1735 1811 el,
1752 1737 1871 1815 quoties
1891 1736 1961 1798 illae
1976 1751 2097 1798 emana-

1351 1833 1441 1905 bunt,
1465 1831 1557 1892 toties
1580 1830 1610 1892 in
1633 1831 1802 1908 pristinum
1823 1837 1854 1891 et
1876 1847 1960 1904 eum,
1983 1830 2098 1908 inquo

1351 1934 1423 1987 ante
1437 1925 1669 2003 quomodolibet
1681 1931 1781 1999 erant,
1793 1933 1910 1988 statum
1927 1925 2096 2002 restitutas,

1351 2019 1499 2098 repositas
1527 2027 1558 2080 et
1584 2018 1721 2096 plenarie
1750 2018 1970 2095 reintegratas,
2000 2035 2032 2080 ac
2060 2019 2098 2082 de

2128 567 2181 619 An.
2196 567 2228 618 C.
2250 568 2320 617 lits

1351 2129 1430 2175 novo
1453 2113 1543 2176 etiam
1566 2111 1625 2174 sub
1646 2127 1840 2190 quacumque
1854 2112 2016 2192 posteriori
2030 2113 2098 2175 1111
2181 2155 2183 2159 ψ

1351 2222 1405 2284 per·
1416 2205 1488 2268 dicti
1500 2206 1623 2284 hospitii
1635 2211 1787 2268 rectorem
1799 2213 1829 2267 et
1840 2208 2005 2268 monachos
2014 2223 2098 2286 prae-

1351 2299 1426 2362 latos
1441 2299 1700 2380 quandocumque
1711 2299 1852 2376 eligenda
1863 2317 2018 2364 concessas
2033 2317 2099 2362 esse

1351 2402 1381 2457 91
1403 2395 1479 2472 1919,
1508 2411 1641 2472 suosque
1670 2393 1822 2473 plenarios
1844 2401 1875 2456 et
1895 2394 2034 2472 integros
2054 2394 2099 2456 el-

1351 2488 1450 2551 lectus
1475 2488 1580 2550 sortiri
1601 2495 1632 2550 et
1654 2488 1807 2562 obtinere,
1831 2503 1887 2550 nec
1908 2503 2097 2566 quemquam

1350 2583 1385 2644 ari
1407 2583 1529 2645 easdem
1552 2592 1727 2660 praesentes
1745 2591 1847 2644 motus
1861 2583 1976 2660 proprii
1992 2582 2097 2644 liuius-

1351 2675 1434 2738 modi
1450 2677 1552 2738 literas
1567 2676 1598 2738 in
1613 2675 1798 2739 cancellaria
1814 2692 1868 2737 seu
1882 2677 2099 2754 (1111111119-

1350 2769 1455 2832 stolici
1477 2771 1560 2832 iuxta
1577 2769 1834 2832 constitutionem
1850 2769 1915 2847 piae
1931 2770 2098 2832 memoriae

1351 2864 1395 2926 Pii
1418 2864 1512 2942 Papae
1538 2863 1588 2924 111.
1613 2863 1757 2924 similiter
1782 2863 2022 2942 praedecessoris
2044 2879 2098 2925 no-

1327 3009 1328 3014 ,
1351 2958 1406 3020 1111
1429 2960 1559 3035 desuper
1585 2957 1710 3030 editam,
1734 2955 1992 3034 quandocumque
2014 2973 2100 3036 prae-

1351 3053 1483 3125 standas,
1497 3049 1700 3123 iusiurandas,
1716 3055 1746 3110 91
1761 3049 1921 3125 registrari
1936 3048 2098 3125 iaciendas,

1353 3143 1463 3218 teneri,
1487 3157 1588 3220 neque
1617 3141 1683 3203 illas
1706 3149 1868 3220 propterea
1896 3143 2000 3204 irritas
2021 3157 2097 3218 esse,

1351 3235 1402 3298 sed
1416 3237 1543 3297 omnino
1556 3234 1657 3296 valere
1673 3243 1704 3296 et
1718 3235 1880 3313 suiiragari
1894 3235 2017 3313 debere,
2031 3254 2098 3315 per·

1352 3331 1424 3392 inde
1445 3346 1477 3391 ac
1495 3329 1520 3389 si
1534 3329 1713 3390 constitutio
1729 3329 1773 3390 Pii
1789 3331 2027 3408 praedecessoris
2042 3332 2098 3393 111-

1352 3422 1482 3486 iusmodi
1504 3422 1554 3484 vol
1575 3422 1630 3483 alia
1650 3423 1802 3486 contraria
1817 3423 1948 3486 minime
1962 3441 2099 3486 emanas·

1350 3525 1430 3592 sent,
1453 3517 1558 3595 sicque
1579 3532 1634 3594 per
1655 3532 1868 3594 quoscumque
1889 3517 2003 3580 iudices
2018 3517 2099 3579 ordi-

1351 3612 1463 3686 narios,
1475 3611 1526 3671 vel
1538 3609 1693 3687 delegatos
1708 3611 1816 3689 quavis
1831 3611 2012 3674 auctoritate
2028 3613 2098 3674 iun·

1351 3714 1458 3782 gentes
1479 3713 1510 3766 11
1530 3703 1679 3781 dignitate
1703 3703 1869 3780 fulgentes,
1882 3706 1974 3768 etiam
1996 3723 2098 3768 causa-

1351 3815 1422 3862 rum
1443 3799 1547 3876 palatii
1562 3797 1720 3876 apostolici
1736 3798 1902 3874 auditores,
1919 3806 1948 3860 et
1965 3798 1995 3861 S.
2009 3798 2044 3861 R.
2059 3800 2094 3860 E.

1352 3891 1528 3956 Cardinales
1550 3891 1644 3952 etiam
1666 3891 1819 3954 delatore
1841 3893 1981 3968 Legatos,
2004 3892 2099 3956 llice-

1351 3987 1493 4062 Legatos,
1509 3991 1539 4045 et
1555 3983 1641 4048 Sedis
1656 3985 1805 4062 praelatae
1819 3981 1965 4060 Nuntios,
1980 3985 2098 4048 11111111

1351 4079 1394 4140 911
1416 4085 1577 4140 eteorum
1599 4077 1726 4139 cuilibet
1748 4078 1884 4156 qualibet
1909 4077 1999 4140 aliter
2020 4078 2098 4141 iudi-

1350 4171 1437 4234 candi
1459 4178 1489 4232 et
1510 4171 1733 4249 interpretandi
1754 4171 1896 4233 lacultate
1918 4180 1949 4233 et
1967 4172 2097 4234 auctori·

1350 4273 1423 4340 tate,
1455 4265 1584 4327 iudicari
1610 4272 1642 4327 91
1669 4265 1790 4326 definiri
1819 4264 1941 4341 debere,
1971 4267 2097 4328 irritum

1351 4375 1477 4438 quoque
1498 4367 1528 4420 et
1550 4359 1653 4434 inane,
1677 4360 1701 4418 si
1723 4373 1809 4420 secus
1823 4375 1916 4437 super
1931 4359 2006 4420 bisa
2023 4375 2097 4438 quo-

1351 4468 1456 4530 quam,
1469 4453 1576 4532 quavis
1591 4454 1782 4529 auctoritate,
1796 4453 1931 4516 scienter
1946 4455 1995 4518 vel
2010 4455 2097 4532 igno-

1352 4553 1468 4621 ranter,
1491 4547 1655 4622 contigerit
1678 4547 1832 4608 attentari.

1392 4641 1411 4714 ἓ
1433 4641 1460 4700 la.
1485 4639 1553 4701 Non
1569 4640 1773 4714 obstantibus,
1790 4647 1942 4718 quatenus
1956 4659 2032 4720 opus
2045 4644 2096 4718 sit,

1352 4734 1502 4795 19111191
1517 4734 1722 4797 cancellariae
1734 4734 1925 4812 spostolicae
1940 4737 2046 4813 regula
2061 4739 2099 4800 de

1352 4826 1420 4887 iure
1442 4828 1579 4905 quaesito
1601 4842 1664 4888 non
1688 4827 1835 4902 tollendo,
1858 4845 1891 4890 ac
1913 4828 2098 4891 Lateranen-

1351 4920 1392 4981 sis
1405 4920 1534 4984 Consilii
1550 4921 1717 4981 novissime
1731 4920 1876 4982 celebrati
1888 4923 2019 4984 uniones
2031 4939 2099 5000 per-

1352 5021 1471 5093 petuas,
1503 5015 1563 5076 nisi
1593 5014 1624 5074 ixx
1654 5013 1770 5074 casibus
1792 5031 1808 5074 a
1831 5014 1899 5076 iure
1929 5017 2096 5094 permissis,

1353 5108 1420 5168 deri
1443 5107 1645 5185 prohibentis,
1667 5123 1700 5168 19
1721 5107 1758 5167 de
1774 5107 1953 5184 unionibus,
1970 5109 2099 5187 applica-

1354 5203 1488 5263 tionibus
1510 5207 1540 5262 et
1562 5201 1809 5262 concessionibus
1840 5203 1997 5280 perpetuis
2018 5219 2100 5264 com-

1352 5293 1513 5356 mittendis
1534 5296 1570 5356 11
1592 5303 1691 5372 partes
1714 5295 1828 5356 vocatis
1850 5311 1982 5373 quarum
2005 5297 2099 5358 inter-

1353 5396 1409 5462 est,
1422 5388 1551 5466 aliisque
1565 5388 1748 5466 apostolicis,
1763 5389 1855 5450 etiam
1871 5390 1903 5450 in
1919 5391 2100 5452 universali-

1354 5482 1421 5556 bus,
1446 5481 1685 5559 provincialibus
1706 5489 1737 5542 11
1751 5481 1949 5558 synodalibus
1964 5483 2099 5545 conciliis

1353 5575 1443 5636 editis
1463 5575 1644 5652 specialibus
1666 5574 1716 5636 vel
1737 5574 1934 5651 generalibus
1952 5576 2101 5637 constitu-

1355 5668 1490 5729 tionibus
1512 5677 1542 5729 et
1562 5668 1818 5742 ordinationibus,
1841 5668 2011 5745 privilegiis
2026 5685 2101 5747 quo-

1354 5777 1426 5840 que,
1458 5761 1597 5837 indultis,
1621 5770 1650 5824 et
1680 5762 1776 5825 literis
1805 5762 1977 5840 apostolicis
2005 5763 2099 5824 dictae

1355 5856 1516 5930 ecclesiae,
1550 5856 1693 5934 illiusque
1725 5855 1879 5918 Cardinali
1912 5855 2045 5930 titulari,
2068 5873 2101 5918 ac

1357 5950 1452 6011 dictae
1475 5949 1560 6010 urbis
1585 5949 1737 6024 Sexxatori,
1762 5948 2047 6024 conservatoribus,
2069 5957 2102 6010 et
