4878 6982
314 538 368 590 An.
382 539 412 590 0·
434 537 503 588 1700
553 539 617 606 200
1061 553 1126 600 ron.
1150 551 1241 599 ronr.
1265 549 1306 596 ne
1326 553 1356 596 a.
1380 549 1409 598 r.
1433 551 1516 600 anns
1537 555 1558 602 1.
2117 539 2170 594 An.
2185 545 2219 595 c.
2245 535 2338 591 1700

534 678 662 740 iudicari
690 685 721 740 et
743 677 865 739 definiri
891 676 1019 752 debere,
1043 693 1076 738 ac
1097 674 1224 737 irritum
1252 685 1281 737 et
1337 673 1445 751 posito,
1469 677 1550 754 quod
1573 678 1604 738 in
1628 677 1761 754 capitulo
1782 679 1963 756 provinciali
1986 682 2084 745 dictae

534 775 638 846 inane,
659 773 684 832 si
706 789 792 834 secus
814 788 907 849 super
929 772 974 832 bis
996 788 1010 832 a
1033 788 1188 850 quoquam
1208 789 1281 850 qua·
1336 770 1530 847 provinciae,
1564 789 1645 834 anno
1674 789 1794 835 uncxc.
1829 773 1999 850 celebrate,
2029 792 2084 854 pro

532 866 579 925 vis
601 865 782 927 auctoritate
802 865 937 927 scienter
951 865 1001 926 rel
1018 866 1199 942 ignoranter
1209 881 1281 927 con·
1336 863 1441 940 quiete
1470 865 1564 942 ipsius
1585 867 1763 945 provinciae
1791 869 1950 930 decretum
1973 877 2004 930 et
2024 877 2083 932 sta-

533 958 639 1033 tigerit
660 959 815 1020 attentari.
1336 956 1457 1018 bilitum
1476 959 1576 1020 fuerat
1590 961 2011 1024 alternativam‘electionem
2026 965 2083 1024 mi-

300 1049 514 1148 tgerggtrtffiwss·
572 1050 640 1124 §le
662 1049 731 1112 Non
748 1050 940 1114 obstantibus
960 1053 1234 1116 constitutionibus
1250 1061 1278 1115 et
1335 1050 1425 1111 nistri
1447 1051 1646 1128 provincialis
1668 1053 1807 1114 eiusdem
1829 1055 2005 1132 provinciae
2027 1055 2081 1134 (ita

442 1138 447 1150 '
532 1144 778 1206 ordinationibus
789 1145 1029 1222 apostolicis,ac,
1039 1155 1193 1225 quatenus
1204 1163 1279 1225 opus
1333 1144 1449 1206 scilicet
1465 1151 1499 1206 ut
1517 1161 1572 1222 pro
1588 1161 1663 1218 uno,
1681 1161 1718 1207 ex
1740 1146 1885 1208 iratribus
1908 1148 2080 1211 insularum

531 1237 583 1311 sit,
607 1238 705 1298 dictae
728 1237 996 1314 congregationis,
1010 1239 1140 1317 aliisque
1155 1241 1278 1318 quibus·
1335 1235 1365 1297 S·
1390 1237 1544 1298 Michaelis
1566 1246 1597 1300 et
1619 1237 1650 1301 S.
1674 1239 1796 1314 Mariae,
1820 1257 1876 1318 pro
1897 1241 1994 1302 altero
2008 1259 2082 1306 vero

532 1332 577 1392 vis
599 1331 692 1393 eriam
708 1331 1145 1404 1111·am0nt0‚0011firmari0110
1161 1343 1276 1410 aposto.
1334 1328 1482 1404 triennio,
1498 1346 1537 1390 ex
1552 1330 1698 1392 iratribus
1725 1330 1875 1394 Terzcras
1897 1338 2088 1418 nuncupatis

532 1423 658 1498 laed,vel
680 1423 789 1502 quavis
811 1423 956 1484 firmitate
973 1423 1027 1484 alid
1043 1423 1203 1500 roboratis,
1220 1433 1279 1488 sta·
1333 1421 1528 1500 aliarumque
1543 1423 1748 1488 adiacentium
1764 1426 1938 1488 insularum
1956 1431 2082 1506 provin-

532 1517 607 1578 tutis
619 1524 650 1577 ct
660 1515 948 1590 consuetudinibus,
958 1515 1130 1593 privilegiis
1142 1535 1276 1597 quiaque,
1333 1513 1397 1575 siae
1418 1513 1596 1576 huiusmodi
1618 1519 1822 1580 assumendus
1842 1517 1902 1597 est)
1924 1520 2080 1582 observari

532 1609 660 1671 indultis
676 1616 707 1670 et
722 1607 834 1668 litteris
849 1609 1022 1686 apostolicis
1038 1609 1070 1670 in
1086 1612 1276 1672 contrarium
1332 1603 1462 1680 deheres
1485 1606 1657 1668 successive
1672 1607 1763 1669 etiem
1780 1609 1952 1671 stabilitum
1967 1609 2079 1688 fuerat,

531 1703 771 1780 praemissorum
786 1700 1191 1780 quomodolibetconcessis,
1205 1720 1278 1766 con·
1331 1697 1502 1775 capitulum
1527 1700 1715 1776 provinciale
1744 1703 1882 1764 eiusdem
1904 1705 2081 1782 provinciae

532 1794 661 1856 firmatis
682 1801 713 1854 et
735 1793 909 1870 innovatis3
940 1795 1053 1872 quibus
1080 1797 1224 1858 omnibus
1245 1805 1276 1858 et
1330 1791 1426 1852 semel
1442 1791 1473 1852 iu
1490 1791 1521 1854 S.
1533 1792 1688 1856 Michaelis
1703 1802 1734 1856 et
1749 1794 1781 1857 S·
1799 1795 1919 1871 Mariae,
1938 1805 1969 1860 et
1984 1801 2079 1862 semel

530 1886 672 1963 singulis,
695 1885 820 1947 illorum
844 1894 967 1948 tenores
988 1889 1200 1965 praesentibus
1221 1906 1277 1967 pro
1332 1883 1363 1944 in
1392 1883 1542 1947 Tamaros
1557 1887 1667 1948 insulis
1682 1889 1844 1965 praedictis
1858 1889 2078 1955 celebrandum

530 1979 620 2058 plene
636 1979 867 2040 etsufbcienter
882 1981 1033 2057 expressis
1048 1998 1081 2042 ac
1096 1983 1275 2044 adverbum
1331 1993 1412 2052 essm
1435 1979 1486 2039 sed
1508 1995 1592 2053 eum,
1609 1989 1678 2057 post
1694 1982 1787 2042 unius
1804 1983 1930 2044 triennii
1947 1984 2077 2061 lapsum,

532 2073 655 2134 insertis
676 2073 835 2147 babentes,
858 2071 919 2133 illis
940 2073 1012 2133 aliis
1034 2073 1067 2134 in
1089 2090 1145 2136 suo
1166 2075 1276 2137 robore
1331 2069 1541 2130 definitoriunr
1558 2073 1734 2150 provinciae
1750 2073 1901 2151 praefatae
1912 2092 2079 2154 cougrega-

529 2165 756 2242 permansuris
782 2166 817 2226 ad
845 2165 1087 2243 praemissorum
1119 2167 1275 2242 enectum,
1332 2169 1398 2222 tum
1425 2162 1549 2238 fuisset,
1580 2163 1611 2224 in
1634 2181 1671 2226 eo
1693 2173 1850 2228 statutum·
1879 2169 2023 2232 extiterat
2045 2182 2079 2233 ut

529 2258 584 2319 hac
605 2258 673 2318 vice
693 2258 864 2332 dumtaxat,
887 2257 1060 2335 specialiter
1082 2265 1112 2320 et
1134 2275 1276 2338 expresse
1331 2264 1499 2317 memorata
1514 2257 1708 2332 alternantia,
1725 2262 1824 2338 quoad
1840 2262 2077 2326 celebrationem

530 2351 730 2427 derogamus
763 2351 933 2429 ceterisque
963 2352 1124 2413 contrariis
1151 2354 1275 2432 quibus·
1329 2349 1453 2426 capituli
1474 2349 1671 2427 provincialis
1699 2353 1888 2428 huiusmodi,
1912 2356 2078 2419 visitatoris

529 2460 673 2522 cumque.
1330 2442 1428 2503 dictae
1448 2443 1624 2519 provinciae
1646 2452 1677 2506 et
1698 2445 1792 2524 ipsius
1813 2447 1984 2510 definitoris
1998 2449 2079 2511 arbi·

330 2549 510 2604 Transumnto·
569 2541 588 2614 ς
608 2539 637 2599 5.
659 2537 811 2600 Volumus
825 2545 929 2598 autem
945 2547 980 2600 ut
995 2541 1174 2601 earumdem
1190 2557 1275 2618 prae·
1330 2535 1388 2595 trio
1410 2534 1680 2613 relinquerentur:
1698 2544 1729 2598 et
1744 2537 1776 2598 in
1793 2539 1898 2600 eddam
1914 2543 2077 2619 expositio-

296 2610 353 2646 rum
369 2599 438 2648 ‘¹⁶³⁵'
527 2631 663 2692 sentium
680 2629 853 2692 litterarum
870 2633 1083 2708 transumptis,
1100 2647 1155 2694 seu
1170 2649 1277 2695 exem·
1330 2627 1558 2703 nesubiuncto,
1571 2632 1650 2707 quod
1663 2629 1750 2710 (cum
1762 2633 1912 2709 posterius
1923 2641 2076 2698 statutum

526 2723 596 2803 plis,
613 2723 706 2784 etiam
722 2723 889 2800 impressis,
907 2739 1001 2785 manu
1017 2725 1145 2786 alicuius
1162 2727 1272 2787 notarii
1329 2720 1508 2782 huiusmodi
1528 2722 1563 2782 ed
1587 2723 1769 2784 turbandam
1787 2725 1963 2800 religiosam
1978 2728 2077 2792 dictae

525 2815 641 2896 publici
671 2815 861 2894 subscriptis,
884 2825 915 2877 et
934 2816 1038 2892 sigillo
1069 2833 1220 2895 personae
1242 2819 1273 2880 in
1329 2813 1509 2889 provinciae
1533 2815 1789 2892 tranquillitatem
1806 2820 1959 2894 tenderet,
1975 2829 2006 2882 et
2023 2838 2076 2900 per

526 2910 725 2972 ecclesiastici
752 2909 903 2986 dignitate
924 2911 1109 2973 constitutae
1132 2912 1272 2987 munitis,
1330 2904 1407 2966 illud
1427 2921 1474 2979 0³,
1498 2922 1576 2983 (luae
1598 2907 1630 2967 in
1655 2910 1829 2986 supradicio
1851 2913 1984 2990 capitulo
2006 2931 2077 2993 pre-

525 3004 631 3064 eadem
655 3019 780 3080 prorsus
802 3003 877 3064 fides
906 3012 967 3064 tam
989 3003 1021 3064 in
1045 3004 1158 3065 iudicio
1179 3021 1270 3082 quarn
1329 2997 1466 3071 vinciali,
1487 2999 1568 3060 sicut
1583 3001 1805 3079 praemittitur,
1822 3006 1942 3094 decreta
1966 3015 1997 3068 et
2016 3015 2075 3070 sta·

525 3101 611 3156 extra
627 3094 704 3156 illud
730 3095 845 3172 ubique
861 3095 999 3156 locorum
1014 3095 1175 3171 habeatur,
1195 3113 1274 3175 quae
1329 3089 1414 3151 bilita
1435 3090 1573 3166 fuerant,
1596 3103 1875 3159 contemnerentur
1896 3107 1927 3160 et
1956 3111 2077 3165 everte-

525 3187 693 3248 baberetur
714 3186 786 3265 ipsis
807 3186 1032 3264 praesentibus,
1048 3188 1074 3248 si
1096 3188 1199 3251 forent
1222 3206 1273 3250 ex·
1329 3193 1451 3261 rentur,
1474 3185 1605 3263 ideoque
1625 3187 1690 3264 ipse
1718 3190 1872 3252 Antonius
1893 3199 1925 3253 et
1946 3193 2074 3257 dilectus

527 3277 642 3340 bibitae
663 3278 714 3339 vel
736 3286 884 3339 ostensae.
1328 3278 1444 3354 pariter
1459 3277 1541 3339 filius
1558 3279 1702 3341 minister
1717 3282 1913 3358 provincialis
1935 3287 2073 3350 eiusdem

563 3371 676 3432 Datum
704 3370 836 3444 Itomae,
864 3371 943 3450 apud
973 3371 1002 3435 S.
1028 3371 1156 3434 illariam
1181 3375 1272 3436 Maio·
1328 3371 1515 3447 provinciae,
1540 3371 1754 3448 praevidentes
1777 3379 2074 3450 gravesetinevita-

524 3479 604 3538 rem,
627 3465 685 3526 sub
707 3464 824 3526 annulo
841 3463 1011 3539 Piscatoris,
1034 3466 1083 3528 die
1103 3483 1169 3527 xxx.
1194 3469 1271 3530 iunii
1327 3463 1403 3524 biles
1416 3463 1663 3542 perturbationes
1674 3465 1853 3528 suborturas
1866 3467 1941 3546 fore,
1950 3472 1975 3532 si
1987 3487 2073 3548 prae·

524 3573 637 3632 unoc,
660 3557 856 3636 pontificatus
877 3558 975 3618 nostri
1001 3574 1083 3620 anno
1105 3575 1149 3620 rx.
1328 3567 1449 3617 narrata
1472 3547 1544 3620 dicti
1575 3559 1702 3636 capituli
1727 3561 1924 3636 provincialis
1952 3566 2072 3629 decreta

1328 3657 1359 3712 et
1379 3649 1587 3711 stabilimenta
1610 3667 1674 3713 non
1697 3653 1952 3732 observarentur,
1977 3676 2071 3721 vene·

1328 3742 1415 3804 rabili
1445 3743 1531 3806 fratri
1557 3743 1809 3824 nichaetiangeto
1836 3751 2071 3834 Arcbiepiscopo

828 3840 967 3905 XXXIV.
1327 3836 1485 3910 Tarsensi,
1510 3837 1541 3897 in
1573 3835 1780 3914 Portugalliae
1800 3848 1831 3902 et
1852 3843 2071 3920 Algarbiorum

1326 3929 1431 4006 regnis
1453 3937 1559 3992 nostro
1581 3937 1613 3990 et
1634 3931 1814 4009 apostolicae
1836 3934 1922 3998 Sedis
1937 3936 2068 4014 Nuncio,

526 4027 700 4109 confirmat
723 4028 885 4091 decretura
903 4027 1092 4090 crrdtaatts
1114 4035 1272 4105 protecto·
1325 4023 1579 4101 supplicavissent
1605 4031 1640 4086 ut
1662 4024 1712 4085 illa
1741 4027 1922 4105 approbaret
1947 4037 1977 4092 et
1998 4047 2072 4093 con-

562 4122 609 4182 ris
631 4137 687 4199 pro
708 4119 909 4184 alternative
932 4121 967 4181 ia
987 4121 1157 4198 provincia
1180 4120 1268 4183 S.fo-
1325 4117 1476 4190 firmaret,
1499 4115 1670 4194 praefatum
1694 4133 1767 4179 vero
1789 4120 1961 4184 delinitoris
1975 4131 2071 4186 statu-

561 4215 658 4278 oanis
680 4214 891 4294 evangelistae
916 4215 1104 4276 insularum
1128 4219 1269 4277 Azorum
1327 4217 1393 4270 tum
1415 4208 1551 4272 aboleret
1572 4217 1602 4271 et
1624 4210 1781 4289 irritaret)
1804 4213 1867 4290 ipse
1888 4213 2069 4279 Michaelan·

562 4307 621 4370 sub
644 4323 739 4388 ropac
763 4307 986 4387 Portagcilice
1011 4307 1142 4370 Ordinis
1167 4306 1269 4370 Mitto-
1325 4300 1412 4378 gelus
1433 4302 1686 4382 archiepiscopus
1707 4310 1738 4366 et
1754 4303 1905 4380 Nanctus,
1929 4325 2000 4370 cum
2022 4327 2070 4373 co-

562 4417 640 4462 ram
662 4400 697 4462 dc
723 4397 945 4463 Obserrcotid.
1325 4395 1481 4470 gnevisset
1502 4405 1654 4474 quantum
1676 4397 1749 4459 inde
1773 4399 1934 4476 religiosae
1956 4403 2070 4479 quietis

1323 4489 1502 4565 provinciae
1533 4487 1685 4566 praelatae
1715 4501 1946 4568 proventurum
1978 4503 2067 4571 esset,

682 4569 934 4638 tuuooeutttts
959 4571 1018 4637 ΡΡ.
1042 4569 1100 4638 ΧΙΙ.
1323 4583 1454 4662 praeviis
1485 4583 1594 4645 debitis
1625 4581 1895 4646 informationibus
1919 4601 1975 4664 per
1999 4605 2069 4651 suas

659 4693 696 4760 ad
718 4693 848 4760 futuram
871 4692 914 4760 ..ej
941 4694 1123 4761 memoriam·
1324 4677 1441 4738 litteras
1472 4677 1522 4738 die
1549 4690 1592 4737 rx.
1623 4677 1794 4738 decembris
1822 4679 1897 4740 anni
1928 4681 2069 4758 proxime

1322 4770 1480 4848 praeteriti
1501 4768 1656 4846 expeditas
1684 4769 1791 4832 eadem
1812 4771 1934 4834 decreta
1959 4781 1990 4835 et
2009 4782 2068 4836 sta·

297 4882 500 4948 „mmmm
559 4871 578 4944 g
602 4869 627 4930 ι,
652 4869 775 4948 Nuper,
804 4887 860 4950 pso
881 4877 967 4949 parte
995 4870 1099 4932 dilecti
1123 4871 1183 4939 ¹filii
1205 4874 1267 4935 Αῃ.
1322 4863 1485 4925 bilimenta
1506 4863 1756 4938 confirmaverat,
1775 4863 1855 4925 dicta
1876 4881 1951 4926 vero
1971 4875 2067 4930 statu-

288 4937 500 5049 ,Vffffl'ffi'ffi
520 4965 598 5026 tonii
627 4965 665 5026 rie
693 4964 800 5038 Pillar‚
831 4964 934 5025 fratris
961 4979 1106 5040 expresse
1137 4965 1266 5042 professi
1321 4963 1351 5017 ia
1372 4956 1688 5034 Sbefifllfissieieissfl
1709 4958 1920 5033 difficillimis
1938 4959 2065 5036 θῑθῖἰῖίδ,

287 5000 501 5145 ζξξξξξὲζέἶξξὲξ
519 5057 641 5120 Ordinis
663 5057 789 5119 llinoris
812 5057 842 5120 S.
864 5057 1017 5118 Francisci
1039 5055 1076 5118 de
1097 5055 1267 5119 Observan-
1322 5059 1414 5130 prout
1434 5051 1467 5112 in
1489 5051 1577 5112 dictis
1609 5049 1719 5114 litteris
1741 5051 1893 5129 praefatae
1924 5053 2067 5116 cardina-

287 5153 501 5252 ³}⁰⁰¹1¹‘l¹·¹⁰¹¹¹2⁹{33
520 5149 560 5212 tia
581 5157 845 5228 nuncupatorum,
868 5167 900 5210 ac
922 5149 1123 5212 commissarii
1146 5159 1176 5212 et
1197 5167 1267 5230 pro·
1322 5144 1399 5205 lium
1422 5143 1663 5220 congregationi
1685 5143 1828 5205 exhibitis
1841 5146 1967 5208 uberius
1988 5148 2068 5210 dice-

287 5215 501 5324 ινιῧῗιῗιὲῗιὲωιι-
518 5245 668 5306 curatoris
690 5244 919 5322 provinciarum
942 5243 972 5305 S.
991 5243 1112 5305 loannis
1134 5259 1268 5320 cvange-
1322 5238 1412 5300 batur
1433 5236 1603 5300 contineri:
1628 5253 1662 5298 ac
1682 5237 1812 5315 proinde
1827 5253 1882 5316 pro
1903 5247 1989 5317 parta
2005 5242 2066 5302 An·

288 5313 372 5372 Μ’·
520 5336 607 5398 listae
629 5335 802 5399 insularum
831 5336 966 5398 Azorum
988 5335 1046 5398 sub
1073 5351 1172 5412 regno
1194 5337 1265 5398 Por·
1322 5331 1398 5392 tonii
1419 5339 1450 5392 et
1471 5330 1609 5392 ministri
1631 5330 1829 5408 provincialis
1858 5331 2066 5410 praefatorum

520 5429 665 5505 tugalliae
693 5429 832 5492 eiusdem
853 5427 992 5503 Ordinis,
1023 5428 1264 5506 congregationi
1320 5425 1377 5503 ipsi
1399 5423 1641 5501 Congregationi
1668 5423 1876 5487 cardinalium
1896 5427 2066 5504 supplicato

517 5522 746 5584 venerabilium
768 5521 902 5583 fratrum
923 5530 1103 5584 nostrorum
1127 5523 1156 5584 S.
1172 5523 1207 5584 tt.
1227 5523 1260 5582 Ε.
1320 5525 1354 5580 ut
1376 5517 1539 5596 praedictis
1564 5516 1689 5590 litteris,
1712 5533 1769 5595 pro
1790 5517 1920 5578 firmiori
1942 5519 2065 5582 illarum

518 5614 730 5678 Cardinalium
765 5614 899 5692 negotiis
926 5622 956 5677 et
986 5616 1263 5678 consultationibus
1318 5611 1518 5674 subsistentia
1538 5609 1703 5688 stabilique
1714 5610 1811 5672 dictae
1825 5612 2002 5688 provinciae
2016 5629 2067 5690 pa·

517 5707 995 5786 Episcoporumetileguiarium
1010 5711 1199 5786 praepositae
1213 5725 1263 5771 ex·
1319 5721 1353 5768 ce
1375 5714 1405 5768 et
1426 5704 1549 5783 quiete,
1572 5703 1815 5766 confirmationis
1844 5704 1939 5766 robur
1959 5707 2067 5768 adiun-

557 5917 587 5976 (1)
602 5919 640 5962 Ex
654 5919 758 5975 Regest.
772 5918 800 5964 in
814 5919 890 5965 arch.
906 5921 978 5966 Brsv.
