4848 6990
342 493 397 547 An.
412 495 441 547 O.
464 494 532 548 1693
584 499 640 562 {bip

561 636 709 699 scandalis
731 643 762 698 et
783 632 1069 714 perturbationibus
1097 640 1309 711 opportunum

561 732 737 794 remedium
763 729 907 792 adbibere
935 728 1099 807 nequibat;
1125 745 1158 790 ao
1180 726 1309 806 proinde

540 835 542 840 ’
563 842 617 904 pro
638 831 724 904 parte
744 824 817 886 dicti
846 823 949 886 vicarii
972 831 1003 886 et
1024 822 1228 902 procuratoris
1257 836 1310 898 ge-

563 919 676 981 neralis
696 917 859 997 praedictis
888 916 1099 982 cardinalibus
1127 914 1306 994 supplicato,

561 1023 596 1076 ut
618 1015 653 1076 ad
675 1012 751 1074 duos
767 1010 903 1074 vicarios
925 1011 1083 1087 generales
1098 1009 1170 1072 dicti
1186 1007 1308 1072 Ordinis

562 1109 593 1169 in
605 1107 720 1169 eisdem
736 1105 829 1168 indiis
840 1112 1069 1166 commorantes
1084 1103 1229 1183 praedicti
1244 1119 1307 1164 ma·

561 1199 649 1278 gistri
660 1199 812 1276 generalis
828 1197 1003 1260 lacultatem
1018 1199 1187 1260 extendere
1201 1197 1308 1273 digna-

560 1301 662 1370 retur,
693 1294 772 1355 itaut
801 1307 912 1354 eorum
934 1292 1082 1370 quilibet,
1105 1291 1215 1353 itidem
1235 1305 1307 1353 cum

560 1388 731 1450 assistentia
752 1387 885 1450 aliorum
907 1403 961 1448 sex
982 1385 1163 1463 digniorum
1183 1385 1308 1462 religio-

558 1497 663 1544 sorum
686 1481 718 1544 in
734 1481 852 1544 casibus
867 1481 1056 1554 necessariis,
1079 1481 1164 1542 iuxta
1184 1494 1309 1540 earum-

560 1578 628 1638 dem
659 1575 918 1638 constitutionum
945 1573 1182 1653 praescriptum,
1203 1572 1238 1633 ad
1260 1573 1306 1633 in-

559 1671 738 1748 quietorum
759 1675 791 1731 et
812 1667 1071 1745 incorrigibilium
1095 1667 1228 1728 lratrurn
1248 1669 1306 1728 hu·

561 1762 690 1825 iusmodi
713 1762 896 1824 eiectionem
923 1762 1088 1840 procedere
1112 1761 1224 1837 possit;
1247 1777 1306 1838 qua

559 1858 678 1919 ratione
688 1855 841 1933 regularis
855 1855 1068 1916 observantiae
1084 1871 1117 1916 ac
1132 1853 1228 1914 divini
1243 1870 1308 1916 ser-

559 1950 628 2011 vitii
649 1947 874 2011 conservationi
902 1947 1097 2024 inpartibus
1125 1947 1305 2024 supradictis

559 2050 732 2122 opportune
767 2039 943 2104 consultum
976 2040 1069 2102 foret:
1104 2039 1261 2102 emanavit
1289 2055 1305 2100 a

559 2135 711 2215 praedicta
743 2133 952 2198 cardinalium
981 2133 1229 2210 congregatione
1256 2134 1307 2194 de·

558 2235 681 2291 cretum
711 2227 828 2290 tenoris
859 2227 912 2306 qui
943 2226 1106 2304 sequitur,
1140 2225 1302 2288 videlicet:

559 2323 646 2384 «Oie
666 2339 695 2382 v.
719 2319 902 2398 septembris
934 2335 1093 2382 uocxcnr.
1121 2335 1203 2382 sacra
1225 2319 1304 2380 con-

559 2415 695 2493 gregatio
717 2413 1037 2476 eminentissimorum
1060 2414 1089 2476 S.
1101 2414 1136 2476 li.
1149 2413 1184 2474 Ε.
1202 2413 1306 2476 cardi-

558 2508 679 2569 nalium
711 2505 840 2569 concilii
872 2505 1046 2568 Tridentini
1080 2507 1303 2584 interpretum,

557 2601 674 2662 attenta
689 2599 840 2662 relatione
851 2600 1092 2661 eminentissimi
1104 2599 1222 2661 domini
1235 2601 1307 2663 car-

558 2694 668 2756 dinalis
688 2693 832 2757 Ottoboni
848 2693 971 2756 Ordinis
992 2693 1138 2772 praedicti
1153 2698 1304 2771 protecto-

557 2789 611 2864 ris,
634 2789 755 2850 censuit
775 2789 903 2867 petitam
918 2787 1068 2850 facultatis
1089 2787 1304 2849 extensionem

556 2883 681 2944 concedi
702 2897 800 2960 posse,
822 2881 902 2944 iacto
931 2878 1026 2943 verbo
1048 2897 1120 2943 cum
1146 2881 1304 2942 Sanctissi-

557 2992 621 3053 rno,
643 2983 674 3036 et
695 2975 771 3037 lacta
792 2989 847 3052 per
875 2989 929 3052 per
950 2975 1150 3036 secretarium
1176 2975 1234 3036 sub
1254 2974 1305 3036 die

558 3083 656 3130 xxvu.
681 3069 819 3130 eiusdem
841 3067 955 3129 mensis
977 3067 1137 3143 relatione,
1154 3067 1304 3131 Sanctitas

558 3163 618 3226 Soa
644 3163 779 3240 benigne
809 3161 932 3235 annuit,
961 3161 1123 3223 accedente
1151 3177 1303 3224 consensu

557 3255 710 3332 generalis
739 3271 794 3334 pro
821 3262 979 3334 tempore,
1003 3263 1033 3316 et
1054 3255 1138 3316 iuxta
1161 3271 1303 3316 normam

558 3351 588 3412 in
611 3351 734 3412 decreto
756 3349 793 3412 de
814 3349 958 3428 apostatis
980 3356 1011 3410 et
1033 3349 1138 3410 eiectis
1159 3349 1304 3426 praescri·

556 3443 732 3506 bendam».

326 3552 537 3654 ΤΕΙἎρά)[ἂιὲὲιτιθιῗὶιιο
596 3538 665 3613 52.
690 3539 914 3612 comantem,
947 3536 1026 3599 sicut
1047 3537 1146 3599 dictus
1171 3538 1303 3600 vicarius

556 3640 587 3695 et
607 3639 787 3710 procurator
814 3630 969 3707 generalis
990 3631 1079 3692 nobis
1099 3632 1230 3694 subinde
1251 3648 1304 3694 ex·

556 3726 629 3804 poni
650 3724 733 3800 lecit,
756 3725 820 3804 ipse
841 3726 1001 3787 decretum
1028 3723 1217 3800 huiusmodi,
1241 3743 1303 3804 quo

556 3819 676 3882 firmius
690 3819 845 3894 subsistat,
862 3818 1045 3896 apostolicae
1059 3819 1303 3880 confirmationis

556 3921 679 3974 nostrae
708 3911 878 3989 patrocinio
909 3911 1097 3972 communiri
1129 3911 1302 3990 plurimum

556 4005 724 4068 desideret:
758 4021 832 4078 nos,
862 4003 1026 4084 specialem
1052 4004 1109 4082 ipsi
1137 4005 1250 4067 vicario
1271 4013 1302 4067 et

555 4099 650 4179 priori
682 4098 820 4175 generali
851 4099 981 4174 gratiam
1011 4098 1110 4160 lacere
1144 4099 1300 4176 volentes,

555 4208 689 4272 eumque
715 4210 731 4253 a
759 4191 919 4272 quibusvis
954 4193 1300 4270 excommunicationis,

554 4285 766 4365 suspensionis
790 4293 821 4348 et
842 4286 1016 4361 interdicti,
1049 4286 1179 4365 aliisque
1207 4288 1302 4351 eccle-

554 4380 683 4442 siasticis
707 4379 890 4456 sententiiS,
923 4380 1062 4442 censuris
1086 4387 1117 4442 et
1137 4381 1263 4460 poenis,
1286 4399 1300 4443 a

554 4477 623 4537 iure
643 4473 693 4534 vel
714 4473 752 4535 ab
775 4473 913 4548 bomine,
940 4474 1050 4551 quavis
1073 4475 1231 4537 occasione
1252 4476 1303 4538 vel

554 4567 642 4630 causi
662 4565 742 4642 latis,
764 4566 789 4628 si
811 4566 923 4645 quibus
952 4567 1184 4646 quomodolibet
1212 4569 1302 4632 inno·

554 4665 642 4724 clatus
653 4661 769 4736 existit,
781 4662 816 4724 ad
832 4659 976 4723 ellectum
988 4663 1199 4739 praesentium
1214 4661 1302 4727 dum·

555 4762 637 4817 taxat
665 4755 937 4833 consequendum,
967 4754 1079 4818 barum
1100 4756 1181 4818 serie
1206 4757 1303 4820 absol-

554 4857 662 4911 ventes
682 4857 713 4910 et
728 4847 903 4911 absolutum
918 4847 985 4910 lore
998 4855 1171 4925 censentes,
1187 4851 1303 4931 suppli-

553 4942 724 5005 cationibus
755 4941 821 5004 eius
849 4941 978 5004 nomine
1005 4941 1094 5004 nobis
1124 4960 1218 5022 super
1246 4948 1302 5008 boc

554 5035 715 5098 humiliter
726 5037 874 5113 porrectis
886 5036 1205 5113 inclinati,decretum
1216 5053 1302 5117 prae-

554 5130 728 5205 insertum,
762 5130 945 5192 auctoritate
979 5130 1160 5208 apostolica,
1193 5139 1302 5194 tenore

553 5223 775 5301 praesentium,
797 5224 1001 5302 approbamus
1021 5230 1053 5285 et
1067 5226 1300 5302 confirmamus,

553 5315 661 5395 illique
679 5315 867 5378 inviolabilis
882 5316 1063 5395 apostolicae
1082 5319 1238 5381 firmitatis
1253 5336 1303 5381 ro-

553 5409 612 5472 bur
623 5410 796 5473 adiicimus:
813 5410 896 5473 salva
912 5418 1015 5474 tamen
1030 5428 1154 5491 semper
1169 5413 1202 5475 in
1216 5429 1303 5491 prae·

553 5502 654 5565 missis
675 5505 858 5566 auctoritate
879 5513 1067 5568 memoratae
1082 5507 1302 5584 congregatio·

553 5597 601 5658 nis
624 5597 845 5662 cardinalium.

362 5706 506 5754 clausulae.
593 5690 612 5766 ἓ
633 5691 661 5752 3.
685 5692 894 5755 Decernentes
913 5695 1035 5757 easdem
1056 5701 1232 5773 praesentes
1250 5694 1300 5757 lit-

594 5907 623 5966 (ι)
639 5909 676 5953 Ex
690 5907 793 5965 Regest.
809 5906 836 5953 in
852 5905 927 5954 Arch.
943 5911 1015 5956 Brev.

1085 512 1149 558 idn.
1174 509 1264 556 PONT.
1288 508 1329 554 DE
1350 509 1379 553 P·
1404 507 1432 554 1².
1457 509 1540 555 PARS
1562 511 1583 555 l.

1366 636 1443 693 teras
1474 647 1597 710 semper
1625 632 1747 707 firmas,
1776 633 1890 696 validas
1915 641 1946 698 et
1975 634 2110 698 efficaces

1364 725 1497 786 existere
1512 732 1542 787 et
1558 724 1632 802 iore,
1657 743 1790 807 suosque
1811 728 1964 808 plenarios
1987 737 2016 790 et
2032 731 2110 791 inte·

1364 833 1434 894 gros
1455 818 1581 882 eiiectus
1602 821 1707 882 sortiri
1724 829 1756 882 et
1770 821 1923 898 obtinere,
1938 839 1972 886 ac
1985 821 2057 898 illis,
2074 825 2111 886 ad

1364 927 1440 991 quos
1460 919 1576 991 spectat
1600 920 1630 974 et
1651 915 1800 992 spectabit
1821 915 1853 976 in
1876 914 2031 991 futurum,
2047 915 2112 995 ple·

1363 1005 1491 1067 nissime
1508 1005 1683 1084 suflragari,
1699 1009 1805 1086 sicque
1820 1008 1852 1070 in
1868 1009 2042 1088 praemissis
2056 1026 2111 1089 per

1363 1114 1575 1178 quoscumque
1604 1099 1721 1164 iudices
1741 1102 1913 1164 ordinarios
1934 1111 1965 1165 et
1990 1104 2111 1182 delega-

1364 1199 1420 1267 tos,
1450 1194 1546 1255 etiam
1566 1211 1726 1258 causarum
1752 1195 1855 1274 palatii
1880 1197 2036 1274 apostolici
2058 1215 2111 1260 au-

1362 1284 1488 1361 ditoreS,
1511 1287 1638 1350 iudicari
1663 1294 1694 1350 et
1719 1287 1844 1351 definiri
1866 1291 1988 1364 debere,
2011 1308 2045 1354 ao
2070 1291 2111 1352 ir·

1363 1379 1458 1442 ritum
1479 1388 1511 1442 et
1527 1381 1630 1456 inane,
1656 1381 1681 1443 si
1704 1399 1792 1445 secus
1813 1399 1906 1461 super
1927 1385 1977 1446 bis
1998 1401 2013 1445 a
2035 1401 2110 1464 quo-

1362 1489 1467 1551 quam,
1480 1475 1588 1553 quavis
1603 1476 1796 1551 auctoritate,
1811 1476 1945 1538 scienter
1960 1477 2009 1539 vel
2021 1478 2109 1554 igno·

1362 1574 1479 1644 ranter,
1505 1569 1672 1654 contigerit
1695 1571 1853 1633 attentari.

1401 1663 1419 1737 5
1441 1661 1469 1722 l.
1491 1662 1560 1724 Non
1575 1663 1769 1727 obstantibus
1790 1666 2063 1728 constitutionibus
2078 1673 2109 1729 et

1361 1755 1608 1819 ordinationibus
1629 1758 1813 1836 apostolicis,
1830 1775 1952 1823 necnon
1968 1760 2039 1823 dicti
2055 1760 2109 1824 Or·

1361 1849 1453 1922 dinis,
1470 1850 1563 1911 etiarn
1579 1851 1765 1927 iuramento,
1782 1854 2019 1916 confirmatione
2038 1871 2109 1934 apo—

1361 1941 1477 2017 scotica,
1494 1943 1544 2004 vel
1569 1944 1676 2022 quavis
1697 1945 1845 2008 firmitate
1866 1946 1923 2008 alii
1947 1948 2107 2024 roboratis,

1360 2035 1483 2097 statutis
1498 2041 1528 2096 et
1543 2037 1830 2114 consuetudinibus,
1847 2039 2018 2118 privilegiis
2033 2057 2110 2120 quo-

1360 2145 1432 2206 que,
1460 2128 1590 2191 indultis
1603 2131 1758 2193 etlitteris
1779 2133 1961 2211 apostolicis,
1985 2135 2017 2197 in
2036 2151 2108 2198 con-

1362 2221 1492 2284 trarium
1521 2224 1761 2300 praemissorum
1785 2227 2015 2302 quomodolibet
2037 2245 2110 2291 con-

1360 2316 1469 2390 oessiS,
1499 2316 1688 2378 confirmatis
1720 2325 1752 2378 et
1785 2319 1958 2399 innovatis;
1995 2323 2109 2400 quibus

1360 2408 1505 2471 omnibus
1524 2417 1555 2471 et
1574 2410 1717 2488 siugulis,
1734 2411 1861 2474 illorum
1885 2420 2008 2476 tenores
2023 2431 2109 2494 prae-

1359 2502 1499 2564 sentibus
1515 2520 1569 2582 pro
1595 2504 1687 2583 plene
1701 2513 1733 2568 et
1746 2507 1937 2592 sufficienter
1956 2511 2109 2586 expressis

1360 2597 1449 2658 acad
1471 2597 1604 2659 verbum
1626 2598 1751 2660 insertis
1771 2601 1930 2676 babentes,
1954 2601 2014 2664 illis
2035 2603 2109 2664 alias

1362 2689 1392 2750 in
1419 2707 1475 2752 suo
1500 2692 1611 2754 robore
1637 2694 1865 2771 permansuris,
1893 2697 1928 2758 ad
1961 2698 2108 2774 praemis-

1359 2798 1465 2845 sorum
1489 2784 1647 2860 ellectum,
1674 2786 1728 2848 hac
1749 2786 1818 2848 vice
1846 2788 2016 2864 dumtaxat,
2040 2807 2108 2868 spe-

1359 2876 1478 2939 cialiter
1499 2886 1531 2940 et
1552 2893 1696 2956 expresse
1710 2881 1911 2958 derogamus3
1935 2884 2108 2963 ceterisque

1360 2971 1523 3033 contrariis
1544 2971 1804 3052 quibuscumque.

1399 3065 1509 3127 ilatum
1528 3065 1643 3128 Romae
1663 3069 1742 3144 apud
1765 3067 1795 3130 S.
1813 3069 1937 3132 Mariam
1960 3071 2107 3135 Maiorem

1359 3158 1416 3220 sub
1446 3157 1563 3220 annulo
1593 3159 1944 3236 Piscatoris,diexx1v.
1974 3168 2107 3229 octobris

1361 3267 1532 3328 uuoxouv,
1555 3253 1752 3330 pontificatus
1774 3257 1872 3317 nostri
1893 3275 1977 3321 anno
1996 3277 2044 3322 ιιι.

1614 3413 1853 3424 ----—.-

1701 3539 1766 3602 vll.

1362 3720 1618 3786 Constitutione
1641 3723 1788 3806 Gregorii
1812 3727 1877 3800 XL,
1896 3727 1984 3790 Sicca·
2006 3730 2055 3792 lv.
2073 3737 2105 3792 et

1399 3813 1478 3878 lctit
1490 3815 1530 3877 ll.
1544 3832 1641 3894 super
1651 3819 1870 3898 facultatibus
1882 3820 1914 3884 S.
1926 3821 1963 3884 R.
1976 3821 2013 3886 E.
2028 3821 2109 3886 cca·-

1398 3908 1561 3971 da'oult'um
1588 3917 1807 3990 protectorum
1832 3913 1990 3978 Ordinem
2013 3934 2107 3997 rcqtc-

1398 4003 1521 4064 larium
1544 4005 1712 4082 confirmat
1734 4013 1765 4068 ot
1787 4009 1943 4089 reformat
1965 4011 2021 4091 (l).

1479 4149 1735 4219 innocentius
1765 4153 1983 4223 Episcopus

1543 4304 1651 4355 servos
1674 4305 1828 4357 servorun
1851 4291 1918 4371 Oei,

1484 4382 1520 4449 ad
1541 4388 1713 4464 perpetuen
1737 4385 1780 4452 rei
1801 4387 1983 4454 memorien.

2139 497 2189 553 An.
2202 502 2229 554 c.
2249 507 2305 562 1693

2147 1668 2316 1720 contrariorum

2127 1719 2259 1778 derogatio.

1399 4573 1666 4650 christifidelium,
1689 4575 1755 4654 qui,
1777 4577 1889 4656 spretis
1913 4577 2027 4640 saeculi
2048 4578 2105 4640 bu·
2197 4589 2314 4640 uxoratum

1359 4665 1405 4728 ius
1426 4666 1588 4743 illecebris,
1605 4668 1663 4730 sub
1677 4669 1764 4731 suavi
1786 4670 1946 4747 religionis
1962 4671 2044 4748 iugo,
2061 4671 2105 4733 di-

2125 4657 2155 4694 ox
2177 4647 2254 4694 causis
2274 4644 2315 4706 bu-

2124 4702 2165 4748 ius
2175 4700 2316 4747 constitutio·

1358 4760 1425 4821 vini
1446 4759 1591 4823 Numinis
1612 4778 1679 4824 sese
1700 4763 1918 4844 manciparunt
1939 4765 2104 4844 obsequiis,
2125 4755 2165 4802 ¹¹¹⁵
2179 4755 2285 4813 pecatum.

1357 4853 1518 4916 salubriori
1546 4855 1693 4932 regimini
1718 4863 1749 4920 et
1777 4855 1966 4920 felicioribus
1992 4858 2026 4920 in
2048 4859 2105 4920 llo-

1358 4948 1444 5008 mino
1465 4949 1689 5027 progressibus
1712 4957 1864 5030 quantum
1886 4951 1975 5014 nobis
1990 4951 2106 5015 exalto

1358 5043 1554 5118 conceditur,
1588 5045 1764 5125 prospicere
1796 5051 1986 5122 satagentes,
2022 5047 2105 5108 inter

1359 5135 1544 5214 multiplices
1565 5153 1664 5212 curas,
1678 5137 1789 5216 quibus
1810 5139 2042 5201 occurrentium
2057 5157 2104 5201 re-

1357 5245 1428 5290 rum
1459 5229 1724 5310 negotiorumque
1754 5229 1956 5317 varietatibus
1987 5232 2105 5296 obside·

1358 5338 1441 5398 mur,
1463 5325 1498 5386 ad
1521 5323 1606 5386 illam
1629 5341 1753 5404 quoque
1782 5333 1906 5388 nostrae
1933 5327 2106 5390 considera-

1358 5415 1448 5478 tionis
1460 5417 1557 5480 aciem
1568 5418 1741 5495 dirigimus,
1755 5435 1810 5498 per
1821 5433 1914 5500 quam
1925 5419 2105 5482 huiusmodi

1356 5508 1573 5585 religiosorum
1595 5509 1734 5587 Ordines,
1752 5511 1829 5574 sit.
1841 5512 1876 5573 E.
1895 5513 2104 5576 cardinalium

1356 5602 1541 5680 protectioni
1562 5603 1735 5680 commissi,
1758 5605 1800 5666 ita
1821 5605 1961 5668 eiusdem
1982 5613 2103 5684 protec-

1357 5695 1448 5758 tionis
1477 5696 1678 5775 periruantur
1699 5698 1851 5775 subsidio,
1876 5707 1912 5762 ut
1933 5699 2103 5781 claustralis
