4878 6982
303 575 357 628 An.
373 578 402 629 Ο.
424 576 494 628 1704
544 575 605 638 228

523 725 582 770 usu
603 718 764 788 receptum
786 717 842 771 est.
860 711 899 772 Et
920 711 953 772 in
968 712 1026 772 boc
1040 715 1142 786 partes
1157 707 1273 768 dissen-

523 801 583 863 tire
605 819 669 864 non
690 803 839 864 videntur
859 802 871 879 (
893 801 916 881 ).

359 902 456 964 aursus
473 900 504 946 d·
564 911 606 956 tv.
628 895 804 970 Quaeritur,
827 911 878 966 an,
899 895 1026 956 attentis
1046 892 1220 972 praedictis,
1237 891 1273 952 li-

292 953 505 1068 Εἷιῖθῗὲὲἷῗηὲιὲῗῖ
522 995 589 1048 ceat
617 987 768 1048 affirmare
798 988 885 1051 Sinas
916 986 1061 1065 praelatis
1092 985 1272 1047 nominibus

292 1070 364 1105 ”¹⁰¹³
528 1079 602 1140 Tieu
623 1085 654 1140 et
677 1079 769 1158 Χηης
795 1081 829 1140 Τί
852 1079 1029 1158 intelligere
1056 1079 1156 1140 Deum
1178 1092 1271 1154 quem

522 1170 681 1234 christiani
702 1172 820 1234 colunt.

1048 592 1112 636 lUll.
1137 591 1228 636 dour.
1252 591 1293 634 DE
1315 591 1343 635 Ρ.
1369 591 1397 636 F·
1423 593 1505 637 PARS
1528 593 1548 636 l.

1326 715 1446 770 sanctos
1478 709 1612 770 excellit.
1646 710 1731 784 Quod
1763 717 1868 771 autem
1891 711 1964 771 baec
1986 709 2079 770 dictio

1328 799 1413 877 Χίης
1434 801 1630 862 sanctitatem
1654 802 1753 879 potius
1776 817 1869 878 quam
1884 801 2077 878 sapientiam,

1327 891 1378 952 vel
1398 892 1581 969 sapientiam
1602 893 1694 954 simul
1717 902 1747 954 et
1769 895 1964 955 sanctitatem
1982 893 2080 968 signi-

1326 984 1408 1057 ficet,
1433 983 1566 1046 infertur
1587 1000 1626 1045 ea
1648 987 1716 1060 boc,
1739 985 1822 1064 quod
1843 985 1926 1047 inter
1941 985 2010 1046 illos
2025 983 2079 1062 qui

1327 1074 1515 1137 Coniucium
1545 1085 1789 1154 praecesserunt,
1812 1085 1842 1138 et
1875 1077 1961 1154 Χίης
1989 1091 2079 1153 supe-

1326 1167 1392 1228 rius
1413 1167 1619 1246 appellantur,
1642 1169 1953 1246 comprehenduntur
1968 1168 2079 1229 saltem

1258 1273 1265 1284 ’
1328 1260 1492 1334 nonnulli,
1526 1263 1563 1322 de
1595 1261 1706 1338 quibus
1737 1262 1889 1338 expressis
1920 1261 2023 1322 verbis
2045 1260 2078 1320 in

680 1357 781 1435 Super
804 1358 941 1420 secundo
963 1356 1116 1418 articulo.

311 1550 345 1592 ⁰⁰
359 1546 463 1608 tabellas
478 1547 505 1594 tn
566 1560 587 1602 r.
611 1542 787 1617 Quaeritur,
811 1558 848 1602 an
871 1540 1011 1618 permitti
1033 1539 1128 1618 possit
1142 1539 1273 1617 appendi

293 1600 398 1698 ppptasrs
412 1611 506 1658 mm
525 1635 557 1696 in
579 1634 713 1696 ecclesiis
730 1633 969 1695 christianorum
986 1631 1127 1692 tabellam
1144 1630 1274 1708 inscrip-

524 1734 589 1790 tam
611 1727 693 1806 Χίης
719 1726 806 1796 Τίηη,
830 1725 958 1787 Caelum
979 1725 1091 1786 Golito.

564 1820 652 1881 Ratio
673 1819 832 1881 dubitandi
861 1826 919 1892 est,
942 1817 1011 1895 quia
1039 1817 1191 1894 praedicta
1213 1832 1273 1876 vox

529 1914 604 1975 Τιήη
626 1929 710 1973 ηηηη
731 1909 879 1989 temporis
901 1908 1116 1972 aSinensibus
1132 1909 1273 1970 litteratis

524 2005 673 2083 arripitur
693 2020 748 2081 pro
768 2003 851 2064 caelo
874 2003 1036 2076 materiali,
1054 2010 1194 2080 utsupra
1211 2003 1272 2064 dic·

523 2108 592 2159 tum
614 2105 659 2180 est
681 2097 713 2158 in
735 2097 856 2157 ratione
886 2095 1046 2158 dubitandi
1079 2096 1113 2156 ad
1144 2095 1272 2156 tertium

524 2190 698 2268 quaesitum
719 2204 812 2265 snper
833 2187 933 2264 primo
955 2186 1085 2248 articulo
1105 2185 1164 2266 (n).

565 2283 603 2344 Et
624 2291 776 2360 quatenus
799 2280 962 2357 Negative,

523 2430 527 2438 ,
565 2391 599 2434 rr.
623 2375 799 2448 Quaeritur,
821 2389 860 2434 an
881 2372 992 2434 saltem
1018 2371 1157 2450 permitti
1179 2371 1273 2451 possit

523 2482 596 2528 cnm
618 2465 836 2541 declaratione,
860 2473 891 2526 et
911 2481 982 2542 qua.

699 2650 802 2728 Super
825 2650 921 2712 tertio
943 2648 1098 2711 articulo.

564 2837 759 2915 Proponetur
776 2835 952 2913 quaesitum
967 2833 1058 2908 inira,
1075 2834 1146 2911 quia
1161 2834 1274 2912 pendet

524 2947 541 2991 a
562 2929 737 2990 decidendis
758 2929 791 2989 in
812 2928 1025 3006 sequentibus.

693 3113 794 3189 Super
815 3118 930 3188 qtturto
952 3112 1107 3174 articulo.

319 3313 354 3356 na
369 3309 507 3374 octauam·
566 3315 588 3358 r.
605 3295 780 3372 Quaeritur,
794 3309 833 3355 an
847 3295 1071 3373 superstitione
1083 3294 1201 3356 imbuta
1211 3293 1274 3356 sint

294 3365 347 3462 {³13¹}
359 3363 506 3412 ³⁰⁰⁵²⁰¹¹¹¹'
523 3388 675 3450 solemnia
707 3402 785 3466 quae
815 3386 912 3447 semel
940 3393 971 3448 et
1000 3387 1117 3448 iterum
1143 3385 1274 3462 singulis

524 3481 615 3543 annis
631 3480 778 3542 Conlucio
797 3488 827 3541 et
842 3479 1094 3556 progenitoribus
1110 3479 1213 3539 otierri
1227 3493 1273 3538 so-

524 3573 591 3636 lent
610 3572 756 3634 sacrificia
777 3588 833 3633 seu
848 3571 1029 3645 oblationes,
1046 3571 1123 3633 itaut
1138 3571 1175 3631 iis
1189 3586 1274 3648 prae·

524 3681 608 3740 esso,
641 3665 837 3738 ministrare,
870 3669 922 3724 ant
953 3664 1105 3726 interesse
1136 3663 1274 3725 christia-

525 3759 573 3820 nis
595 3757 775 3819 nullatenus
796 3755 945 3832 nullaque
967 3757 1004 3816 de
1025 3754 1113 3816 causa
1134 3754 1274 3832 permitti

524 3851 630 3930 possit.

306 4009 310 4017 ¹
334 3955 505 4002 necopinato
563 3943 650 4005 llatio
678 3941 839 4004 dubitandi
869 3946 928 4014 est,
951 3947 1093 4018 respectu
1121 3938 1273 4014 Coniucii,

293 4009 467 4116 pppppatorum
482 4019 506 4053 ⁰'
524 4035 595 4114 quia
617 4041 698 4097 secta
727 4033 888 4108 litteraria,
910 4048 989 4110 quae
1017 4033 1131 4110 primas
1153 4033 1273 4094 obtinet

523 4129 557 4190 in
578 4127 631 4189 illo
652 4125 795 4206 imperio,
819 4125 1003 4190 Goniucium
1024 4141 1089 4187 non
1111 4125 1213 4187 solum
1229 4125 1273 4186 uti

524 4221 720 4297 magistrum,
743 4235 856 4280 verum
881 4220 974 4280 etiam
997 4219 1042 4280 uti
1062 4224 1205 4280 sanctum
1226 4233 1274 4278 co·

524 4313 588 4375 lere
609 4312 735 4374 videtur
755 4311 768 4390 (
788 4314 811 4390 ).

374 4428 409 4488 ns,
431 4435 506 4480 voca,
566 4405 726 4466 Praeterea
747 4404 780 4466 in
801 4403 933 4483 quadam
960 4402 1116 4465 oblatione
1136 4403 1274 4466 facienda

293 4478 507 4577 ssgssfflsslfflffl
525 4497 687 4571 Confusio,
710 4513 789 4574 quae
811 4497 995 4558 describitur
1016 4496 1049 4556 in
1070 4495 1149 4558 libro
1163 4512 1218 4558 seu
1234 4497 1274 4558 ri-

293 4584 382 4630 ma·
524 4590 602 4654 tuali
624 4589 729 4654 Sinico
749 4589 790 4651 Tu
805 4587 894 4667 Μίης
910 4588 994 4664 Hoey
1014 4587 1089 4648 Tieu
1103 4589 1274 4651 nonnullae

524 4683 679 4746 orationes
699 4697 754 4743 seu
770 4681 924 4744 oliertoria
938 4680 1123 4760 praescripta
1139 4688 1224 4755 sunt,
1241 4683 1275 4744 in

525 4775 639 4853 quibus
660 4771 802 4836 Conlucii
822 4773 922 4834 uirtus
943 4773 1027 4835 caelo
1050 4780 1211 4851 terraeque
1226 4790 1274 4836 ae·

525 4869 717 4946 quiparatur,
734 4866 873 4927 doctrina
895 4866 1032 4943 antiquis
1053 4866 1273 4944 modernisque

525 4959 710 5036 praefertur,
733 4957 807 5030 imo,
831 4972 869 5016 er
890 4971 951 5034 quo
968 4957 1110 5018 homines
1125 4973 1190 5019 esse
1205 4975 1272 5020 coe-

524 5057 652 5129 perunt,
675 5065 767 5110 nemo
796 5048 886 5108 illum
918 5064 1063 5126 aequasse
1093 5049 1219 5125 dicitur,
1242 5061 1273 5114 et

525 5143 608 5219 quod
638 5141 704 5201 eius
735 5139 861 5218 spiritus
894 5143 1076 5218 praeteritos
1105 5142 1190 5220 Χίης
1218 5161 1273 5206 seu

566 5379 598 5435 (c)
613 5375 702 5422 videri
716 5377 825 5433 possunt
845 5375 925 5420 iidem
940 5377 1074 5423 auctores:
1094 5378 1189 5435 quibus
1202 5381 1274 5427 addi·

524 5447 570 5491 tur
591 5447 682 5489 Parsa
700 5455 717 5487 a
736 5446 865 5488 Laoursss
885 5441 913 5486 in
934 5443 990 5488 suis
1011 5443 1226 5502 responsionibus
1240 5447 1273 5492 ad

524 5510 645 5568 quaesita
666 5519 757 5554 sacrae
778 5507 995 5565 congregationis
1017 5510 1232 5566 particularis....;
1246 5515 1274 5558 et

524 5577 558 5622 sd
571 5576 692 5634 quaesita
705 5575 910 5621 eminentissimi
924 5579 1084 5622 cesenate...

566 5643 600 5698 (n)
615 5643 704 5688 Videri
718 5643 828 5700 possunt
842 5643 963 5688 auctores
978 5643 1088 5699 allegati
1102 5644 1142 5690 lit.
1159 5657 1182 5690 η.

566 5709 599 5764 (s)
615 5708 703 5754 Videri
717 5709 826 5766 possunt
842 5711 957 5764 suusne,
969 5711 1114 5756 Retectoue
1124 5715 1193 5756 detur
1201 5723 1275 5764 aran

525 5776 685 5819 monarchia
705 5779 774 5819 detta
797 5777 888 5824 Obtusa,
913 5773 1091 5833 part.1.,catp.
1109 5788 1144 5832 x.,
1159 5788 1216 5835 pag.
1232 5780 1273 5832 63;

525 5843 656 5894 macnus,
673 5842 759 5884 onina
772 5843 917 5890 struae-ata,
934 5851 989 5898 par.
1006 5854 1053 5898 nn,
1068 5854 1121 5900 cap.
1133 5854 1160 5897 1.,
1174 5844 1216 5890 sol.
1227 5846 1274 5900 132,

525 5911 552 5954 et
565 5918 623 5964 pag.
640 5908 687 5962 137,
707 5906 755 5953 eol.
772 5909 798 5961 l;
819 5909 856 5952 bs
876 5910 975 5964 Maaru,
997 5911 1062 5954 istst.
1086 5913 1117 5954 de
1134 5913 1176 5961 set.
1192 5922 1270 5961 succ..

1327 1351 1457 1414 classicis
1480 1352 1626 1415 Sinarum
1659 1353 1744 1414 libris
1773 1353 1885 1416 dicitur
1907 1354 1987 1432 quod
2010 1359 2079 1429 post

1327 1451 1463 1504 mortem
1486 1446 1516 1506 in
1539 1445 1659 1507 caelum
1681 1445 1857 1520 evolarunt,
1881 1447 1964 1508 etin
1987 1443 2079 1506 caelis

1327 1543 1512 1614 potestatem
1534 1537 1647 1598 babent
1666 1536 1789 1600 terendi
1804 1538 1995 1610 hominibus,
2013 1553 2079 1598 eos-

1326 1644 1387 1704 que
1408 1629 1503 1690 etiam
1532 1628 1678 1691 Sinenses
1706 1629 1880 1707 antiquitus
1902 1638 1936 1693 ut
1958 1637 2078 1692 sanctos

1326 1721 1466 1782 venerati
1487 1728 1573 1796 sunt,
1596 1729 1627 1782 et
1649 1721 1798 1784 hactenus
1814 1722 1971 1784 celebrant
1986 1729 2021 1782 ut
2036 1727 2079 1782 ta-

1326 1811 1380 1872 les.
1401 1813 1531 1890 insuper
1552 1813 1625 1874 alibi
1647 1813 1680 1874 in
1703 1814 1787 1876 libris
1810 1814 1922 1876 Sinicis
1937 1815 2011 1875 baec
2026 1815 2078 1874 ha-

1327 1907 1454 1967 bentur:
1471 1907 1555 1985 Χίης
1567 1907 1620 1968 Jiu
1636 1905 1703 1982 dtu
1717 1905 1784 1984 Cly
1798 1907 1847 1980 lc·
1855 1907 1896 1984 ju
1909 1909 1974 1978 luo,
1989 1908 2076 1977 Χηη,

1330 1997 1389 2056 Vsu
1414 1998 1510 2077 Vuup,
1531 1999 1616 2061 Clreu
1640 2000 1745 2078 Χηης,
1765 2002 1857 2079 Χηης
1872 1999 1951 2061 eliu:
1975 2000 2076 2072 idest,

1326 2097 1505 2151 sanctornm
1536 2091 1679 2154 virorum
1707 2093 1889 2168 summitas;
1920 2099 1966 2166 ut,
1991 2090 2079 2152 verbi

1327 2182 1434 2258 gratie,
1447 2183 1653 2261 antiquissimi
1670 2185 1871 2262 imperatores
1886 2184 1934 2246 loa
1949 2190 1980 2243 et
1992 2183 2077 2256 llun,

1328 2289 1382 2333 rex
1404 2274 1471 2336 ven
1494 2275 1600 2352 Vang,
1631 2277 1773 2355 princeps
1803 2277 1889 2338 Chen
1919 2277 2024 2352 llung,
2047 2283 2078 2336 et

1328 2367 1420 2442 llung
1442 2367 1513 2442 cbu,
1536 2385 1591 2430 scu
1614 2369 1792 2432 Coniucius.
1817 2370 1902 2444 Quod
1924 2383 2000 2430 vero
2020 2369 2079 2428 boc

1327 2459 1421 2520 etiam
1443 2460 1474 2520 in
1497 2459 1562 2522 loco
1583 2460 1677 2522 dictio
1701 2462 1784 2540 Χίης
1806 2463 2004 2524 sanctitatem
2026 2475 2078 2538 po-

1328 2549 1387 2612 tius
1409 2567 1501 2628 quam
1523 2553 1706 2631 sapientiam
1722 2555 1891 2629 significet,
1909 2552 2017 2614 inferri
2034 2552 2078 2612 vi·

1326 2643 1418 2705 detur
1439 2661 1477 2704 ex
1499 2660 1534 2704 eo
1556 2647 1638 2722 quod
1659 2661 1768 2707 omnes
1796 2655 1868 2708 ante
1891 2645 2079 2708 Conlucium

1328 2736 1386 2796 boc
1407 2737 1535 2798 nomine
1556 2739 1635 2815 apud
1662 2737 1751 2799 Sinas
1773 2738 1805 2798 in
1827 2740 1972 2816 suprema
1992 2753 2078 2799 sanc·

1328 2835 1433 2890 torum
1454 2828 1535 2889 serie
1555 2829 1592 2890 ab
1618 2830 1753 2906 antiquis
1783 2831 1973 2908 temporibus
2002 2829 2080 2890 rele-

1328 2926 1448 2994 rantur,
1471 2927 1502 2981 et
1523 2929 1557 2981 ut
1585 2921 1659 2982 tales
1687 2921 1724 2982 ab
1752 2921 1862 2982 iisdem
1896 2921 2078 2984 Sinensilsus

1327 3027 1451 3090 semper
1481 3013 1575 3075 babiti
1607 3013 1737 3088 fuerint,
1770 3021 1805 3077 ut
1834 3021 1952 3077 constat
1981 3029 2019 3074 ex
2044 3013 2079 3073 li-

1328 3105 1391 3166 bris
1422 3121 1532 3166 eorum
1563 3105 1715 3181 classicis;
1753 3107 1824 3168 licet
1855 3105 1934 3185 apud
1968 3107 2079 3170 Sinon-

1327 3213 1375 3257 ses
1396 3197 1500 3258 atheos
1527 3198 1660 3276 praelata
1689 3199 1781 3261 dictio
1811 3201 1896 3280 Χίης
1922 3201 1954 3260 in
1979 3199 2078 3260 allatis

1329 3289 1464 3350 textibus
1486 3281 1746 3367 perfectissimum
1767 3299 1799 3353 et
1813 3292 2078 3371 sapientissimum

1328 3381 1445 3456 virum,
1462 3381 1515 3442 vel
1535 3398 1696 3445 summum
1717 3383 1916 3462 perfectionis
1934 3385 2077 3461 gradum,

1327 3474 1364 3534 ad
1391 3489 1487 3552 quem
1514 3475 1676 3551 homines,
1705 3478 1788 3540 caelo
1816 3494 1872 3538 seu
1900 3479 2009 3540 naturd
2036 3477 2079 3538 ta·

1329 3576 1433 3642 vente,
1460 3568 1640 3646 pertingere
1668 3577 1809 3648 possunt,
1836 3569 2012 3645 significare
2033 3569 2080 3629 vi-

1328 3659 1449 3724 deatur.

1368 3753 1435 3832 lpse
1456 3755 1624 3817 Conlucins
1646 3754 1679 3816 in
1693 3755 1825 3831 singulis
1841 3755 2016 3816 civitatibus
2031 3771 2080 3818 ae·
2151 3775 2315 3838 nectareus

1328 3847 1380 3908 des
1402 3849 1494 3909 babet
1514 3849 1543 3908 ei
1565 3847 1725 3924 dedicatas,
1742 3863 1820 3928 quae
1840 3849 2000 3925 gymnasia
2015 3863 2077 3909 non
2098 3829 2220 3928 sssslfflw
2244 3830 2316 3877 ‘¹¹⁰³'

1327 3947 1413 4014 sunt,
1436 3957 1494 4002 nec
1515 3941 1603 4003 aulae
1626 3949 1749 4002 tantum
1769 3955 1836 4002 esse
1850 3941 2009 4016 ridentur,
2026 3942 2079 4004 sed

1329 4033 1431 4110 potins
1459 4033 1602 4110 capellae,
1626 4048 1662 4094 eo
1688 4036 1771 4112 quod
1797 4033 1900 4097 Sinice
1927 4041 2079 4096 vocentur

1330 4125 1427 4196 Mino,
1451 4141 1513 4203 quo
1540 4125 1689 4187 vocabulo
1717 4125 1870 4188 idolorum
1894 4127 2007 4206 templa
2028 4128 2080 4189 de-

1327 4215 1502 4291 signantur,
1527 4222 1557 4277 et
1579 4233 1594 4276 a
1616 4217 1778 4279 nonnullis
1798 4218 1975 4280 auctoribus
1991 4219 2079 4280 aedes

1330 4309 1502 4385 praedictae
1519 4309 1632 4386 templa
1649 4326 1704 4370 seu
1719 4310 1786 4372 lana
1803 4311 1972 4391 dicantur(
1993 4313 2015 4390 ).

1370 4403 1404 4464 1η
1426 4403 1537 4480 quibus
1565 4403 1690 4464 aedibus
1718 4410 1801 4465 extat
1823 4403 1941 4481 effigies
1963 4404 2081 4466 Coniu-

1328 4494 1378 4569 cii,
1402 4494 1452 4554 vel
1473 4495 1583 4556 saltem
1604 4495 1715 4556 tabella
1737 4512 1807 4558 cum
1830 4497 1885 4558 bac
1907 4496 2080 4574 inscriptio-

1330 4603 1386 4648 ne:
1412 4587 1502 4649 Scdcs
1523 4588 1664 4665 spiritus
1678 4589 1878 4650 sanctissimi
1892 4589 1940 4650 oei
1955 4590 2081 4666 cupicu-

1329 4680 1449 4741 tt'ssimi
1470 4682 1717 4760 protomupistrt'
1734 4681 1898 4762 dediticii,
1916 4699 1994 4760 quae
2009 4697 2078 4743 ver-

1327 4773 1373 4834 bis
1393 4773 1499 4834 sinicis
1521 4783 1567 4835 est
1592 4774 1784 4836 huiusmodi:
1811 4775 1871 4836 Cui
1895 4775 1980 4854 Χίης
2005 4775 2079 4838 Sicu

1331 4865 1375 4928 su
1391 4867 1483 4928 Kuuc
1504 4865 1567 4928 citu
1583 4867 1648 4928 Χίη
1672 4869 1765 4943 Goep,
1789 4875 1824 4929 ut
1846 4875 1978 4930 testatur
1992 4877 2079 4945 pater

1327 4960 1521 5034 aLeonissa,
1545 4961 1599 5038 qui
1627 4960 1735 5020 asserit
1763 4959 1930 5021 dictionem
1951 4960 2079 5021 sinicam

1329 5051 1414 5130 Χίης
1426 5067 1489 5112 non
1504 5053 1680 5128 significare
1693 5053 1909 5114 tantummodo
1924 5059 2077 5125 sanctum,

1327 5146 1380 5206 sed
1402 5145 1567 5223 aliquando
1589 5145 1683 5206 etiam
1705 5145 1887 5224 sapientem.
1912 5145 1973 5206 dlii
1994 5160 2079 5222 prae-

1329 5383 1373 5428 lib.
1390 5394 1417 5438 1.,
1436 5395 1491 5440 esp.
1507 5394 1574 5438 uun,
1594 5393 1652 5438 pag.
1670 5384 1716 5436 tot,
1737 5380 1784 5437 qni
1804 5383 1894 5442 temen
1914 5380 2033 5437 loquitur
2047 5381 2080 5426 de

1329 5449 1571 5504 Tunchinensibus3
1591 5451 1708 5502 Ruonss,
1723 5447 1750 5492 in
1767 5450 1899 5496 Cutccbts..
1917 5459 1974 5503 pag.
1992 5449 2038 5502 113,
2053 5449 2079 5492 et

1329 5514 1357 5559 in
1370 5519 1508 5561 Retattoue
1521 5519 1649 5560 notarice
1663 5519 1695 5560 de
1712 5516 1859 5561 Τηηηηίηο,
1871 5525 1895 5570 p.
1905 5515 1943 5566 60;
1954 5515 2079 5569 Bsnronr,

1329 5583 1367 5625 ba
1383 5583 1457 5630 Oine,
1473 5582 1518 5626 lib.
1534 5593 1561 5635 1.,
1575 5591 1633 5638 pag.
1649 5585 1684 5636 74,
1699 5591 1765 5625 vers.
1783 5581 1814 5623 12.

1371 5647 1404 5702 (r)
1414 5647 1502 5692 videri
1511 5649 1621 5704 possunt
1631 5650 1795 5693 Furosurtus
1807 5647 1833 5692 et
1843 5649 1959 5702 Raecius,
1968 5650 2004 5691 De
2013 5648 2080 5690 obri·

1329 5716 1409 5757 sttau.
1425 5717 1605 5766 expeditione,
1622 5713 1748 5769 lib.1.,p.
1765 5715 1818 5765 1183
1839 5715 1954 5766 ssunno,
1970 5713 2036 5768 part.
2053 5723 2079 5766 1.,

1329 5789 1383 5835 cap.
1400 5789 1434 5834 x.,
1449 5791 1472 5834 p.
1483 5780 1522 5834 63;
1538 5781 1669 5834 Krncnnn,
1686 5782 1771 5825 Obtusa
1785 5782 1931 5827 illustrata,
1949 5779 2015 5834 part.
2031 5789 2079 5833 tm,

1329 5855 1383 5902 cap.
1399 5857 1426 5900 1.,
1441 5857 1464 5902 p.
1481 5845 1528 5901 132,
1542 5846 1590 5892 col.
1608 5849 1626 5890 1.
