1290 1819
336 175 345 190 2
568 178 600 189 tun.
613 178 658 189 rowr.
671 178 691 189 ne
701 178 715 189 t·.
728 178 742 190 1¹.
754 178 795 190 PARS
806 178 817 190 l.

336 212 360 224 am
371 210 407 224 ante
417 212 495 227 auroram,
506 210 522 224 ct
532 208 578 223 aliam
589 210 623 228 post
633 208 680 224 meri-

336 236 354 250 n,
365 232 399 247 sine
410 232 488 250 ministro,
494 232 524 247 sub
534 231 565 250 (lio,
573 233 588 247 et
596 231 625 247 sub
632 233 679 250 terra,

337 255 370 270 loco
381 257 432 270 tamen
446 255 516 273 decenti,
527 255 587 270 etiarnsi
602 255 650 270 altare
661 255 680 270 sit

338 280 371 294 tum
387 278 413 294 vel
423 278 457 294 sine
470 278 541 297 reliquiis
556 280 653 297 sanctorum,
665 280 680 294 et

336 301 413 317 ssentibus
424 302 514 320 haereticis,
525 301 633 320 schismaticis.
645 302 680 317 inii-

337 325 365 340 bus
376 327 392 341 et
402 325 547 344 excommunicatis,
558 325 571 340 si
582 325 627 341 aliter
640 325 680 341 cele-

336 348 347 364 ri
354 352 386 364 non
396 349 451 368 possitq
463 352 516 363 caveas
524 352 561 364 vero
572 353 592 364 no
603 349 679 368 praedicta

336 372 378 387 iltate
390 376 417 387 seu
431 372 545 391 dispensatione
559 372 645 388 celebrandi
656 372 679 387 bis

336 395 358 410 lie
368 395 413 411 aliter
421 399 468 415 quam
476 399 494 410 ex
502 395 597 414 gravissimis
608 395 656 411 causis
664 397 679 411 et

336 418 384 434 ssime
390 418 443 437 utaris,
451 418 467 433 in
475 422 506 438 quo
514 418 582 437 graviter
593 420 635 434 tuam
642 422 679 434 con-

337 442 385 457 ntiam
397 445 485 457 oneramus.

346 465 360 480 3.
372 464 414 484 Quod
425 464 437 480 si
450 464 489 480 banc
504 464 574 480 eamdem
590 464 678 481 lacultatem

337 488 350 504 ri
365 488 439 504 sacerdoti
454 488 495 503 iuxta
509 490 600 507 potestatem
614 488 679 503 inferius

336 512 411 527 onendam
427 511 550 530 communicare,
562 513 589 527 aut
599 515 651 527 causas
661 512 678 527 ea

336 535 359 550 ndi
371 534 422 553 alicui,
433 534 459 554 qui
471 539 478 549 a
489 534 504 550 St
515 534 555 550 Scrle
565 535 605 550 hanc
616 534 679 550 [acuita-

348 557 439 576 obtinuerit.
450 557 533 577 approbare
545 557 571 573 tibi
583 558 634 573 visum
645 557 678 573 {ue-

341 581 382 596 serio
392 580 495 596 conscientiae
503 582 537 596 tuac
548 581 653 600 iniungimus,
661 583 678 596 ut

336 604 356 619 cis
366 604 447 623 duntaxat,
454 604 503 624 iisque
510 604 600 620 maturioris
611 604 678 624 pruden-

342 631 359 643 ac
366 627 402 646 zeli,
410 629 425 643 et
432 627 459 647 qui
466 627 536 643 absolute
546 627 627 643 necessarii
634 629 677 646 sunt,

344 654 372 670 pro
382 650 452 670 quolibet
463 650 502 669 loco,
513 650 539 666 sed
551 650 577 666 ubi
588 651 640 670 gravis
651 655 678 666 ne-

337 674 365 689 itas
373 674 427 689 tulerit
434 675 450 689 et
457 673 475 689 ad
484 674 531 689 breve
539 676 599 693 tempus
607 674 677 690 eamdem

336 697 409 713 2munices
423 699 450 712 aut
462 697 548 717 respective
561 701 613 713 causas
624 701 678 717 appro-

336 733 337 738 ,
349 720 428 736 deferendi
445 720 511 736 Sanum
525 720 642 737 Sacramentum
653 725 677 737 oe-

338 748 347 759 e
362 744 379 759 atl
391 744 461 759 infirmos
475 744 509 759 sine
523 744 592 762 lumine,
607 744 677 764 illudque

347 767 402 782 eodem
414 767 490 782 retinendi
499 771 526 787 pro
533 767 592 783 eisdem
603 768 676 786 infirmis,

337 794 365 806 oco
375 792 428 806 tamen
438 790 504 809 decenti,
512 791 525 806 si
533 790 552 806 ab
562 791 643 806 haereticis
650 793 676 807 aut

336 813 392 829 ielibus
397 813 417 829 sit
424 814 510 833 periculum
518 814 602 834 saci-negiu
611 814 677 830 induen-

336 837 398 853 *aetibus
404 837 514 856 saecularibus,
521 838 534 853 si
542 837 587 853 aliter
594 838 619 853 vel
627 840 676 853 trans-

336 860 355 876 au
365 860 397 876 loca
409 862 444 876 tuae
457 864 503 876 curae
517 861 608 880 commissa,
623 861 648 876 vel
659 861 675 876 in

336 887 427 903 permanere
438 888 470 899 non
481 884 547 904 poterin
561 884 636 900 recitandi
647 885 676 900 Ro>

336 911 361 923 um
369 906 394 922 vel
402 907 438 922 alias
443 911 501 927 preces.
507 907 520 923 si
527 908 617 924 breviarum
625 910 675 924 tecum

336 934 363 946 *rt-e
375 934 406 946 non
417 931 481 950 poteris,
493 931 517 946 vel
528 931 599 947 divinum
608 931 675 947 officium

336 954 394 973 iliquod
405 954 494 973 legitimum
510 954 641 974 impedimentum
652 959 676 970 re<

336 981 349 993 *e
358 981 390 993 non
397 977 456 996 valcas3
467 977 572 997 dispensandi,
580 978 642 997 quando
650 983 675 994 ex-

338 1005 356 1016 re
366 1001 450 1019 videbitur.
458 1005 504 1021 super
515 1005 543 1017 usu
554 1001 631 1020 carnium,
639 1006 676 1017 ovo-

336 1031 338 1039 ι
344 1026 359 1040 et
366 1024 475 1040 lacticiniorum
483 1026 552 1044 tempore
558 1025 653 1041 ieiuniorum
660 1027 676 1041 et

336 1047 434 1067 iragesimae3
442 1047 469 1063 bas
474 1047 553 1063 facultates
560 1048 676 1064 communican-

337 1075 368 1086 non
380 1072 431 1086 tamen
442 1071 475 1086 illas
486 1075 525 1091 quae
539 1071 622 1091 requirunt
635 1072 676 1087 ordi-

336 1100 339 1110 i
350 1094 461 1114 episcopalem.
473 1094 497 1110 vel
508 1098 540 1110 non
551 1095 584 1110 sine
595 1099 674 1111 sacrorum

336 1121 372 1133 rum
383 1122 411 1133 usu
422 1119 522 1136 exercentur,
528 1117 633 1134 sacerdotibus
644 1118 675 1134 ido·

336 1152 340 1159 ,
351 1141 378 1160 qui
390 1141 405 1156 in
416 1140 447 1156 illis
460 1141 515 1156 insulis
525 1143 541 1156 et
554 1141 590 1156 locis
603 1141 675 1160 praetatis

336 1164 399 1183 rabum,
410 1166 436 1180 aut
446 1168 514 1184 quorum
521 1168 584 1184 operam
591 1168 608 1180 ac
615 1164 675 1180 labores

336 1187 384 1203 iveris
394 1187 473 1203 iniunctae
483 1187 511 1203 tibi
522 1188 628 1203 commissioni
638 1192 674 1204 con-

336 1214 344 1226 e
354 1215 371 1226 ac
382 1210 462 1230 prodesse,
476 1213 491 1226 et
502 1211 592 1231 praesertim
606 1213 675 1231 tempore

336 1234 392 1253 obitus,
404 1236 421 1250 ut
432 1234 452 1249 sit
462 1234 489 1254 qui
500 1234 547 1254 possit
557 1234 637 1254 supplere,
648 1235 674 1251 (lo-

342 1257 389 1273 Sezles
405 1257 490 1277 Apostolica
503 1260 561 1274 certior
575 1258 622 1277 iacta,
633 1259 673 1278 quod

336 1281 418 1300 nprimum
433 1281 467 1296 fleri
478 1281 539 1297 debebit
553 1285 581 1301 per
597 1281 674 1301 delegatos

336 1308 364 1323 per
374 1308 425 1320 unum
431 1308 451 1319 ex
461 1304 489 1323 eis,
497 1304 527 1320 alio
535 1305 581 1320 modo
588 1305 673 1324 providea23

336 1331 356 1343 *us
367 1327 440 1346 delegatis
456 1328 548 1343 auctoritate
561 1327 643 1347 apostolica
653 1328 675 1343 ia-

336 1352 374 1366 item
385 1350 483 1366 concedimus
494 1351 562 1370 interea,
573 1351 590 1366 in
601 1355 636 1367 casu
647 1355 674 1366 ne-

336 1374 380 1393 itatis,
391 1374 491 1390 consecrandi
504 1374 562 1393 calices,
577 1375 647 1394 patenaS,
658 1376 674 1390 et

336 1397 353 1412 ia
368 1397 445 1417 portatilia
460 1397 507 1413 sacris
518 1397 555 1413 oleis
566 1398 585 1413 ab
599 1397 673 1417 Episcopo

336 1424 353 1436 sn
364 1420 454 1439 benedictis,
466 1421 545 1436 facultates
556 1421 603 1440 gratis
612 1423 629 1436 et
639 1421 674 1436 sine

339 1444 410 1460 mercede
417 1444 516 1463 exercenda&
525 1444 580 1464 quibus
588 1444 636 1464 possis
643 1444 672 1463 uti.

344 1467 457 1487 cuiuscumque
467 1467 567 1487 praeiudicio,
572 1467 619 1483 etiam
630 1470 672 1483 extra

342 1492 378 1506 tuae
388 1490 506 1509 commissionis,
516 1491 529 1506 si
539 1495 595 1510 magna
602 1491 625 1507 rei
632 1491 673 1507 chri—

336 1517 357 1529 iae
368 1514 426 1530 utilitas
436 1518 452 1530 ac
463 1518 521 1534 urgens
532 1514 613 1530 necessitas
624 1514 639 1530 iu
647 1519 673 1535 po-

708 209 766 224 stulare
777 208 864 227 videbitur.
876 212 908 224 non
920 210 973 224 tamen
984 208 1000 224 in
1012 208 1048 224 locis
1058 212 1082 224 ca-

708 231 802 247 tholicorum
813 232 901 251 principum
913 232 969 247 ditioni
980 232 997 247 in
1008 231 1038 247 illis
1049 236 1082 251 par-

709 255 750 271 tibus
765 255 846 274 subiectis,
858 255 887 271 nisi
903 255 940 271 illuc
950 255 969 270 ab
982 255 1040 271 eisdem
1056 255 1081 270 vel

708 282 763 294 eorum
773 278 868 294 administris
874 279 891 294 ad
903 278 918 293 id
928 278 1012 294 accersitus
1022 282 1049 294 seu
1056 278 1082 293 atl-

708 303 771 317 vocatus
781 301 837 320 tueris,
852 301 915 321 excepta
926 301 992 317 dioecesi
1003 301 1082 321 Arcbiepi—

707 325 749 344 scopi
760 325 813 341 Sancti
823 325 906 344 Dominici,
918 327 934 341 et
944 329 984 345 quae
991 325 1081 341 nullatenus

707 348 765 368 absque
775 352 848 368 expresso
859 350 912 364 nostro
923 350 938 364 et
949 348 993 364 Sedis
1002 348 1082 368 Apostolo-

708 371 751 390 licae,
763 375 791 387 seu
805 372 933 391 Cungregationis
947 376 1001 387 vener.
1015 371 1081 387 fratrum

708 397 798 411 nostrorum
809 395 825 411 S.
837 395 854 411 R.
867 395 884 410 E.
897 395 1002 411 Cardinalium
1015 395 1082 414 negotiis

707 418 815 438 Prupsgandae
822 419 864 434 Fidei
875 418 998 438 praepositorum
1009 419 1081 434 mandato

707 442 777 461 expirare
789 441 903 461 intelligantur,
911 442 1002 457 auctoritate
1013 442 1081 461 praedic>

708 467 728 483 ta,
739 465 828 480 earumdem
839 465 879 480 serie
893 465 999 485 praesentium
1010 465 1082 481 concedi-

707 492 742 503 mus
753 490 768 504 et
779 488 884 508 impertimur.

726 511 736 530 ἓ
747 511 761 526 (ι.
773 511 808 527 Non
822 511 918 527 obstantibus
934 511 1020 531 apostolicis
1034 515 1051 527 ac
1064 511 1079 527 in

707 534 822 550 universalibus
832 534 984 554 provincialibusque
993 536 1008 550 et
1016 535 1080 554 synoda-

707 557 746 573 libus
756 558 826 573 conciliis
833 558 878 573 editis
886 558 984 577 generalibus
992 557 1016 573 vel
1024 557 1080 577 specia-

706 580 746 596 libus
751 581 889 597 constitutionibus
894 583 910 597 et
916 581 1044 599 ordinationibus,
1051 585 1080 596 nec

707 608 744 623 non,
755 606 832 624 quatenus
845 608 883 624 opus
893 605 922 623 sit,
933 604 1026 624 quorumvis
1037 604 1080 620 Ordi-

706 631 751 646 num.
762 628 911 647 congregationum,
922 628 1020 647 societatum,
1031 628 1079 643 etiam

706 651 747 670 iesu,
758 653 774 667 et
785 651 899 670 institutorum,
910 651 1017 670 ecclesiarum.
1027 655 1079 673 mona-

705 675 795 693 steriorum,
802 674 923 694 provinciarum,
931 676 1045 693 conventuum.
1053 674 1080 689 do-

706 701 776 716 morum,
792 697 895 717 collegiorum
905 699 921 713 et
932 697 1002 713 locorum
1018 697 1079 717 reguia-

706 721 747 737 rium
761 725 904 740 quorumcumque,
921 721 969 736 etiam
984 721 1078 739 iuramento,

705 744 823 760 confirmatione
833 744 920 764 apostolica,
932 744 958 759 vel
968 744 1023 764 quavis
1030 744 1079 759 firmi-

706 769 736 783 tate
746 767 774 783 alia
789 767 864 783 roboiatis
877 767 939 783 statutis
954 769 970 783 et
980 767 1079 783 consuetudi-

706 791 757 809 nibus.
764 791 850 810 privilegiis
855 795 923 810 quoque.
931 790 995 806 indultis
1000 792 1016 806 et
1022 790 1078 806 litteris

705 814 797 833 apostolicis,
804 814 885 834 quibusvis
895 814 985 832 Ordinibus.
994 818 1079 833 congrega-

706 837 779 856 tionibus,
790 838 894 856 societatibus,
905 837 952 853 etiam
964 838 1003 856 lesu.
1011 839 1027 853 et
1034 837 1078 852 insti·

706 861 749 879 tutis,
760 865 777 876 ac
788 860 861 879 ecclesiis,
872 861 976 879 monasteriis,
987 860 1077 880 provinciis,

704 884 817 903 conventibus,
834 884 913 902 domibus,
929 884 998 903 collegiis
1010 886 1026 899 et
1041 883 1078 899 locis

704 907 801 927 regularibus
807 919 812 926 ‚
828 907 923 927 illorumque
940 907 1047 927 superioribus
1061 909 1078 922 et

704 931 774 950 personis
784 931 909 950 quibuscumque
919 930 948 946 sub
955 930 1036 950 quibusvis
1043 934 1078 946 ver-

704 954 761 970 borum
768 954 848 970 tenoribus
855 956 871 969 et
878 954 938 972 formis.
946 958 963 969 ac
970 958 1006 969 cum
1014 954 1077 973 quibus-

704 981 770 997 cumque
777 977 824 993 etiam
830 977 964 996 derogatoriarum
969 977 1076 996 derogator-iis.

704 1001 768 1020 aliisque
778 1000 894 1019 efficacioribus,
901 1000 1010 1016 efficacissimis
1015 1003 1031 1016 et
1036 1000 1078 1016 inso-

704 1024 735 1039 litis
750 1024 831 1043 clausulis,
843 1026 858 1039 et
869 1024 944 1043 decretis,
956 1023 972 1039 in
983 1027 1041 1043 genere
1051 1023 1076 1039 vel

704 1047 720 1063 in
730 1047 786 1067 specie,
794 1047 842 1063 etiam
856 1049 900 1063 motu
911 1047 974 1067 proprio
985 1049 1000 1063 et
1010 1047 1029 1062 de
1041 1051 1077 1067 apo-

703 1070 765 1086 stolicae
776 1070 855 1090 potestatis
864 1070 967 1090 plenitudine.
975 1074 992 1086 ac
1002 1070 1076 1086 consisto-

704 1094 762 1109 rialiter
769 1096 784 1109 et
791 1094 827 1109 alias
834 1093 949 1114 quomodolibet
957 1094 973 1109 in
980 1094 1076 1109 contrarium

704 1117 823 1137 praemissorum
828 1117 909 1136 concessis.
916 1117 1010 1133 confirmatis
1020 1119 1035 1133 et
1043 1117 1077 1137 plu<

703 1140 733 1156 ries
745 1141 828 1156 innovatis.
839 1140 898 1159 Quibus
907 1140 979 1156 omnibus
986 1142 1002 1156 et
1009 1140 1076 1160 singulis

703 1164 764 1179 etiamsi
772 1168 800 1184 pro
808 1164 871 1180 illorum
882 1164 965 1179 sufficienti
976 1163 1076 1183 derogatione

703 1187 722 1203 de
731 1187 762 1203 illis
769 1191 856 1207 eorumque
867 1187 903 1203 totis
913 1187 993 1203 tenoribus
1000 1186 1074 1207 specialis,

702 1210 777 1230 specifica,
785 1215 856 1230 expressa
864 1213 879 1226 et
887 1210 972 1229 individua.
979 1215 995 1226 ac
1002 1211 1021 1226 de
1028 1210 1075 1226 verbo

702 1234 721 1249 ad
729 1234 801 1253 verbum,
809 1237 841 1249 non
848 1236 901 1249 autem
909 1238 937 1253 per
945 1234 1021 1249 clausulas
1029 1237 1076 1253 gene-

703 1257 741 1273 rates
749 1257 790 1273 idem
798 1257 905 1277 imponantes,
911 1257 971 1273 mentio
978 1261 1005 1273 seu
1013 1257 1076 1277 quaevis

702 1281 730 1296 alia
743 1281 821 1300 expressio
830 1280 904 1299 habenda,
915 1282 942 1296 aut
950 1280 999 1300 aliqua
1010 1280 1039 1296 alia
1049 1284 1075 1296 ex·

702 1304 758 1324 quisita
764 1304 812 1319 [orma
819 1303 836 1319 ad
844 1304 873 1320 boc
879 1304 954 1320 servanda
961 1303 1006 1322 toret,
1013 1304 1075 1319 illorum

702 1329 765 1343 tenores
776 1327 871 1346 huiusmodi.
879 1331 896 1343 ac
905 1327 918 1343 si
928 1327 947 1343 de
954 1327 1004 1343 verbo
1010 1327 1028 1343 ad
1041 1331 1075 1342 ver-

702 1351 740 1366 bum
750 1350 790 1366 nihil
797 1351 859 1370 penitus
869 1350 928 1366 omisso
938 1352 954 1366 et
964 1350 1013 1366 forma
1021 1350 1037 1366 in
1046 1350 1075 1366 illis

702 1374 757 1390 tradita
768 1374 847 1389 observata
855 1374 983 1393 exprimerentur
991 1376 1008 1389 et
1018 1374 1076 1389 insere—

702 1399 763 1416 rentur,
771 1397 878 1417 pramentibus
888 1401 916 1417 pro
922 1397 967 1417 plene
975 1399 991 1412 et
998 1397 1075 1412 sufficien-

702 1422 727 1436 ter
733 1421 809 1440 expressis
816 1423 832 1437 et
840 1421 902 1436 insertis
912 1420 992 1440 babentes,
1001 1420 1031 1436 illis
1039 1420 1075 1436 alias

701 1444 718 1459 in
728 1448 757 1460 suc
767 1444 823 1460 robore
833 1444 944 1464 permansuris,
955 1444 973 1459 ad
984 1444 1074 1464 praemisso-

702 1471 738 1482 rum
748 1467 827 1486 eflectum,
839 1467 866 1483 bac
876 1467 910 1483 vice
920 1467 1005 1486 dumtaxat,
1018 1467 1075 1487 specia-

701 1490 738 1506 liter
742 1493 758 1506 ει
765 1495 837 1511 expresse
842 1491 941 1510 derogamus,
947 1490 1033 1510 ceterisque
1039 1494 1075 1506 con-

702 1514 753 1529 trariis
763 1514 893 1534 quibuscumque.

1098 173 1125 187 An.
1133 174 1148 187 C.
1161 174 1199 187 172⁶

1101 514 1175 526 contrariis
1181 514 1202 525 ‹1⁹-

1089 529 1130 541 munt,
