4866 6980
108 552 158 609 Ab.
172 555 202 610 C.
226 516 304 612 1683,

372 701 554 768 Tridentini
577 702 840 789 derogatoribus
866 712 1074 776 reclcotonti·

368 793 426 858 bus
437 798 591 862 aduersus
603 817 712 863 eornm
727 806 954 883 professionem
968 807 1073 884 otopso

366 890 584 968 quinquennio
605 892 660 970 (l).

492 1063 746 1134 ruuoceuuus
770 1068 829 1134 rr.
855 1069 901 1136 u.
998 1044 1001 1050 ’

464 1187 929 1259 mmmmmmm

120 1367 216 1423 Senties
233 1369 303 1416 tacti.
363 1366 383 1440 5
406 1363 433 1425 l.
457 1364 564 1445 Nuper
584 1383 639 1446 pro
660 1376 747 1446 parte
774 1369 878 1432 dilecti
901 1369 955 1430 ulii
977 1370 1072 1431 Fran-

322 1457 392 1520 cisoi
408 1457 446 1520 dc
460 1459 605 1523 Rusellon
619 1463 826 1540 procuratoris
846 1462 997 1539 generalis
1012 1461 1072 1523 fra·

324 1559 407 1614 trum
436 1553 593 1617 llinorum
625 1553 746 1618 Ordinis
778 1555 881 1620 Sancti
916 1554 1070 1617 Francisci

322 1647 360 1707 de
378 1645 579 1710 observanda
593 1657 845 1728 nuncupatorum
860 1650 892 1711 in
908 1647 1001 1712 lndiis
1016 1648 1069 1713 Oe·

322 1741 522 1805 cidentalibus
546 1741 728 1818 degentium
756 1743 996 1819 congregationi
1019 1758 1070 1803 ve·

322 1835 507 1898 nerabilium
540 1835 670 1898 fratrum
703 1845 885 1899 nostrorum
915 1837 945 1900 S.
969 1836 1004 1898 R.
1031 1837 1065 1898 E.

322 1927 533 1991 Cardiualium
555 1929 684 1993 consilii
717 1930 892 1992 Tridentini
918 1930 1068 2009 iuterpre-

321 2027 389 2082 tum
417 2023 574 2100 exposito,
598 2023 698 2100 quod,
722 2023 863 2101 quamuis
889 2023 997 2100 vigore
1018 2025 1069 2086 de-

267 2165 271 2170 .
320 2121 476 2176 cretosum
499 2116 571 2178 dicti
587 2115 729 2191 concilii,
745 2131 817 2176 sess.
842 2131 1065 2192 xxv.,e.x1x.,

320 2206 365 2270 Oc
386 2207 604 2288 regularibus,
627 2209 763 2287 religiosi
784 2211 1022 2288 praetendentes
1036 2227 1068 2272 se

320 2302 543 2381 professionem
559 2303 697 2366 emisisse
708 2319 763 2382 per
774 2303 851 2378 vim,
864 2310 917 2364 aut
931 2311 1002 2364 aute
1017 2303 1069 2365 de-

319 2395 416 2457 bitam
438 2403 587 2471 aetatem,
610 2405 662 2458 aut
688 2398 815 2458 demum
841 2413 880 2459 ex
901 2395 958 2456 alid
979 2395 1067 2457 causi

319 2488 542 2567 professionem
570 2490 730 2564 irritante,
754 2505 817 2550 non
839 2490 902 2550 siut
923 2487 1067 2550 audiendi

318 2581 379 2642 uisi
401 2583 484 2644 intra
505 2583 789 2660 quinquenniuma
805 2581 854 2644 die
866 2581 1066 2660 professionis

320 2677 574 2754 computandum,
598 2675 804 2737 nihilominus
826 2676 859 2738 iu
888 2691 985 2752 regno
1012 2673 1065 2734 Pe-

318 2783 416 2830 ruano
437 2769 611 2832 invaluerat
633 2771 707 2830 baec
732 2768 917 2847 corruptela,
940 2783 995 2828 seu
1015 2767 1065 2828 ab·

319 2877 403 2937 usus,
427 2870 463 2924 ut
487 2861 579 2924 etiam
604 2861 686 2941 lapso
714 2862 931 2941 quinquennio
953 2861 1064 2938 passim

317 2953 511 3029 audirentur,
537 2957 701 3032 signanter
720 2971 794 3016 uero
816 2953 953 3030 religiosi
978 2969 1065 3030 prae-

316 3045 369 3107 fati
391 3047 524 3122 Ordinis,
547 3049 631 3110 inter
651 3063 739 3127 quos,
762 3048 799 3109 ab
813 3063 894 3108 auno
910 3060 1060 3108 uoecxrv.

315 3139 401 3217 citra,
425 3142 624 3204 obtinuerant
645 3141 791 3203 declarari
813 3140 930 3202 nullam
953 3155 1063 3202 eorum

315 3233 537 3310 professionem
558 3233 668 3296 fratres
683 3249 755 3294 mox
767 3234 959 3307 recensendi,
976 3249 1061 3294 nem-

314 3343 350 3406 pe
373 3327 476 3389 dilecti
499 3327 554 3389 lllii
576 3327 684 3389 Petrus
706 3327 816 3401 blerca,
833 3333 986 3388 trausacto
1001 3327 1062 3388 iam

313 3421 529 3500 quinquennio
561 3435 634 3482 suae
661 3420 873 3500 professionis,
897 3420 955 3482 sub
976 3434 1062 3499 prae-

314 3521 401 3576 textu
433 3515 514 3594 quod
540 3515 672 3592 quadam
703 3515 884 3576 infirmitate
913 3513 1060 3575 habituali

313 3605 476 3682 laboraret,
492 3605 634 3668 Nicolaus
649 3607 835 3684 llodriguez,
852 3608 1059 3670 decimoctauo

311 3715 384 3761 suae
404 3699 601 3777 professionis
623 3716 716 3775 anuo,
735 3715 807 3762 cum
828 3699 988 3776 allegasset
1002 3699 1058 3760 sibi

310 3807 327 3852 a
348 3800 448 3855 matre
469 3793 629 3855 incussum
654 3801 794 3868 metum,
821 3793 1000 3854 Franciscus
1021 3793 1059 3854 de

309 3875 419 3959 Quiros
439 3903 513 3948 suae
527 3885 725 3965 professionis
740 3899 822 3946 anno
836 3883 1057 3958 decimosexto,

309 3978 485 4056 Alpbonsus
505 3979 657 4054 Quintana
684 3977 880 4058 professionis
907 3993 989 4040 auno
1011 3977 1056 4038 vi-

309 4072 438 4149 gesimo,
456 4078 486 4134 et
508 4073 637 4136 Oidacus
655 4071 693 4134 de
714 4072 825 4134 Torres
848 4071 941 4147 louge
955 4069 1057 4148 elapso

308 4165 538 4244 quinquennio,
554 4180 627 4228 cum
648 4165 848 4228 deduxissent
867 4163 924 4225 sibi
940 4162 1056 4224 illatam

308 4258 374 4320 uina
389 4276 404 4320 a
419 4260 615 4338 parentibus,
638 4267 669 4320 et
683 4259 716 4320 in
735 4257 842 4320 eidem
863 4256 1056 4335 expositione

307 4351 484 4429 subiuncto,
501 4355 581 4432 quod
596 4355 634 4415 de
649 4351 801 4430 praesenti
822 4350 978 4412 instabant
999 4365 1055 4427 pro

307 4445 402 4506 simili
424 4447 629 4508 declaratione
654 4445 758 4506 dilecti
779 4445 873 4506 etiam
901 4443 957 4504 tilii
978 4443 1055 4504 blar-

306 4537 402 4601 cellus
414 4540 528 4619 Crespo
539 4538 663 4600 actualis
677 4544 790 4612 custos,
804 4535 1053 4598 Bartholomaeus

306 4631 417 4694 Tibero
439 4647 522 4694 auno
537 4631 786 4708 trigesimosexto
806 4645 880 4692 suae
893 4627 1055 4707 professio-

307 4722 366 4800 nis,
389 4723 523 4788 isidorus
543 4723 581 4785 de
608 4723 738 4802 Zepedef
764 4737 846 4784 anno
871 4721 1050 4798 trigesimo,

305 4816 484 4880 Franciscus
505 4816 673 4894 llagaburu
694 4831 777 4878 anno
791 4815 1053 4892 vigesimosecun-

305 4909 355 4984 do,
378 4927 411 4972 ac
442 4909 571 4973 demum
602 4909 757 4972 Antonius
783 4910 821 4971 de
848 4909 994 4986 llequena
1021 4915 1051 4970 et

304 5001 484 5064 Franciscus
505 5003 543 5065 de
558 5002 585 5063 la
599 5001 671 5077 Rea,
695 5001 862 5081 pluresque
876 5000 927 5062 alii
941 4999 1051 5062 fratres

304 5111 447 5174 expresse
477 5093 605 5174 professi
633 5095 755 5158 Ordinis
782 5093 946 5172 praedicti3
976 5109 1052 5171 quo·

304 5189 388 5250 niam
409 5205 485 5253 vero
505 5190 679 5268 plurimum
706 5187 895 5264 religionum
921 5187 1050 5248 interest

303 5285 458 5361 omnium,
472 5301 511 5346 ue
532 5283 589 5360 illi,
612 5283 665 5362 qui
681 5283 724 5343 eis
745 5295 862 5345 nomeu
884 5279 1048 5355 dederunt,

304 5387 367 5443 tam
389 5379 510 5441 facilem
531 5380 685 5440 exituma
707 5375 858 5452 religione
873 5373 1048 5448 inueniant,

302 5488 357 5551 pro
378 5483 464 5553 parte
478 5472 552 5535 dicti
566 5471 720 5534 Truncisci
741 5469 948 5548 procuratoris
963 5483 1047 5546 prae·

302 5565 380 5629 latae
392 5565 632 5644 congregationi
644 5561 856 5626 cardinalium
866 5560 1046 5640 supplicato,

301 5667 454 5739 qnatenus
479 5659 660 5722 decerneret
681 5665 717 5720 ut
738 5657 771 5718 iu
797 5663 956 5736 posterum
978 5653 1049 5716 nul·

301 5753 422 5818 latenus
452 5753 618 5816 audiantur
647 5767 702 5814 seu
724 5751 928 5813 admittantur
949 5756 1046 5810 trans-

340 5981 371 6037 (1)
386 5977 424 6024 Ex
438 5981 541 6035 Regest.
558 5978 586 6024 in
600 5975 675 6022 urob.
691 5975 763 6020 Brev.

406 6105 459 6175 intr.
473 6103 545 6152 root.
560 6103 591 6150 de
607 6103 681 6162 Prop.
695 6097 758 6149 Fide
772 6057 854 6146 Partis
869 6095 888 6144 1.
902 6094 957 6144 vol.
972 6093 1003 6141 u.

966 593 1174 644 tnnucltn'rtus
1197 599 1240 646 xl,

1817 585 1856 650 co
1907 587 1960 642 un.
1975 593 2005 644 c.
2028 588 2095 644 mee

1128 723 1195 779 acto
1221 719 1454 797 quinquennio,
1478 721 1537 782 nisi
1565 721 1691 784 obtenti
1718 725 1802 802 prius
1840 725 1877 785 ab

1128 809 1184 872 bac
1203 813 1307 873 sancta
1329 813 1406 876 Sede
1428 813 1460 875 in
1484 814 1644 892 integrum
1666 817 1874 891 restitutione,

1128 919 1162 964 ac
1182 910 1304 966 retento
1325 904 1489 981 religionis
1510 906 1632 970 habitu:
1657 909 1813 972 emanarit
1838 912 1876 972 ab

1128 997 1235 1060 eidem
1257 999 1505 1075 congregatione
1534 1001 1743 1065 cardinalium
1771 1003 1875 1065 deere-

1130 1096 1195 1152 tum
1218 1091 1334 1153 tenoris
1355 1093 1408 1170 qui
1429 1093 1581 1171 sequitur,
1604 1094 1761 1156 videlicet:
1787 1095 1875 1158 «Die

1129 1199 1240 1246 xxvrn.
1265 1185 1390 1262 augusti
1412 1201 1613 1248 uocuxxxuu.
1630 1203 1713 1248 sacra
1735 1189 1873 1264 congre-

1127 1277 1209 1352 gatio
1230 1277 1552 1341 eminentissimorum
1574 1280 1604 1343 S.
1620 1281 1654 1342 u.
1672 1283 1705 1343 ll.
1731 1283 1875 1346 Cardine·

1126 1368 1203 1432 lium
1224 1371 1354 1434 concilii
1376 1371 1550 1434 Tridentini
1572 1375 1780 1454 interpretum
1802 1391 1872 1437 een-

1125 1463 1187 1524 suit
1207 1465 1390 1526 servandam
1404 1481 1471 1526 esse
1485 1463 1719 1544 dispositionem
1733 1468 1873 1530 eiusdem

1125 1556 1202 1618 sacri
1224 1557 1364 1632 concilii,
1380 1573 1445 1635 cap.
1470 1573 1550 1634 xxx,
1566 1574 1639 1620 sess.
1664 1575 1752 1636 xxv.,
1766 1559 1810 1620 lto
1827 1579 1874 1622 ro-

1125 1647 1307 1727 puteribns,
1324 1657 1355 1711 et
1369 1650 1499 1729 proinde
1520 1653 1763 1730 iniungendum,
1780 1663 1872 1733 prout

1125 1743 1240 1805 decreti
1255 1745 1424 1822 praesentis
1446 1752 1555 1807 tenore
1570 1747 1707 1810 districte
1721 1747 1870 1824 iniungit,

1125 1836 1270 1898 omnibus
1281 1836 1449 1900 Ordinariis
1465 1837 1604 1902 locorum
1619 1841 1709 1916 regni
1726 1841 1869 1916 Poruani,

1124 1937 1277 2007 quatenus
1299 1931 1530 2009 dispositionem
1553 1932 1720 2012 praelatam
1742 1935 1871 1996 omuino

1123 2030 1261 2084 servent.
1273 2055 1310 2068 -
1325 2025 1357 2085 F.
1384 2024 1552 2087 cardinalis
1568 2025 1722 2088 couunun
1736 2026 1871 2104 praefec-

1125 2121 1184 2176 tus.
1210 2118 1244 2178 n.
1270 2118 1433 2180 deuterus
1454 2119 1681 2180 secretarius».

1163 2211 1230 2283 §2-
1262 2211 1341 2273 cum
1373 2218 1498 2288 autem,
1531 2211 1611 2273 sicut
1636 2212 1719 2274 idem
1746 2213 1870 2276 Franci·
1911 2220 2101 2282 nrooesproou.

1122 2320 1192 2365 scus
1212 2310 1392 2380 procurator
1420 2304 1508 2366 nobis
1535 2304 1667 2366 subinde
1693 2307 1805 2384 exponi
1827 2306 1871 2366 fo-
1888 2277 2101 2374 ii²s²iii⁵sr¹l⁰n¹l⁰ffiss

1123 2397 1180 2470 eit,
1214 2398 1277 2474 ipse
1309 2398 1469 2459 decretum
1498 2398 1696 2472 huiusmodi,
1726 2415 1788 2475 quo
1817 2399 1868 2460 fir·
1887 2389 1980 2478 ξξῖξὲῗῖ
1997 2380 2101 2481 ἓῖἒῆἓῖε

1123 2492 1204 2552 mius
1230 2490 1373 2552 subsistat
1395 2497 1426 2551 et
1452 2498 1597 2552 seruetur
1623 2492 1775 2566 exactius,
1799 2507 1870 2569 apo·
1886 2485 1980 2584 32¹⁰&
1993 2489 2100 2586 aposta

1121 2583 1245 2645 stolicae
1286 2583 1529 2646 confirmationis
1571 2592 1693 2644 nostrae
1733 2586 1868 2661 patroci—
1887 2591 1998 2689 {prosatio
2015 2553 2100 2642 1³33ss-

1122 2677 1173 2738 nio
1195 2677 1384 2740 communiri
1406 2676 1578 2754 plurimum
1599 2677 1767 2739 desideret:
1798 2694 1865 2752 nos,
1904 2655 1946 2691 ω’

1122 2769 1215 2848 ipsius
1236 2770 1387 2846 Francisci
1416 2771 1623 2847 procuratoris
1649 2770 1729 2831 votis
1757 2771 1812 2833 liae
1834 2773 1866 2834 in

1120 2879 1164 2937 re,
1182 2871 1332 2940 quantum
1354 2877 1425 2925 cum
1447 2863 1579 2924 Domino
1594 2879 1768 2941 possumus,
1784 2863 1866 2925 favo-

1120 2956 1257 3018 rabiliter
1273 2971 1413 3018 anuuere
1434 2955 1585 3030 volentes,
1604 2972 1741 3034 eumque
1761 2975 1777 3018 a
1799 2957 1866 3036 qui·

1119 3048 1223 3110 busvis
1245 3048 1585 3123 excommunicationis,
1608 3049 1819 3128 suspensionis
1834 3059 1865 3112 et

1119 3141 1283 3216 interdicti,
1308 3141 1436 3218 aliisque
1456 3141 1666 3204 ecclesiasticis
1687 3143 1863 3216 sententiis,

1117 3234 1256 3296 censuris
1278 3242 1309 3295 et
1329 3234 1478 3312 poenis,a
1504 3235 1572 3295 iure
1593 3234 1644 3295 vel
1665 3235 1702 3295 ab
1724 3235 1862 3309 bomine,

1117 3329 1224 3408 quavis
1246 3329 1403 3390 occasione
1424 3327 1475 3388 uel
1496 3329 1585 3390 cause
1607 3327 1686 3401 latis,
1703 3329 1727 3388 si
1749 3329 1862 3406 quibus
1901 3373 1903 3378 .

1117 3422 1348 3502 quomodolibet
1379 3423 1544 3484 innodatus
1566 3422 1687 3495 existit,
1716 3423 1863 3484 adeffec-

1116 3525 1184 3580 tum
1196 3516 1407 3595 praesentium
1422 3517 1581 3578 dumtaxat
1595 3511 1859 3594 consequendum,

1116 3611 1227 3673 barum
1246 3609 1327 3672 serie
1348 3607 1542 3672 absolventes
1557 3616 1587 3670 et
1603 3607 1782 3672 absolutum
1797 3608 1862 3670 lore

1113 3711 1292 3778 censentes,
1324 3701 1599 3780 supplicationibus
1630 3701 1696 3763 eius
1731 3701 1861 3762 nomine
1890 3773 1892 3776 .

1114 3797 1201 3858 nobis
1222 3812 1315 3874 super
1336 3796 1393 3857 boc
1415 3793 1577 3858 humiliter
1601 3793 1751 3871 porrectis
1773 3793 1861 3855 incli-

1113 3890 1187 3964 nati,
1217 3890 1375 3951 decretum
1403 3888 1646 3966 praelusertum,
1679 3886 1859 3948 auctoritate

1112 3983 1284 4062 apostolice,
1299 3990 1407 4044 tenore
1421 3980 1643 4059 praesentium,
1656 3980 1860 4058 approbamus

1111 4081 1141 4137 et
1168 4077 1407 4149 confirmamus,
1436 4074 1544 4152 illique
1575 4072 1761 4136 inviolabilis
1789 4089 1858 4150 apo·

1109 4169 1234 4231 stolicae
1265 4169 1418 4230 firmitatis
1448 4167 1543 4228 robur
1573 4165 1750 4230 adiicimus:
1774 4165 1857 4236 salve

1112 4269 1215 4322 temen
1225 4275 1348 4339 semper
1363 4261 1395 4322 in
1407 4259 1580 4338 praemissis
1596 4259 1778 4320 auctoritate
1792 4274 1857 4320 me-

1110 4363 1246 4416 moratae
1267 4352 1527 4430 cougregatiouis
1553 4349 1773 4414 cardinalium.
1824 4393 1830 4402 ι

1147 4447 1166 4521 ἓ
1187 4447 1214 4507 3.
1236 4447 1445 4508 Deceruentes
1466 4445 1588 4506 easdem
1610 4451 1786 4522 praesentes
1808 4441 1858 4504 lit-

1108 4548 1187 4602 teras
1217 4556 1340 4619 semper
1363 4539 1483 4612 firmas,
1514 4537 1627 4600 validas
1661 4545 1693 4598 ot
1720 4536 1856 4598 efficaces

1107 4633 1239 4695 existere
1259 4639 1291 4694 et
1318 4632 1395 4706 fore,
1417 4646 1551 4708 suosque
1581 4629 1735 4708 plenarios
1757 4637 1788 4692 et
1809 4630 1855 4692 in-

1109 4733 1210 4804 tegros
1237 4725 1363 4788 eftectus
1388 4723 1493 4786 sortiri
1520 4730 1551 4784 et
1579 4723 1735 4797 obtinere,
1765 4740 1799 4784 ac
1821 4723 1855 4784 il-

1106 4819 1154 4895 lis,
1170 4821 1206 4882 ad
1227 4835 1305 4897 quos
1325 4823 1439 4896 spectat
1454 4823 1485 4878 et
1500 4832 1556 4898 pro
1577 4824 1719 4893 tempore
1739 4822 1855 4894 specta·

1107 4913 1163 4988 bit,
1185 4911 1408 4975 iuviolabiliter
1422 4909 1590 4984 obseruari,
1603 4909 1706 4986 sicque
1722 4909 1754 4970 iu
1770 4925 1854 4987 prae-

1106 5005 1206 5066 missis
1232 5021 1286 5082 per
1308 5017 1520 5082 quoscumque
1541 5000 1657 5062 iudices
1683 5001 1853 5062 ordinarios

1105 5105 1135 5158 et
1157 5097 1323 5173 delegatos
1346 5097 1440 5158 etiam
1464 5109 1626 5158 causarum
1648 5092 1751 5172 palatii
1783 5109 1853 5171 apo-

1103 5189 1203 5252 stolici
1217 5189 1384 5264 auditores,
1397 5187 1527 5250 iudicari
1542 5195 1574 5249 et
1588 5185 1712 5248 definiri
1727 5185 1850 5259 debere,

1104 5300 1136 5344 ac
1147 5284 1275 5345 irritum
1290 5289 1321 5344 et
1335 5281 1429 5344 inane
1442 5281 1467 5342 si
1483 5297 1570 5344 secus
1584 5295 1678 5357 super
1694 5277 1731 5338 iis
1746 5295 1761 5337 a
1776 5294 1853 5355 quo-

1103 5392 1208 5454 quam,
1224 5375 1331 5454 quauis
1346 5373 1538 5445 auctoritate,
1555 5372 1687 5434 scienter
1699 5369 1749 5432 vel
1764 5370 1851 5446 igno.-

1104 5476 1219 5543 ranter,
1244 5467 1411 5543 contigerit
1436 5465 1591 5528 attentari.
2096 5521 2100 5530 ,

1141 5563 1210 5637 §ln
1234 5560 1304 5622 Nou
1326 5559 1518 5622 obstantibus
1537 5557 1710 5637 praemissis
1725 5573 1757 5619 ac
1779 5572 1849 5618 cou·
1918 5572 2083 5621 cesennam

1100 5655 1314 5717 stitutiouibus
1336 5661 1366 5715 et
1394 5651 1640 5716 ordinationibus
1665 5649 1849 5729 apostolicis,
1870 5627 1986 5672 ¹⁰m⁰t¹⁰'

1101 5747 1274 5826 ceterisque
1294 5747 1455 5810 contrariis
1477 5745 1735 5824 quibuscumque.
1812 5815 1814 5820 Α

1906 4456 2047 4504 clausulae.
