4836 6998
123 555 178 608 Au.
193 558 223 610 O.
246 559 313 610 1732

1006 577 1147 622 caumatis
1169 575 1225 621 xli.

344 693 441 756 sitatis
470 693 560 756 laude
581 693 755 772 fulgentes,
779 696 811 758 in
832 693 959 758 salutari
980 709 1089 758 eorum

344 785 470 848 risendi
482 787 590 848 norma
602 788 801 866 regularique
812 787 1007 850 observantia
1018 803 1092 872 con·-

344 877 451 941 fovere
470 887 563 958 atque
584 896 767 942 conservare
788 881 873 944 omni
895 880 997 944 studio
1019 895 1089 942 con·

344 971 497 1049 nitimur;
528 989 561 1035 ac
588 973 718 1050 proinde
739 990 791 1048 ea,
820 989 899 1052 quae
925 987 981 1051 pro
1009 971 1088 1034 felici

344 1081 551 1144 prosperoque
573 1065 700 1128 illorum
720 1067 874 1144 regimine
888 1073 919 1128 et
939 1066 1089 1142 gubernio

342 1159 471 1236 provide
485 1158 718 1238 prudenterque
733 1159 808 1221 facta
822 1177 855 1221 ac
870 1160 1007 1222 ordinata
1023 1173 1089 1220 esse

343 1259 526 1326 noscuntur,
540 1260 576 1313 ut
596 1258 763 1314 serventur
784 1253 921 1315 exactius
936 1259 966 1314 11
978 1267 1089 1330 peren·

344 1344 378 1406 ni
399 1343 551 1406 soliditate
572 1345 750 1423 persistant,
767 1345 924 1424 apostolici
939 1344 1090 1408 munimi-

343 1437 391 1496 nis
412 1437 583 1513 patrocinio
604 1437 749 1512 libenter,
772 1454 843 1501 cum
866 1455 882 1498 a
904 1439 991 1501 nobis
1012 1439 1088 1517 peti-

342 1535 406 1602 tur,
429 1530 681 1604 corroboramus,
703 1531 784 1594 sicut
804 1534 840 1596 ad
865 1533 1088 1610 omnipotentis

342 1622 395 1682 Dei
418 1621 560 1697 gloriam,
584 1623 743 1700 religionis
758 1625 944 1702 piorumque
958 1641 1086 1703 operum

342 1715 587 1790 incrementum,
604 1723 635 1777 et
649 1718 826 1780 animarum
837 1717 970 1780 selutem
983 1719 1014 1781 in
1031 1719 1087 1780 Do-

342 1809 430 1870 mino
451 1810 598 1887 expedire
619 1811 815 1872 arbitramur.

167 1913 321 1962 instructum
380 1902 442 1977 gl.
465 1902 546 1964 illias
566 1902 719 1982 siquidem
741 1903 837 1966 felicis
865 1904 1086 1968 recordationis

105 1965 215 2065 fflffl,
228 1977 322 2066 {¹⁰3ssss
341 1996 487 2059 Clemens
508 1995 564 2057 PP.
589 1997 641 2058 xl.
664 1996 879 2076 praedecessor
907 2005 1013 2058 noster
1034 2013 1085 2060 an·

105 2077 196 2117 mente
224 2075 263 2118 Xl.
293 2075 320 2120 iu

105 2125 201 2224 1111131111
228 2138 321 2174 avoca·

340 2088 547 2166 tiquissimum
572 2091 795 2152 monachorum
817 2089 1017 2152 orientalium
1039 2090 1085 2151 in·

339 2181 486 2244 stitutum
501 2197 517 2241 1
532 2179 604 2242 diro
626 2181 761 2244 Antonio
777 2181 892 2244 'Abbate
906 2182 1083 2257 fundatum,

339 2289 372 2336 ao
392 2275 430 2336 ab
444 2275 511 2336 cius
526 2273 682 2352 discipulis
697 2275 729 2336 in
745 2275 889 2352 AEgypto,
903 2275 990 2354 Syria
1005 2276 1084 2337 aliis-

339 2382 400 2444 que
421 2367 555 2430 Orientis
577 2367 755 2444 regionibus
771 2375 984 2446 propagatum,
1001 2384 1086 2431 sum-

339 2474 390 2519 mo
404 2473 528 2537 semper
543 2460 574 2520 in
591 2463 709 2521 bonore
727 2461 865 2522 asanctis
881 2461 1017 2538 patribus
1032 2475 1083 2538 ge·

339 2551 559 2629 naualibusque
577 2552 714 2614 conciliis
727 2552 867 2614 habitum
878 2569 911 2636 ac
927 2555 1084 2630 perpetuis

339 2643 478 2706 laudibus
493 2644 693 2719 celebratum,
707 2660 801 2723 prope
816 2645 976 2707 ecclesiam
993 2646 1085 2709 Sanc-

338 2743 442 2797 torum
464 2737 546 2798 Petri
561 2745 592 2798 et
607 2737 777 2805 Marcellini
791 2737 829 2799 de
844 2737 936 2812 Urbe,
951 2740 1084 2801 euocatis

337 2830 372 2890 ad
394 2829 453 2889 hoc
469 2845 487 2889 1
503 2829 590 2907 Syria
612 2829 750 2892 eiusdem
773 2831 909 2892 instituti
926 2832 1083 2893 monacbis

337 2921 423 2998 Syris
445 2923 620 2998 Maronitis,
643 2923 864 2986 stabiliendum
889 2926 1019 2986 curarit.
1044 2925 1081 2987 m

336 3015 407 3090 quia
429 3015 589 3076 monastici
618 3015 702 3078 illius
723 3017 846 3079 Ordinis
870 3017 990 3079 diversa
1010 3025 1082 3080 sunt

336 3109 414 3184 apud
437 3107 518 3186 ipsos
533 3108 697 3169 Maronitas
711 3109 870 3184 coenobia,
886 3125 944 3172 nec
957 3125 1020 3171 una
1034 3125 1082 3172 ea·

335 3199 468 3276 demque
490 3200 522 3260 in
545 3200 689 3262 omnibus
715 3201 801 3278 viget
824 3201 969 3277 gubernii
991 3203 1080 3276 ratio,

337 3297 443 3368 utpote
471 3307 605 3369 quorum
633 3293 735 3370 aliqua
756 3311 772 3354 1
794 3309 827 3354 11
855 3294 989 3356 invicem
1017 3309 1080 3356 non

336 3384 490 3460 pendent,
512 3386 564 3446 sed
587 3388 835 3464 unumquodque
855 3388 1080 3449 monasterium

334 3493 351 3536 a
372 3477 495 3554 proprio
518 3477 557 3537 ita
574 3477 695 3553 regitur
715 3477 832 3552 abbate,
849 3487 884 3540 ut
899 3479 983 3540 nulla
998 3480 1080 3541 inter

333 3569 485 3630 eiusmodi
507 3569 628 3630 abbates
643 3577 750 3632 mutua
766 3557 917 3634 connexio
938 3573 1080 3651 aliquave

333 3660 481 3722 subiectio
503 3661 691 3738 intercedam
714 3662 770 3724 alia
792 3679 865 3725 vero
888 3665 919 3726 in
943 3667 1079 3743 Congre-

334 3755 491 3830 gationem
511 3757 644 3831 redacta,
668 3774 700 3818 ao
720 3758 778 3820 sub
796 3759 965 3821 directione
986 3763 1079 3822 unius

333 3847 448 3909 abbatis
466 3849 630 3924 generalis,
646 3850 700 3928 qui
715 3859 872 3929 umquam
887 3861 978 3930 caput
993 3869 1080 3932 prae·

333 3943 378 4002 est
400 3943 545 4004 omnibus
573 3943 667 4022 ipsius
689 3945 945 4022 congregationis
972 3965 1078 4010 mona·

331 4035 433 4095 steriis
453 4035 614 4098 inferiores
637 4039 729 4099 etiam
751 4039 873 4101 abbates
894 4041 1077 4104 habentibus

331 4128 516 4189 constitutae
534 4129 752 4208 reperiuntur3
776 4133 950 4211 duplexque
974 4135 1076 4212 1181-

332 4219 376 4280 ria
397 4219 551 4282 dictorum
567 4225 790 4286 monachorum
806 4233 888 4286 extat
903 4225 1078 4303 Congrege-

331 4311 390 4373 tio:
414 4313 507 4375 altera
534 4316 691 4394 antiquior
712 4333 746 4379 ac
771 4316 975 4395 frequentior,
997 4335 1077 4397 quae

331 4403 363 4465 in
384 4407 573 4468 monasterio
594 4407 626 4472 S.
652 4409 760 4470 Elisaei
783 4411 910 4471 initium
932 4413 1075 4490 sumpsit,

329 4513 363 4560 ac
384 4499 496 4561 Montis
518 4501 624 4562 libani
640 4502 768 4578 dicitur;
791 4503 885 4564 altera
907 4505 1075 4579 recentior,

329 4685 476 4746 coenobio
491 4686 543 4748 ubi
561 4688 659 4765 coepit
672 4689 703 4751 S.
717 4687 809 4750 isaiae
831 4705 946 4750 nomen
970 4691 1072 4751 trabit:

328 4779 522 4840 venerabiles
543 4779 652 4842 iratres
674 4781 751 4842 Sil.
765 4782 799 4842 E.
824 4781 1000 4844 cardinales
1021 4799 1076 4844 ne-

330 4869 420 4944 gotiis
442 4871 658 4949 propagandae
679 4873 765 4936 Fidei
788 4875 965 4952 praepositi,
981 4876 1076 4954 probe

327 4962 558 5025 considerantes
579 4967 856 5045 111111111111111,
874 4969 905 5028 in
921 4977 1076 5030 monaste-

237 5162 238 5166 *
324 5177 410 5224 chaeli
424 5177 561 5236 1111111111,
574 5181 790 5238 congregationis
800 5182 879 5230 istius
889 5184 984 5230 Abbati
993 5187 1071 5230 Gene-

324 5247 384 5302 rali‚
398 5257 414 5292 a
428 5247 503 5293 nobis
524 5252 646 5293 amanter
666 5255 780 5307 excepto,
797 5252 914 5308 paternis
929 5251 1016 5298 verbis
1030 5263 1071 5297 ex-

324 5312 474 5370 pressimus.
490 5316 558 5360 llaec
572 5315 629 5371 ipsa
638 5319 728 5362 autem
738 5318 887 5374 pontificiae
898 5318 1070 5376 benignitatis

323 5380 442 5427 studiosa
456 5381 578 5427 voluntas
592 5383 625 5428 ad
639 5395 729 5429 omnes
743 5396 790 5430 nos
802 5387 1013 5444 opportunitates
1027 5388 1070 5432 ad·

322 5446 435 5503 vigilare
449 5447 552 5503 suadet,
566 5459 613 5505 per
626 5461 691 5506 quas
706 5451 843 5508 religionis
859 5455 885 5498 et
897 5453 1005 5510 pietatis
1015 5453 1070 5500 111-

322 5514 367 5560 das
382 5513 409 5560 in
423 5517 512 5560 restro
532 5515 659 5562 instituto
672 5521 791 5564 crescam
809 5523 835 5564 11
849 5523 1006 5576 augeantur.
1022 5524 1069 5566 Re

321 5581 398 5638 graias
412 5584 551 5639 propterea
566 5586 593 5628 et
606 5583 807 5630 constitutiones
819 5597 866 5642 per
876 5585 979 5643 aliquot
988 5599 1018 5632 ex
1029 5599 1069 5632 ve-

321 5647 483 5694 nerabilibus
497 5649 624 5694 fratribus
643 5651 742 5697 nostris
757 5654 780 5696 S.
796 5654 825 5696 R.
841 5653 868 5697 lt.
884 5653 1067 5700 cardinalibus

321 5717 426 5760 rnature
446 5715 625 5762 consideratas
647 5719 674 5762 11
694 5729 819 5774 expensas
840 5720 1001 5766 auctoritato
1025 5733 1069 5766 uo·

321 5783 386 5838 stra,
400 5781 494 5828 alteris
508 5783 607 5829 nostris
622 5783 649 5828 in
668 5784 751 5829 simili
765 5785 849 5831 forma
868 5785 953 5832 brevis
968 5787 1067 5833 litteris

320 5849 437 5903 insertis,
446 5849 566 5906 precibus
576 5851 671 5897 restria
684 5853 830 5898 annuentes
842 5852 1065 5900 confirmavimus.

320 5918 386 5962 Fore
406 5920 497 5963 autem
515 5917 680 5974 confidimus,
695 5919 725 5964 ut
745 5919 820 5965 noris
839 5917 1026 5966 sollicitudinis
1040 5925 1067 5966 et

1811 556 1872 620 119
1921 555 1975 608 11.
1989 557 2019 608 o.
2041 555 2109 608 1111

1144 692 1192 755 111
1219 693 1298 771 apud
1325 691 1465 756 eamdem
1492 693 1652 758 ecclesiam
1681 693 1725 758 Ss.
1755 693 1838 756 Petri
1860 700 1890 756 et

1144 785 1312 849 Marcellini
1332 787 1463 849 subinde
1478 793 1620 860 extructo
1635 786 1688 848 vix
1702 787 1807 848 baberi
1822 801 1889 864 pos-

1143 896 1176 942 se
1197 876 1363 942 monaohos
1382 879 1507 941 idoneos
1522 887 1552 942 et
1566 879 1755 942 sufficientes
1770 896 1808 941 ex
1822 870 1905 941 cae·'

1144 973 1243 1034 noblis
1255 972 1372 1052 Syriae,
1386 987 1463 1050 quae
1476 973 1596 1050 privato
1610 991 1643 1035 11
1657 972 1806 1048 singulari
1822 972 1889 1034 iure

1143 1073 1308 1142 reguntur,
1331 1063 1550 1140 decreverunt,
1565 1065 1633 1126 illos
1655 1083 1693 1127 ex
1714 1065 1890 1127 1111111111-

1143 1158 1322 1234 gregatione
1344 1155 1457 1218 Montis
1477 1157 1584 1218 Libani
1599 1158 1796 1219 accersendos
1811 1155 1887 1231 fore,

1142 1251 1258 1328 quippe
1284 1250 1338 1327 qui
1366 1249 1552 1312 strictiorem
1579 1250 1762 1328 profitentes
1786 1250 1890 1332 obser-

1143 1343 1291 1416 vantiam,
1314 1359 1349 1404 ea
1370 1343 1466 1418 ebori,
1488 1341 1676 1418 studiorum,
1700 1343 1887 1416 litterarum,

1141 1420 1558 1516 sacrarumquemissiouum
1573 1437 1692 1512 munia,
1706 1449 1888 1514 11111111-

1142 1539 1261 1594 morato
1276 1531 1437 1594 Clemente
1452 1529 1684 1607 praedecessore
1705 1529 1887 1607 praescripta

1142 1625 1288 1700 fuerunt,
1318 1621 1526 1702 11111111111
1554 1622 1689 1684 exactius
1718 1620 1888 1700 adimplere

1141 1725 1282 1799 possunt.

1181 1811 1247 1885 §2
1280 1811 1358 1873 Cum
1387 1817 1510 1884 autern,
1539 1811 1619 1872 sicut
1647 1807 1777 1870 dilectus
1805 1808 2118 1914 1111111111ἰὲ10τῶεέὲῖ

1141 1905 1269 1966 Miclrabl
1298 1904 1487 1978 Edenensis,
1516 1904 1605 1965 abbas
1632 1902 1785 1980 generalis
1806 1902 1886 1964 eius·
1905 1922 2054 1977 gregorious
2071 1921 2118 1966 ou-

1141 2000 1211 2060 dem
1234 1993 1492 2073 congregationis
1516 1997 1629 2060 Montis
1650 1996 1776 2070 Libani,
1799 1995 1887 2058 nobis
1905 1974 2116 2074 {gfifflfigf'm

1140 2108 1241 2170 nuper
1262 2091 1373 2169 exponi
1396 2091 1480 2166 fecit,
1499 2091 1617 2152 tametsi
1635 2090 1842 2166 congregatio
1857 2097 1887 2150 et

1140 2183 1219 2246 Ordo
1247 2183 1424 2246 huiusmodi
1454 2199 1522 2244 suas
1550 2183 1682 2244 habeant
1711 2182 1834 2258 regulas
1854 2189 1887 2242 et

1140 2275 1379 2339 constitutiones
1390 2293 1446 2354 per
1457 2276 1590 2340 Orientis
1601 2277 1785 2338 monasteria
1801 2290 1886 2336 sanc-

1139 2369 1258 2430 tissime
1280 2369 1461 2444 custoditas,
1485 2384 1588 2446 neque
1610 2383 1747 2446 unquam
1769 2383 1785 2427 a
1808 2369 1886 2430 Sede

1140 2461 1310 2540 apostoliea
1340 2461 1544 2539 improbatas,
1569 2461 1710 2540 quinimo
1738 2459 1885 2538 peculiari

1139 2553 1241 2615 studio
1262 2552 1503 2627 commendatas,
1525 2552 1743 2626 nibilominus,
1766 2559 1801 2614 ut
1823 2569 1887 2614 ma-

1140 2647 1198 2706 iori
1220 2646 1367 2707 firmitate
1390 2646 1569 2720 fulciantur,
1587 2651 1617 2708 et
1632 2662 1647 2705 a
1662 2645 1826 2708 calumniis
1842 2651 1885 2706 at-

1139 2755 1200 2816 que
1232 2739 1510 2802 obtrectationibus
1540 2755 1631 2816 saepe
1661 2739 1806 2800 adversus
1835 2756 1885 2800 eas

1138 2832 1277 2894 confictis
1298 2849 1331 2894 ac
1345 2831 1455 2910 sparsis
1471 2831 1680 2904 vindicentur,
1697 2839 1793 2909 utque
1808 2831 1884 2892 aliae

1138 2927 1295 3000 nationes,
1321 2939 1401 3003 quae
1428 2941 1484 3004 per
1511 2925 1671 2988 Orientem
1699 2923 1801 2984 11111
1825 2925 1883 2986 fide

1137 3019 1282 3082 catholica
1297 3019 1363 3080 1111
1382 3035 1398 3078 1
1420 3017 1578 3096 disciplina
1600 3017 1767 3078 monastici
1788 3016 1884 3079 desci-

1138 3117 1274 3186 uerunt,
1308 3110 1488 3188 exemplum
1503 3171 1505 3176 ,
1518 3127 1551 3172 11
1582 3125 1726 3170 normam
1744 3109 1883 3172 -rivendi

1137 3203 1249 3265 exinde
1269 3219 1395 3266 sumere
1422 3203 1561 3278 valeant,
1589 3202 1759 3280 capitulum
1788 3217 1882 3278 gene-

1136 3297 1201 3358 rale
1224 3297 1394 3374 praedictae
1420 3295 1677 3372 congregationis
1702 3295 1811 3356 Montis
1833 3295 1883 3356 Li·

1136 3389 1207 3449 bani
1240 3388 1343 3465 ipsum
1375 3386 1553 3449 Micliablem
1585 3385 1724 3446 abbatem
1757 3399 1882 3460 genera-

1136 3481 1198 3543 lem
1219 3482 1253 3542 ad
1276 3481 1446 3541 itomanam
1469 3479 1594 3542 Curiam.
1616 3477 1816 3540 destinaverit
1837 3485 1881 3538 at·

1135 3589 1194 3652 quc
1226 3573 1433 3650 ablegaverit,
1467 3580 1519 3649 ut,
1554 3572 1646 3634 totius
1675 3572 1772 3634 dictae
1801 3571 1880 3634 Con-

1135 3667 1324 3744 gregationis
1346 3667 1490 3740 nomine,
1513 3665 1694 3741 regularum
1716 3672 1747 3726 et
1768 3664 1880 3726 consti·

1137 3762 1294 3823 tutionum
1323 3759 1460 3822 eiusdem
1493 3757 1747 3834 congregauonis
1773 3773 1880 3835 appro-

1134 3856 1290 3918 bationem
1305 3861 1335 3916 et
1350 3855 1620 3916 confirmationem
1635 3852 1672 3913 ab
1686 3853 1741 3914 bac
1760 3851 1790 3914 S.
1802 3851 1880 3914 Sede

1134 3951 1305 4028 impetrare
1321 3957 1517 4027 procuraret:
1543 3965 1598 4009 nos
1619 3947 1743 4023 regulas
1763 3954 1881 4007 111111-

1133 4042 1312 4104 stitutiones
1333 4043 1500 4120 praedictas
1516 4042 1604 4103 nobis
1626 4041 1788 4112 exhibitas,
1802 4054 1879 4115 quoe

1134 4149 1171 4194 ex
1193 4134 1313 4196 arabico
1336 4135 1480 4197 idiomate
1502 4137 1533 4198 in
1556 4135 1689 4196 latinum
1711 4133 1879 4208 diligenter

1133 4243 1239 4287 versae
1260 4227 1399 4303 fuerunt,
1422 4229 1541 4290 dilectis
1563 4227 1635 4288 filiis
1656 4226 1769 4288 nostris
1791 4224 1878 4286 Nico-

1133 4319 1179 4380 lao
1194 4320 1352 4399 Spinulae,
1366 4320 1549 4382 eorumdem
1564 4321 1787 4381 monachorum
1800 4318 1879 4380 Con·

1133 4414 1321 4489 gregationis
1343 4415 1454 4476 Montis
1476 4413 1586 4488 Libani
1607 4413 1685 4491 apud
1707 4428 1763 4474 nus
1781 4419 1811 4472 11
1827 4410 1879 4473 Se-

1132 4509 1203 4569 dem
1232 4508 1416 4585 praedictam
1447 4507 1631 4586 protectori,
1654 4523 1688 4568 ac
1713 4503 1877 4566 Vincentio

1132 4600 1227 4678 ipsius
1249 4600 1279 4662 S.
1297 4599 1332 4662 R.
1352 4601 1385 4662 Ε.
1411 4601 1624 4663 Cardinalibus
1646 4599 1734 4660 Petra
1757 4612 1877 4658 nuncu-

1131 4694 1220 4769 patis,
1235 4693 1493 4769 congregationis
1514 4693 1761 4770 supradictorum
1783 4705 1877 4750 vene-

1131 4784 1277 4845 rabilium
1299 4785 1431 4846 fratrum
1454 4792 1634 4846 nostrorum
1657 4781 1878 4859 1111111111-

1131 4877 1287 4955 pagandae
1317 4879 1401 4940 rioci
1435 4880 1678 4956 praepositorum
1709 4875 1874 4954 praefecto,

1130 4969 1348 5048 expendendas
1372 4972 1597 5033 commisimus.
1626 4971 1702 5045 Qui,
1726 4967 1877 5029 mandatis

1124 5186 1321 5233 benevolentiae
1343 5189 1450 5233 nostrae
1469 5187 1586 5234 stimulis
1606 5186 1724 5242 excitati,
1743 5187 1875 5232 vocationi

1124 5255 1227 5300 vestrae
1248 5254 1363 5300 alacrius
1384 5255 1542 5312 respondere
1557 5255 1693 5300 studeatis.
1711 5255 1874 5312 propositam

1123 5321 1208 5376 igitur
1222 5321 1343 5378 legitime
1352 5322 1516 5368 certantibus
1526 5333 1650 5368 coronam
1661 5331 1723 5378 prae
1733 5322 1817 5368 oculis
1831 5323 1875 5368 ba-

1123 5387 1214 5432 bentes
1228 5391 1307 5445 atque
1321 5387 1442 5434 illustria
1457 5388 1587 5434 maiorum
1603 5391 1752 5433 vestrorum
1764 5388 1873 5435 11111111

1123 5454 1242 5511 exempla
1255 5456 1410 5510 recolentes,
1425 5467 1471 5512 per
1486 5455 1638 5500 earumdem
1648 5455 1872 5502 constitutionum

1122 5521 1224 5565 cultum
1240 5521 1333 5568 relicta
1347 5523 1380 5568 ab
1394 5521 1488 5568 iisdem
1503 5523 1654 5568 sanctitatis
1664 5523 1777 5580 vestigia
1787 5535 1873 5581 pross-

1123 5587 1249 5643 quamini.
1272 5588 1444 5634 1111111111
1465 5591 1555 5634 autern
1578 5589 1704 5646 praesidii
1722 5592 1872 5649 auspicium

1122 5653 1381 5709 11111111111111111,
1400 5654 1572 5711 apostolicam
1592 5655 1800 5703 benedictionem
1816 5671 1871 5715 per·

1121 5723 1243 5766 arnanter
1256 5721 1433 5779 impertimur.

1160 5791 1255 5834 Datum
1277 5791 1383 5846 Romae,
1405 5789 1475 5847 apud
1497 5792 1520 5834 S.
1538 5790 1649 5836 Mariam
1672 5791 1807 5848 Maiorem,
1822 5791 1872 5838 sub

1120 5855 1219 5900 annulo
1233 5855 1383 5910 Piscatoris,
1397 5856 1440 5902 dle
1453 5867 1470 5902 1.
1486 5856 1580 5914 aprilis
1593 5867 1759 5914 ccccxxxix,
1769 5858 1873 5915 pontiti-

1120 5923 1195 5966 catus
1210 5921 1296 5967 nostri
1310 5931 1379 5968 anno
1393 5933 1419 5967 11.
