4836 6998
959 549 1157 605 DENEOIGTUS
1178 550 1247 606 Xlll.

331 681 554 763 praesentium,
576 680 778 760 approbamus
800 679 951 742 itidemst
965 677 1078 740 confir-

331 793 464 852 mamus,
487 776 611 854 illisque
630 773 818 836 inviolabilis
833 771 1015 851 apostolicae
1027 771 1078 832 str-

331 871 447 934 mitatis
469 869 564 931 robur
584 868 754 940 adhelmus,
776 883 810 928 ac
834 881 944 927 omnes
964 872 996 926 et
1017 864 1080 926 sin·

332 962 420 1039 gulos
441 961 518 1024 iuris
539 968 570 1022 et
590 959 661 1022 lacti
686 958 835 1032 delectus,
857 958 883 1019 si
904 957 958 1037 qui
979 957 1013 1020 in
1034 957 1079 1019 eis

332 1053 563 1131 quomodolibet
574 1053 818 1127 intervenerint,
830 1051 1022 1129 supplemus,
1035 1058 1080 1112 at·

332 1162 395 1225 que
416 1154 478 1208 tam
504 1145 571 1206 illas
595 1159 689 1223 qnam
720 1145 923 1223 praeinsertas
953 1158 1080 1221 quoque

332 1239 541 1302 resolutiones
557 1239 588 1302 in
603 1238 777 1317 supradicto
792 1237 926 1316 capitulo
942 1235 1079 1312 generali

332 1341 444 1411 captas,
461 1341 521 1394 eta
537 1331 626 1392 nobis
647 1345 702 1407 per
723 1329 842 1392 litteras
857 1337 975 1391 nostras
994 1343 1081 1407 prae·

332 1425 407 1488 tatas
433 1424 578 1486 similiter
608 1423 787 1501 approbatas
807 1430 840 1484 et
869 1422 1078 1493 confirmatas,

331 1519 409 1580 sicut
432 1516 655 1596 praemittitur,
677 1515 710 1577 in
732 1515 852 1596 praxim
874 1523 905 1578 ct
926 1529 1017 1576 usum
1033 1528 1080 1574 re·

333 1613 408 1688 digi,
431 1617 463 1673 et
485 1610 522 1672 ab
543 1610 689 1671 omnibus
713 1617 744 1670 et
765 1607 914 1684 singulis,
937 1608 972 1669 ad
1003 1622 1081 1684 quos

332 1712 448 1784 spectat
468 1710 501 1765 et
522 1718 577 1781 pro
588 1710 729 1780 tempore
742 1703 1001 1780 quandocumque
1014 1714 1081 1776 spe·

333 1797 438 1868 ctabit,
450 1796 596 1872 religiose
609 1803 641 1856 et
655 1797 837 1858 inconcusse
851 1792 979 1867 serrari,
996 1807 1082 1870 prae·

333 1890 466 1969 cipimus
487 1896 518 1950 et
543 1885 743 1964 mandamus;
765 1885 848 1948 salrd
877 1895 979 1948 tamen
1000 1900 1081 1946 sem-

335 1999 390 2062 per
411 1984 443 2044 in
472 1981 648 2062 praemissis
679 1979 862 2042 auctoritate
892 1985 1083 2040 memoratae

336 2076 593 2153 congregationis
618 2073 840 2137 cardinalium.

375 2172 394 2245 ἓ
415 2169 444 2230 t.
467 2171 687 2243 Decernentes,
706 2168 827 2230 eudem
842 2173 1018 2245 praesentes
1033 2163 1082 2226 lit·

336 2275 428 2339 teras,
450 2269 482 2325 et
502 2265 536 2324 iu
558 2263 602 2324 eis
622 2268 769 2324 contenta
789 2276 1014 2339 quaecumque,
1031 2262 1082 2322 hr-

337 2375 421 2434 mas,
444 2357 558 2419 validas
579 2364 611 2418 et
635 2355 771 2418 efficaces
799 2355 933 2416 existere
951 2363 984 2416 et
1005 2353 1082 2428 lore,

336 2467 470 2531 suosque
490 2450 645 2529 plenarios
666 2457 698 2512 et
719 2448 858 2526 integros
879 2447 1005 2510 allectus
1019 2463 1084 2508 sor·

338 2547 390 2612 tiri
416 2552 448 2607 et
468 2545 622 2618 obtinere,
645 2559 678 2606 ac
699 2542 770 2616 illis,
793 2557 870 2620 quos
891 2547 1084 2603 concernunt

337 2647 371 2702 et
394 2653 450 2718 pro
462 2646 603 2717 tempore
623 2643 826 2709 conseruent,
843 2634 1039 2697 inomnibus
1053 2639 1085 2694 et

338 2747 394 2811 per
415 2731 521 2794 omnia
541 2729 721 2808 plenissime
740 2727 913 2804 suflragari,
928 2727 1033 2805 sicque
1052 2726 1084 2786 in

338 2824 514 2905 praemissis
539 2839 595 2901 per
625 2837 837 2901 quoscumque
860 2820 976 2882 iudices
1005 2819 1088 2881 ordi·

340 2919 443 2980 uarios
462 2925 494 2979 et
508 2916 675 2992 delegatos,
698 2914 790 2976 etiam
812 2927 973 2976 causarum
984 2911 1087 2992 palatii

340 3010 495 3090 apostolici
527 3009 694 3082 auditores,
722 3023 756 3068 ac
781 3005 868 3070 Sedis
895 3005 1088 3085 apostolicae

341 3103 484 3176 nuncios,
500 3100 628 3165 iudicari
650 3107 681 3161 et
701 3099 825 3162 definiri
846 3099 970 3173 debere,
993 3115 1027 3160 ac
1047 3097 1088 3158 ir·

341 3198 440 3259 ritum
461 3201 492 3256 et
520 3195 612 3256 inane
632 3193 658 3254 si
682 3209 770 3255 secus
794 3192 956 3270 superbis
977 3208 993 3252 a
1014 3205 1087 3268 quo

341 3305 447 3370 quam,
459 3287 568 3368 quavis
580 3287 772 3361 auctoritate,
784 3285 919 3348 scienter
933 3284 985 3346 vel
1002 3284 1090 3362 igno·

342 3391 464 3456 ranter,
486 3379 652 3457 contigerit
673 3379 829 3442 attentari.

383 3477 452 3552 §ti
477 3474 545 3537 Non
567 3474 759 3536 obstantibus
774 3471 1047 3536 constitutionibus
1058 3479 1090 3534 et

343 3569 590 3636 ordinationibus
615 3566 799 3646 apostolicis,
829 3581 967 3640 necnon,
990 3564 1089 3643 quoad

344 3681 379 3727 ea
400 3679 478 3743 quae
499 3660 712 3741 praesentibus
741 3661 960 3734 adversantur,
991 3657 1090 3721 dictae

143 2173 289 2222 Clausulas.

123 3487 325 3542 berogatiocon·

111 3541 260 3588 trariorum.

345 3754 605 3833 congregationis
626 3751 770 3828 fratrum,
801 3751 944 3830 illiusque
965 3750 1090 3829 provin·

345 3851 474 3923 ciarum,
496 3847 660 3910 domorum
681 3861 737 3908 seu
764 3845 975 3924 hospitalium,
998 3844 1090 3906 etiam

346 3945 536 4016 iuramento,
566 3939 801 4002 confirmatione
834 3937 1015 4016 apostolica,
1041 3937 1092 3998 vel

346 4035 454 4116 quavis
476 4034 623 4096 firmitate
648 4032 705 4094 alia
729 4031 890 4106 roboratis,
911 4031 1034 4093 statutis
1060 4037 1093 4092 et

346 4127 635 4202 consuetudinibus,
652 4124 824 4204 privilegiis
838 4139 974 4202 quoque,
989 4122 1093 4186 indul-

347 4225 387 4286 tis
399 4229 430 4286 ct
440 4221 553 4285 litteris
563 4219 746 4298 apostolicis,
759 4218 790 4280 in
804 4217 997 4279 contrarium
1008 4232 1095 4296 prae-

347 4317 514 4379 missorum
552 4311 784 4393 quomodolibet
821 4310 989 4386 concessis,
1022 4325 1094 4373 con·

348 4409 479 4472 llrmatis
502 4417 535 4470 et
568 4405 737 4482 innovatis3
760 4405 871 4482 quibus
897 4404 1042 4466 omnibus
1063 4409 1094 4465 et

348 4502 491 4580 singulis,
513 4501 640 4563 illorum
662 4495 785 4562 tenores
807 4497 1020 4577 praesentibus
1039 4513 1094 4576 pro

348 4596 443 4676 plene
464 4603 495 4656 et
515 4594 705 4656 sufficienter
725 4591 893 4670 expressis,
916 4591 1005 4653 acad
1027 4605 1097 4651 ver-

350 4691 426 4752 bum
452 4687 576 4750 insertis
604 4685 770 4760 habentes,
797 4683 859 4746 illis
884 4683 956 4744 aliis
978 4683 1011 4745 in
1039 4699 1095 4746 suo

350 4782 461 4845 robore
475 4780 699 4860 permansuris,
711 4777 747 4840 ad
759 4776 996 4856 praemissorum
1008 4776 1096 4840 ellec-

351 4884 421 4939 tum
442 4876 498 4937 hac
517 4874 585 4934 vice
607 4875 779 4946 dumtaxat,
800 4869 973 4948 specialiter
992 4877 1024 4931 et
1046 4885 1097 4932 ex·

351 4983 455 5048 presse
465 4969 661 5043 derogamus,
674 4964 845 5042 ceterisque
857 4963 1018 5026 contrariis
1029 4963 1097 5043 qui-

352 5061 554 5140 bustumque.

133 5164 334 5234 vicensumas
392 5153 411 5230 5
432 5153 461 5216 6.
477 5151 631 5216 Volumus
649 5160 755 5215 autem
769 5161 804 5216 ut
818 5151 999 5216 earumdem
1013 5167 1101 5231 prae-

121 5227 296 5281 ¹¹²¹¹⁵¹¹¹¹¹¹²²¹⁸'
351 5248 490 5310 sentium
503 5247 681 5309 litterarum
696 5247 910 5325 transumptis,
925 5262 980 5308 seu
995 5261 1099 5308 exem·

351 5339 421 5421 plis,
443 5341 537 5402 etiam
556 5339 725 5418 impressis,
745 5353 842 5400 manu
863 5337 992 5401 alicuius
1013 5345 1099 5400 nota·

351 5433 391 5496 rii
411 5433 527 5512 publici
550 5432 742 5510 subscriptis,
768 5441 799 5495 et
819 5431 922 5507 sigillo
952 5447 1100 5510 personae

351 5525 385 5586 in
405 5525 606 5588 ecclesiastica
626 5525 778 5602 dignitate
795 5525 983 5586 constitutae
997 5524 1100 5586 muni·

353 5619 404 5694 tis,
426 5619 679 5698 eademprorsus
701 5617 775 5680 tides
796 5615 995 5693 adhibeatur,
1021 5631 1100 5694 quae

394 5858 478 5917 (1le
491 5860 554 5918 ltog.
569 5856 597 5906 in
617 5859 693 5906 Amh.
717 5861 790 5907 Brea.
812 5859 992 5908 consulendae
1012 5862 1102 5906 umen

354 5931 417 5976 sunt
430 5927 526 5975 literae
539 5929 622 5986 apost.
633 5931 693 5974 Bon.
703 5931 766 5974 XIV.
778 5933 905 5975 inclitam
914 5927 992 5974 datos
1002 5927 1044 5973 die
1055 5939 1100 5974 xn.

1802 539 1858 608 tlt
1909 544 2098 604 xn.c.1aeo

1133 675 1334 739 adhiberetur
1349 677 1421 756 ipsis
1435 679 1659 756 praesentibus,
1669 681 1694 742 si
1709 679 1813 742 lorent
1827 697 1879 742 ex·

1134 770 1248 832 hibitae
1269 769 1321 832 vel
1334 778 1505 833 ostensae·

1174 864 1287 925 ilatum
1298 863 1411 925 homae
1424 865 1504 942 apud
1520 864 1695 940 S.Petrum,
1712 866 1772 930 sub
1782 881 1880 930 annu·

1135 958 1165 1020 lo
1176 957 1347 1032 piscatoris,
1366 956 1416 1018 die
1431 973 1503 1018 xus.
1513 966 1643 1037 septem.
1661 975 1880 1035 aoccxxvrn,

1134 1051 1331 1129 pontificatus
1353 1049 1451 1112 nostri
1473 1067 1555 1114 anno
1575 1069 1606 1112 v.

1392 1251 1631 1264 —n—*a

1456 1429 1567 1494 XXIV.

1136 1613 1307 1703 ¹lsonnehos
1329 1615 1484 1677 ruthenos
1509 1617 1640 1680 Ordinis
1658 1618 1688 1681 S.
1708 1620 1824 1684 Basilii
1839 1621 1881 1686 Μ.

1177 1707 1320 1770 declarat
1342 1707 1500 1772 inhabiles
1521 1711 1563 1772 ad
1581 1712 1683 1792 officia
1698 1720 1727 1774 et
1744 1713 1887 1792 dignita-

1178 1807 1223 1861 tes
1245 1801 1456 1877 episcopatus,
1474 1799 1589 1880 absque
1608 1821 1762 1868 consensa
1777 1805 1886 1870 Proto·

1177 1891 1457 1957 archimandritae
1477 1895 1532 1976 (l).

1214 2170 1217 2177 Ι
1307 2062 1551 2133 seneotovtts
1569 2068 1628 2136 ΡΡ.
1646 2068 1715 2137 lllll.

1278 2187 1745 2260 mmmmmmm

1179 2362 1248 2435 §h
1272 2363 1364 2440 Cum,
1386 2365 1466 2427 sicut
1496 2365 1625 2430 dilectus
1657 2369 1740 2432 tilius
1765 2372 1887 2434 moder·
1929 2391 2026 2438 caussa
2041 2391 2119 2438 nurus

1140 2471 1200 2518 nus
1215 2465 1396 2534 procurator
1411 2459 1563 2534 generalis
1577 2461 1700 2525 Ordinis
1716 2463 1818 2526 Sancti
1834 2465 1888 2525 Ba·
1906 2445 2120 2556 22⁰,⁸,‘,¹,‘,¹}²¹ss{¹0¹3

1139 2549 1201 2610 silii
1222 2549 1335 2626 Magni,
1354 2557 1419 2612 tam
1433 2569 1490 2614 suo
1504 2569 1597 2632 quam
1611 2557 1750 2619 eiusdem
1765 2557 1887 2620 Ordinis
1907 2553 2121 2651 fflwffgffi‘ff,

1141 2642 1282 2717 nomine,
1305 2643 1393 2705 nobis
1419 2659 1521 2724 nuper
1551 2649 1664 2726 exponi
1695 2648 1779 2726 iecit,
1802 2652 1888 2712 iuxta
1907 2659 1988 2706 onus
2008 2658 2118 2706 ordinis·

1140 2737 1402 2808 consuetudinem,
1429 2737 1578 2803 hactenus
1606 2751 1758 2805 servatam
1781 2744 1813 2806 in
1834 2745 1890 2806 Ec·

1140 2830 1230 2893 alesia
1251 2838 1282 2892 et
1303 2830 1377 2892 Ritu
1398 2830 1623 2896 Graeco-unito
1637 2836 1672 2898 ad
1687 2836 1891 2915 archiepisco-¹

1141 2931 1229 3002 patus
1250 2929 1281 2984 et
1302 2924 1493 3002 episcopatus
1515 2925 1652 3004 religiosi
1680 2927 1823 2990 Basiliani
1845 2947 1891 2991 as·
1928 2990 1938 3005 ,

1141 3023 1318 3089 sumantur,
1331 3031 1420 3092 saepe
1434 3031 1509 3077 vero
1523 3017 1684 3095 contingat
1698 3021 1779 3098 quod
1794 3020 1891 3099 aliqui

1142 3105 1309 3186 praedictas
1337 3106 1503 3182 dignitates
1524 3121 1579 3186 per
1606 3111 1891 3174 commendationes

1143 3205 1337 3275 magnatum,
1360 3213 1423 3260 non
1444 3197 1513 3260 sine
1533 3200 1659 3278 praelati
1681 3202 1802 3265 Ordinis
1823 3219 1892 3282 per-

1144 3292 1330 3366 turbatione,
1362 3291 1421 3353 sibi
1452 3301 1634 3371 procurent:
1662 3295 1762 3358 dictus
1782 3313 1893 3375 procu-

1144 3393 1228 3446 rator
1254 3383 1422 3462 generalis,
1448 3401 1510 3463 quo
1541 3386 1709 3449 ambitiosis
1733 3390 1782 3452 via
1807 3407 1892 3469 prae-

1144 3478 1296 3552 cludatur,
1322 3485 1497 3557 opportune
1518 3478 1551 3540 in
1572 3481 1747 3559 praemissis
1768 3499 1784 3543 a
1805 3482 1893 3545 nobis

1145 3570 1301 3650 provideri
1322 3578 1353 3632 et
1374 3577 1408 3632 ut
1429 3569 1509 3632 inira
1541 3572 1697 3650 indulgeri
1719 3573 1893 3653 plurimum

1145 3662 1313 3726 desideret:

1185 3758 1254 3832 52.
1279 3755 1351 3832 Nos,
1375 3759 1512 3822 eiusdem
1538 3761 1744 3838 procuratoris
1766 3777 1894 3839 genera·
1932 3785 2075 3833 securam
2090 3785 2127 3832 tn-

1146 3849 1183 3912 lis
1203 3851 1284 3912 votis
1305 3857 1458 3929 quantum
1480 3867 1552 3914 cum
1577 3853 1710 3916 Domino
1732 3871 1894 3934 possumus
1912 3839 2128 3940 Rfflgfffllsae·

1147 3944 1283 4019 benigne
1303 3959 1445 4006 annuere
1465 3944 1616 4019 volentes,
1639 3961 1775 4025 eumque
1795 3947 1896 4026 aqui-

1147 4038 1253 4100 busvis
1275 4037 1613 4114 excommunicationis,
1635 4039 1845 4118 suspensionis
1864 4049 1896 4102 et

1148 4131 1317 4206 interdicti,
1339 4130 1468 4210 aliisque
1490 4131 1699 4194 ecclesiasticis
1717 4133 1894 4208 sententiis,

1148 4225 1287 4288 censuris
1308 4231 1340 4286 et
1360 4224 1479 4302 poenis,
1499 4241 1515 4285 a
1536 4225 1604 4288 iure
1626 4225 1677 4286 vel
1697 4225 1734 4288 ab
1755 4226 1893 4301 homine,

1148 4319 1257 4397 quavis
1276 4317 1435 4380 occasione
1459 4317 1510 4379 vel
1530 4319 1619 4379 causa
1640 4318 1719 4393 latis,
1734 4317 1762 4380 si
1783 4317 1897 4397 quibus

1149 4409 1379 4490 quomodolibet
1393 4411 1557 4474 innodatus
1572 4410 1687 4485 existit,
1700 4411 1735 4473 ad
1750 4409 1898 4474 eflectum

1150 4505 1361 4583 praesentium
1382 4503 1541 4566 dumtaxat
1561 4505 1826 4582 consequendum,
1845 4503 1899 4564 ha-

1151 4614 1223 4661 rum
1243 4597 1324 4659 serie
1348 4595 1542 4658 absolventes
1570 4604 1600 4658 et
1627 4597 1804 4660 absolutum
1831 4597 1898 4658 lore

1150 4696 1330 4765 censentes,
1365 4689 1641 4768 supplicationibus
1672 4689 1739 4752 eius
1771 4689 1899 4752 nominc

1152 4783 1242 4846 nobis
1261 4799 1354 4864 super
1378 4783 1435 4845 hoc
1455 4782 1618 4845 humiliter
1638 4783 1787 4862 porrectis
1808 4784 1897 4846 incli-
1941 4813 1945 4818 ·

1152 4877 1229 4951 nati,
1252 4877 1288 4938 ad
1309 4875 1407 4938 cilicia
1428 4883 1460 4937 et
1474 4875 1640 4953 dignitates
1655 4877 1820 4938 monachos
1835 4893 1901 4939 om-

1153 4986 1208 5032 nes
1229 4969 1393 5032 memorati
1424 4967 1557 5044 Ordinis,
1584 4969 1638 5047 qui
1663 4971 1731 5032 sine
1755 4985 1901 5048 expresso

1153 5061 1319 5140 superioris
1341 5060 1492 5137 generalis
1513 5075 1568 5124 seu
1588 5061 1900 5140 protoarchimandri-

1154 5161 1203 5216 tae
1225 5169 1278 5233 pro
1295 5161 1434 5232 tempore
1449 5153 1608 5216 existentis
1623 5161 1654 5216 et
1669 5155 1833 5216 memorati
1847 5153 1902 5217 Or·

1154 5246 1236 5310 dinis
1260 5263 1412 5308 consensu
1436 5247 1494 5309 sibi
1520 5247 1811 5326 archiepiscopatus,
1839 5247 1902 5326 epi·

1153 5347 1307 5416 scopolus,
1338 5339 1579 5402 archimandrias
1609 5345 1662 5402 aut
1689 5355 1902 5420 quascumque

1154 5431 1227 5492 alias
1247 5429 1413 5506 dignitates
1433 5439 1648 5510 procurarent,
1664 5447 1701 5494 eo
1722 5433 1787 5510 ipso
1808 5435 1845 5496 ad
1865 5431 1901 5495 il-

1155 5523 1197 5584 las
1218 5522 1379 5596 inhabiles,
1402 5523 1584 5586 auctoritate
1603 5524 1777 5603 apostolica,
1794 5532 1902 5587 tenore

1154 5616 1375 5694 praesentium,
1398 5616 1597 5680 declaramus.

1157 5859 1250 5917 aprilis
1264 5869 1400 5914 unocurt,
1414 5855 1524 5906 inferias
1538 5869 1587 5905 suo
1600 5857 1657 5906 loco
1675 5857 1835 5918 referendae,
1848 5858 1904 5922 qui·

1157 5927 1206 5972 bus
1220 5926 1306 5973 dictae
1319 5927 1429 5984 derogat
1442 5925 1613 5976 inhabilitati.
