4848 6990
91 3807 175 3870 ¹Solis
196 3819 290 3857 conse·

74 3863 208 3926 urentibus
234 3874 290 3920 pro-

72 3917 216 4014 hbll'd?
230 3924 290 4016 0033

72 4021 168 4068 ceditur
204 4023 289 4070 lecol-

72 4077 108 4120 tas
121 4075 250 4133 eligendi.

86 4835 221 4882 Praedicta
234 4846 287 4882 orn·

76 4889 113 4932 nia
131 4890 286 4944 protectori-

948 613 1158 660 innocentius
1181 613 1236 660 llll.

316 747 448 805 oramus,
471 748 505 793 ac
525 731 709 796 electoribus
734 733 849 812 pariter
870 735 902 795 in
928 733 1060 796 Domino

316 833 348 887 et
368 825 400 886 in
423 825 540 888 virtute
560 834 682 890 sanotae
712 826 904 888 obedientiae
925 827 1062 890 districte

316 918 533 997 praecipimus
549 935 603 982 sen
621 920 820 996 hortationes,
837 921 1061 984 obsecrationes

316 1019 348 1074 et
367 1019 525 1090 praecepta
547 1014 725 1078 huiusmodi
750 1030 950 1088 renovamus,
973 1014 1060 1076 utin

316 1105 464 1180 comitiis,
495 1107 679 1186 praesertim
707 1108 922 1186 generalibus,
950 1106 1061 1186 quibus

315 1199 438 1262 eosdem
460 1215 516 1278 pro
537 1207 677 1280 tempore
698 1200 872 1278 praesidere
891 1208 923 1263 et
943 1215 1063 1276 respec-

317 1291 379 1354 tive
400 1292 552 1356 interesse
572 1295 749 1371 contigerit,
766 1295 882 1357 nedum
898 1294 1060 1368 interesse,

315 1391 346 1446 et
367 1384 433 1446 aliis
454 1386 538 1450 iutra
559 1386 689 1450 claustra
711 1387 911 1464 degentibus,
933 1387 987 1450 sed
1009 1403 1060 1448 ex-

314 1478 388 1539 teris
409 1477 480 1557 ipsis
501 1480 749 1559 quibuscumque
770 1482 862 1543 etiam
885 1479 967 1543 laicis
988 1497 1061 1558 qua-

314 1586 448 1648 cumque
463 1574 633 1648 maiestate,
648 1575 902 1653 praeeminentia,
919 1575 1015 1650 gradu
1030 1581 1061 1636 et

314 1666 464 1742 dignitate
484 1665 696 1744 fulgentibus,
719 1668 859 1746 propriae
882 1667 1060 1730 indideren-

315 1759 373 1820 tiae
393 1774 427 1821 ac
454 1759 538 1823 unici
560 1760 592 1822 in
615 1760 669 1823 liei
691 1760 822 1838 gloriam
843 1769 873 1823 et
898 1760 1060 1836 religionis

312 1851 431 1914 bonum
451 1853 609 1930 respectis
625 1853 665 1914 ita
676 1869 709 1914 se
723 1854 888 1931 praebeant
901 1853 1060 1930 singulare

311 1946 467 2022 specimen
483 1953 514 2008 et
529 1945 697 2024 exemplar,
714 1947 872 2024 talemque
887 1947 981 2008 huius
995 1962 1061 2008 rec·

312 2045 360 2100 tae
381 2038 564 2102 intentionis
578 2047 610 2100 et
631 2040 769 2102 melioris
789 2039 975 2118 operationis
989 2037 1061 2100 otlo-

311 2145 378 2192 rem
400 2131 593 2208 diffundant,
616 2141 650 2196 ut
672 2133 718 2196 illi
739 2141 900 2212 propterea
925 2133 1060 2194 vexatio·

312 2239 366 2286 nes
394 2231 426 2286 et
454 2225 648 2304 importunas
678 2226 982 2300 commendationes,
1006 2226 1058 2287 uhi

311 2317 446 2394 Spiritus
466 2317 634 2382 Paraclitus
654 2319 748 2398 spirat
762 2327 794 2381 et
808 2320 971 2396 praesidet,
990 2319 1059 2381 inu·

311 2410 381 2472 tiles
402 2417 433 2472 et
454 2410 640 2488 incongruas
662 2427 726 2473 esse
748 2419 780 2474 et
807 2411 872 2473 lore
894 2412 1009 2474 certius
1029 2429 1060 2472 a-

311 2510 513 2580 gnoscentes,
536 2503 573 2566 ab
600 2505 709 2566 iisdem
730 2521 858 2584 prorsus
885 2505 1059 2568 abstineant

309 2611 365 2659 seu
376 2597 535 2672 desistant,
549 2597 683 2675 indeque
695 2605 755 2660 tam
766 2599 954 2660 intrinsecus
965 2613 1058 2676 quam

311 2692 504 2754 extrinsecus
535 2692 681 2754 omnibus
711 2692 945 2768 vexationibus,
974 2707 1057 2754 corn·

311 2784 571 2860 mendationibus,
594 2785 884 2860 machinationibus,
900 2785 1058 2848 humanis·

310 2899 372 2961 que
393 2881 507 2944 finibus
528 2880 696 2943 eliminatis
711 2889 742 2942 et
756 2879 899 2958 explosis,
922 2881 1055 2957 integra,

310 2975 424 3037 illibata
446 2981 477 3036 et
498 2973 611 3036 intacta
638 2975 796 3036 vocalibus
816 2983 976 3037 remaneat
1002 2977 1056 3037 eli-

310 3069 403 3146 gendi
424 3068 562 3144 facultas,
578 3074 609 3130 et
630 3074 692 3128 tarn
713 3069 881 3146 superioris
903 3069 1056 3145 generalis

310 3177 404 3241 quam
424 3161 558 3224 aliorum
580 3161 752 3237 respective
768 3161 976 3240 praelatorum
997 3179 1055 3226 un-

310 3255 470 3334 dequaque
484 3253 590 3325 libera,
607 3255 722 3334 optima
736 3262 768 3316 et
782 3255 926 3317 canonica
947 3271 1054 3333 sequa-

310 3353 363 3408 tur
383 3347 504 3422 electio‚
520 3347 556 3410 ad
577 3363 671 3425 quarn
688 3354 860 3423 cumroto,
876 3349 1008 3426 siquod,
1025 3355 1056 3410 et

308 3455 346 3501 eo
366 3441 469 3515 modo,
491 3441 573 3518 quod
595 3441 761 3518 protectori
780 3441 866 3502 iuxta
880 3440 1057 3504 cuiuscum-

308 3549 369 3612 que
389 3532 511 3596 0rdinis
528 3533 663 3609 regulas,
678 3541 804 3609 statuta,
820 3533 871 3596 vel
885 3535 958 3596 alias
973 3551 1056 3597 com-

308 3626 397 3704 petit,
419 3626 519 3689 Deum
544 3627 675 3704 eiusque
700 3628 851 3690 honorem
872 3635 902 3690 et
923 3627 1054 3705 gloriam

308 3720 468 3782 dumtaxat
488 3735 559 3798 prae
581 3720 677 3784 oculis
697 3720 824 3796 habens,
846 3729 1022 3784 concurrat.

349 3813 437 3888 git.
462 3812 615 3875 Nolumus
643 3821 746 3876 tamen
775 3815 949 3876 absentium
971 3823 1053 3891 uota,

308 3921 342 3968 ac
362 3907 562 3985 protectoris,
584 3921 642 3968 nec
661 3908 885 3987 cuiuscumque
905 3907 1052 3985 alterins,

308 4015 365 4062 nec
395 4001 489 4063 etiam
510 4000 647 4078 ipsarum
675 4001 885 4064 cardinalium
918 4003 1054 4080 Congre-

306 4094 469 4170 gationom
500 4095 683 4156 auctoritate
714 4095 869 4173 suppleri,
896 4111 952 4158 seu
978 4097 1053 4158 alios

305 4186 425 4248 vocales
446 4185 628 4250 eorumdem
646 4188 821 4250 absentium
836 4187 902 4250 loco
916 4205 970 4251 seu
985 4190 1051 4251 rice

304 4280 478 4356 subrogari,
500 4279 641 4359 deputari
666 4297 722 4344 seu
742 4282 834 4358 eligi3
856 4283 909 4346 sed
931 4282 978 4342 ius
999 4282 1052 4344 eli-

306 4372 399 4450 gendi
425 4373 458 4436 in
485 4373 557 4434 solis
584 4373 669 4436 iuxta
694 4373 770 4436 iuris
791 4382 823 4436 et
846 4374 983 4437 instituti
1004 4391 1052 4436 re·

306 4466 393 4542 gulas
420 4467 561 4530 adhunc
586 4467 732 4530 ellectum
762 4468 942 4547 assumptis,
966 4475 997 4530 et
1019 4469 1051 4530 in

306 4559 464 4620 destinatis
477 4567 509 4622 et
525 4569 664 4640 tempore
685 4561 956 4636 convenientibus,
979 4577 1051 4622 con-

305 4651 440 4727 solidari,
462 4667 518 4715 seu
539 4653 627 4728 alias,
656 4663 749 4730 prout
769 4653 807 4717 de
827 4655 908 4730 iure,
931 4670 1049 4733 perma-

305 4759 393 4818 nere,
415 4747 546 4808 omnino
566 4748 714 4808 volumus
734 4756 765 4810 et
786 4751 977 4812 mandamus.

346 4839 366 4913 ᾖ
389 4838 434 4900 13.
458 4839 498 4902 Ut
520 4845 625 4902 autem
646 4843 809 4919 praemissa
825 4842 928 4904 omnia
942 4850 974 4904 et
988 4842 1051 4904 sin·

79 4941 119 4986 tes
143 4943 288 4989 recemum
306 4931 378 5008 gula
392 4947 429 4992 eo
443 4933 540 5009 magis
562 4934 702 4996 debitum
716 4943 948 5014 consequantur
961 4937 1050 4998 ellec-

81 4999 287 5098 {ffihmmn'

306 5031 386 5100 tom,
396 5033 427 5088 et
435 5027 637 5103 exequutioni
648 5027 888 5104 demandentur,
898 5045 930 5090 ac
942 5029 977 5092 ad
987 5045 1050 5090 ma-

304 5117 404 5178 iorem
425 5117 576 5180 cautelam
598 5135 653 5180 seu
674 5119 924 5197 declarationem,
946 5123 1050 5184 omnia

304 5225 517 5288 quaecumque
531 5219 564 5274 et
577 5212 712 5288 singula,
735 5213 858 5291 quaein
874 5215 1050 5292 praemissis

302 5305 493 5366 confirmatis
514 5312 545 5367 et
564 5307 701 5368 extensis
715 5313 747 5368 et
761 5307 974 5385 praesentibus
996 5323 1051 5370 no-

302 5397 374 5459 stris
400 5397 513 5460 litteris
535 5407 611 5462 sunt
631 5415 757 5477 quoquo
784 5399 875 5461 modo
906 5401 1051 5478 explicite

301 5491 353 5551 vel
374 5490 524 5570 implicite
548 5494 726 5554 memoratis
753 5493 979 5571 protectoribus
1004 5495 1051 5556 in·

300 5584 441 5659 terdicta,
454 5584 486 5644 in
502 5591 660 5664 posterum
675 5585 885 5660 annullamus,
898 5603 1050 5650 cassamus

301 5683 333 5737 et
353 5676 525 5753 irritamus
547 5693 604 5740 seu
625 5679 728 5756 potius
749 5678 846 5754 nullo,
870 5695 962 5754 cassa,
986 5681 1052 5742 ina-

302 5769 366 5844 nia,
388 5770 486 5846 irrita‚
502 5771 683 5849 nulliusque
704 5771 822 5833 roboris
844 5779 874 5834 et
896 5773 1047 5836 momenti

301 5863 368 5940 ipso
387 5862 456 5924 iure
476 5873 508 5927 et
529 5864 595 5942 ipso
616 5863 694 5926 iacto
709 5865 798 5927 omni
816 5865 935 5928 meliori
959 5865 1050 5928 modo

300 5953 491 6019 declaramus
511 5965 603 6036 atque
623 5957 832 6021 decernimus.

1790 595 1846 658 149
1896 595 1949 650 An.
1964 599 1994 652 (l.
2016 603 2085 656 1694

1156 733 1176 808 ἓ
1199 733 1245 796 lt.
1263 733 1442 798 Mandantes
1458 733 1564 798 iisdem
1580 741 1656 798 tunc
1671 739 1701 796 et
1716 750 1772 813 pro
1786 739 1866 795 tem·
1910 746 2034 794 tonitruo
2047 749 2096 796 rae

1117 842 1191 904 pore
1205 827 1236 890 in
1252 829 1396 890 loturum
1410 829 1615 892 existentibus
1627 825 1861 904 protectoribus,
1882 805 1932 902 iffi,
1944 806 2097 912 ξῖοξξξζῖἷὲῖ

1117 935 1158 980 ne
1181 927 1292 982 cuncta
1320 921 1371 983 vel
1394 921 1515 998 singula
1546 921 1712 999 praemissa
1738 934 1864 1000 quoquo
1882 908 1955 1010 ζξξξξ
1969 909 2096 1018 fflgffiff

1117 1013 1208 1074 modo
1236 1013 1420 1090 iniungant,
1444 1015 1567 1090 iaciant,
1593 1013 1758 1089 mandent,
1781 1029 1864 1076 com·
1882 1025 1917 1061 ἢ

1116 1107 1254 1181 mittant,
1269 1108 1465 1186 permittant,
1480 1110 1547 1172 sire
1567 1108 1717 1186 tolerent;
1740 1123 1864 1170 necnon

1116 1199 1364 1280 quibuscumque
1379 1202 1574 1278 regularibus
1593 1201 1757 1278 utriusque
1771 1216 1864 1263 sexus

1118 1299 1184 1354 tum
1205 1294 1429 1372 superioribus,
1449 1295 1542 1358 etiam
1564 1295 1772 1372 generalibus,
1794 1301 1862 1357 tum

1115 1386 1263 1462 subditis,
1293 1403 1333 1450 ne
1354 1387 1464 1450 iisdem
1485 1388 1631 1450 omnibns
1662 1395 1692 1450 et
1713 1388 1861 1464 singulis,

1116 1485 1151 1540 ut
1162 1480 1346 1558 praefertur,
1363 1481 1537 1560 praemissis
1551 1490 1691 1559 pareant,
1706 1481 1860 1555 obediant,

1116 1589 1235 1636 morem
1265 1584 1389 1651 gerant,
1413 1576 1614 1650 adhaereant,
1637 1590 1692 1637 seu
1715 1575 1765 1636 illa
1788 1575 1862 1638 tole-

1116 1673 1186 1730 rent
1206 1669 1257 1729 vel
1278 1669 1472 1747 permittant,
1495 1669 1562 1730 sive
1590 1669 1693 1730 omnia
1721 1667 1772 1730 rel
1798 1668 1863 1728 sin·

1116 1760 1189 1836 gula
1210 1761 1375 1840 praemissa
1402 1777 1616 1842 quaecumque
1639 1764 1714 1824 liant
1742 1777 1797 1824 seu
1818 1769 1862 1824 at·

1116 1859 1279 1916 tententur
1300 1869 1356 1932 per
1375 1855 1547 1918 sententias
1568 1855 1619 1916 rel
1640 1855 1773 1929 decreta,
1795 1853 1863 1916 sire

1115 1946 1147 2008 in
1169 1946 1267 2008 torma
1289 1947 1434 2024 iudiciali,
1451 1949 1516 2010 sive
1538 1948 1776 2022 extraiudiciali,
1799 1956 1863 2010 tam

1115 2055 1171 2118 per
1201 2047 1341 2118 patentes
1370 2057 1465 2120 qnam
1490 2057 1545 2121 per
1566 2042 1700 2120 privatas
1732 2041 1861 2116 litteras,

1114 2147 1170 2194 seu
1192 2133 1352 2211 epistolas,
1383 2136 1450 2196 sire
1471 2151 1527 2214 per
1546 2152 1579 2197 se
1601 2137 1696 2214 ipsos,
1719 2135 1786 2196 sive
1806 2149 1863 2214 per

1115 2241 1327 2304 quoscumque
1347 2227 1434 2304 alios,
1458 2230 1573 2290 nedum
1596 2244 1651 2307 per
1672 2227 1755 2288 viam
1775 2241 1859 2306 prae-

1114 2319 1205 2397 cepti,
1222 2319 1378 2396 iussionis‚
1395 2322 1532 2384 mandati
1552 2321 1604 2382 rel
1623 2319 1861 2394 commissionis,

1113 2412 1166 2475 sed
1187 2413 1280 2474 etiam
1302 2415 1590 2490 commendationis,
1607 2421 1637 2476 et
1658 2415 1725 2474 sive
1745 2413 1857 2491 palam,

1113 2503 1179 2565 sire
1199 2511 1327 2580 secrete,
1353 2514 1419 2570 tum
1441 2507 1473 2568 in
1499 2507 1748 2586 quibuscumque
1769 2505 1864 2582 scrip·

1114 2596 1168 2671 tis,
1193 2605 1262 2660 tum
1294 2607 1457 2676 oretenus,
1487 2607 1602 2662 ettam
1631 2599 1746 2662 directe
1768 2613 1862 2676 quam

1114 2688 1274 2766 indirecte,
1298 2694 1431 2755 mediate
1453 2693 1503 2756 rel
1525 2693 1716 2767 immediate,
1742 2709 1775 2754 ac
1795 2689 1862 2752 aliis

1112 2782 1362 2861 quibuscumque
1393 2785 1500 2848 lormis
1521 2793 1552 2848 et
1572 2786 1684 2860 modis,
1707 2783 1787 2846 nihil
1808 2797 1861 2860 pe·

1112 2874 1208 2950 nitus,
1231 2877 1360 2938 omisso:
1388 2877 1596 2957 praelatorum
1623 2878 1767 2941 omnium
1788 2891 1860 2938 con-

1110 2967 1254 3031 scientias
1275 2970 1407 3050 desuper
1427 2979 1603 3034 onerantes.
1721 3031 1724 3036 .

1151 3061 1241 3136 §le
1265 3063 1428 3141 Propterea
1456 3079 1564 3128 omnes
1592 3079 1804 3143 quascumque
1828 3070 1860 3124 et
1895 3074 2093 3171 deovoeantur

1109 3153 1247 3230 singulas
1268 3156 1438 3234 lacultates,
1461 3159 1659 3221 auctoritates
1673 3165 1704 3220 et
1719 3155 1858 3220 iurisdic·
1878 3137 1895 3172 ²
1948 3137 2092 3184 ⁹¹²⁰⁵⁰¹¹⁰‘

1111 3246 1222 3323 tiones,
1255 3251 1560 3330 quomodocumque,
1590 3251 1858 3331 qualitercumque
1877 3243 1966 3334 {³333
1983 3238 2090 3335 ffi‘fffss'.

1111 3345 1142 3400 et
1153 3341 1455 3422 quomodocumque,
1469 3352 1530 3408 tam
1543 3345 1576 3406 in
1589 3359 1703 3422 genere
1718 3359 1812 3422 qnam
1824 3343 1857 3406 in
1876 3343 1921 3387 m·
2103 3360 2107 3366 ·

1109 3435 1227 3512 specie,
1251 3435 1394 3499 omnibus
1420 3446 1451 3500 et
1475 3439 1607 3516 singulis
1634 3437 1764 3500 antehac
1790 3435 1858 3497 sive

1111 3545 1196 3592 nunc
1211 3530 1414 3594 existentibus
1430 3532 1654 3611 protectoribus
1665 3531 1854 3607 huiusmodi,

1109 3628 1140 3682 et
1162 3629 1226 3684 tam
1246 3639 1357 3686 eorum
1371 3625 1522 3704 personis
1534 3641 1628 3704 qnam
1650 3625 1771 3702 gradui,
1788 3641 1856 3688 mu-

1110 3716 1190 3790 neri,
1212 3717 1263 3778 rel
1284 3717 1384 3780 obicio
1405 3735 1562 3782 concessas
1576 3727 1607 3782 et
1627 3719 1790 3782 attributas
1805 3719 1855 3780 vel

1109 3809 1366 3886 communicatas,
1388 3827 1444 3873 seu
1464 3811 1501 3872 ab
1523 3811 1584 3872 illis
1612 3827 1736 3890 quoquo
1765 3811 1856 3873 modo

1109 3901 1246 3962 exerceri
1266 3911 1438 3980 consuetas,
1461 3905 1555 3966 etiam
1579 3905 1703 3984 speciali
1724 3911 1754 3965 et
1775 3904 1857 3966 indi-

1108 3999 1202 4061 vidui
1223 4002 1398 4077 mentione,
1422 4005 1709 4068 moderatione-seu
1731 4023 1854 4070 revoca-

1109 4093 1192 4155 tione
1207 4093 1326 4170 dignas,
1342 4097 1521 4158 earumdem
1543 4099 1686 4162 omnium
1701 4107 1732 4163 et
1746 4103 1856 4180 singu·

1107 4185 1208 4248 larum
1231 4193 1365 4264 tenores,
1388 4189 1467 4254 acsi
1489 4192 1526 4254 de
1547 4193 1642 4254 verbo
1663 4195 1699 4256 ad
1721 4195 1854 4258 verbnm

1106 4278 1216 4341 inserti
1238 4289 1352 4357 essent,
1368 4298 1423 4360 pro
1445 4283 1537 4362 plene
1552 4291 1583 4346 et
1597 4283 1787 4350 sufficienter
1802 4305 1855 4350 ex-

1107 4373 1218 4448 pressis
1249 4373 1412 4450 hahentes,
1436 4375 1468 4436 in
1496 4377 1641 4440 omnibus
1667 4389 1698 4442 et
1722 4381 1854 4458 singulis

1106 4481 1184 4542 quae
1205 4467 1380 4544 praemissis
1400 4470 1619 4546 adversantur,
1641 4475 1852 4553 moderamur,

1105 4557 1322 4634 reformamus,
1348 4564 1436 4626 etad
1458 4563 1589 4642 limites,
1623 4567 1768 4646 modum,
1792 4571 1853 4633 ior·

1105 4659 1240 4714 memet
1262 4660 1405 4717 tenorem
1425 4660 1634 4736 praesentium
1661 4663 1851 4742 reducimus,

1105 4751 1136 4807 et
1158 4762 1213 4823 pro
1234 4748 1277 4809 sic
1297 4750 1474 4825 moderatis,
1497 4751 1672 4816 reformatis
1693 4765 1723 4819 et
1744 4761 1852 4822 reduc-

1105 4839 1144 4902 tis
1165 4839 1283 4916 haberi,
1305 4843 1424 4904 censeri
1445 4851 1476 4908 et
1498 4845 1631 4924 intelligi
1654 4850 1800 4914 volumus
1821 4861 1852 4914 et

1105 4933 1317 5010 decernimus,
1344 4936 1449 5014 sicque
1480 4939 1610 5016 pariter,
1633 4950 1748 5004 elnon
1780 4945 1852 5007 aliis

1104 5045 1197 5106 quam
1218 5029 1338 5090 serrata
1358 5029 1455 5091 torma
1477 5035 1687 5110 praesentium
1708 5038 1851 5100 omnium

1105 5137 1139 5184 ac
1158 5123 1357 5198 singulorum
1378 5125 1411 5186 in
1434 5125 1493 5186 illis
1508 5137 1739 5203 contentorum,
1757 5131 1850 5194 iacul-

1106 5223 1197 5291 tates,
1225 5216 1450 5279 iurisdictiones
1472 5227 1503 5281 et
1524 5222 1720 5285 auctoritates
1744 5225 1851 5286 huius-

1105 5310 1200 5385 modi,
1213 5325 1335 5372 necnon
1357 5311 1570 5390 deputationes
1585 5316 1767 5378 eorumdem
1782 5333 1851 5396 pro-

1105 5409 1260 5464 tectorum
1294 5403 1327 5464 in
1365 5411 1526 5482 posterum
1561 5411 1850 5488 quomodocumque

1105 5495 1325 5572 concedendas,
1350 5499 1576 5576 attribuendas,
1599 5517 1655 5563 seu
1675 5503 1853 5564 communi·

1105 5589 1225 5664 candes,
1248 5597 1279 5650 et
1300 5593 1471 5668 respective
1491 5591 1657 5670 iaciendas,
1681 5595 1849 5670 observari,

1104 5683 1236 5758 attendi,
1267 5684 1402 5760 intelligi
1424 5692 1453 5746 et
1476 5687 1588 5765 exequi
1612 5689 1741 5750 omnino
1763 5688 1851 5751 volu·

1104 5791 1174 5838 mus
1196 5787 1226 5838 et
1248 5777 1440 5842 mandamus.

1144 5869 1163 5943 5
1187 5869 1401 5946 thomarico
1429 5873 1581 5951 praelatae
1608 5876 1849 5953 congregationi
1908 5876 2082 5925 committitur

1105 5969 1352 6026 memoratorum
1373 5965 1506 6043 negotiis
1527 5973 1558 6029 et
1575 5967 1850 6035 consultationibus
1869 5930 2082 6032 opggffigssocrggs

1877 3183 1931 3226 tam
1965 3180 2090 3228 formam
