4848 6990
320 555 509 611 tn.o.1oav
561 559 617 624 atq

846 696 971 760 XXXll.

541 885 714 965 Confirmat
730 885 920 947 erectionem
940 884 1164 946 doricoraitotis
1179 883 1283 945 studii

577 979 735 1058 pecoralis
756 979 792 1040 io
813 979 946 1040 civitate
969 977 1159 1040 Gontiotolc
1181 977 1216 1039 ia
1232 978 1283 1040 Iu-

578 1073 642 1134 diia
664 1069 919 1136 occidentalibus
939 1071 995 1153 (1).

707 1241 961 1311 ΙΝΝῠῦΕΝῘΙυὸ
985 1243 1047 1310 ΡΡ.
1069 1243 1113 1312 ill.

678 1365 1141 1434 mmmmmwm

344 1545 492 1592 exoratum.
578 1543 625 1604 Ex
645 1543 790 1622 supremi
810 1543 973 1605 militantis
995 1541 1145 1605 Ecclesiae
1161 1539 1284 1620 speculi

538 1637 702 1715 pastorales
718 1637 836 1713 vigilias
850 1653 943 1716 super
957 1637 1141 1698 universum
1155 1649 1283 1711 gregem

538 1729 661 1792 Domini
692 1747 784 1792 curae
814 1739 936 1793 nostrae
964 1729 1113 1791 divinitus
1141 1727 1284 1790 commis·

537 1841 608 1886 sum
639 1824 754 1901 iugiter
784 1831 922 1901 agentes,
951 1841 984 1886 ac
1016 1822 1130 1884 mentis
1162 1831 1285 1882 nostrae

538 1919 634 1981 aciem
656 1935 711 1998 per
736 1935 844 1980 omnes
876 1919 1036 1980 christiani
1066 1917 1153 1980 Orbis
1184 1923 1285 1992 partes

537 2013 669 2076 sollicite
699 2013 1021 2086 oi1·cumierentes,ad
1054 2027 1099 2084 ea,
1122 2025 1177 2089 per
1207 2024 1285 2086 quae

538 2107 784 2169 christifidelium
817 2113 949 2181 mentes,
977 2103 1112 2183 depulsis
1140 2104 1286 2179 ignoran-

538 2199 598 2262 tiae
616 2200 763 2274 tenebris,
779 2200 925 2262 scientiae
941 2199 1061 2260 lumine
1076 2197 1283 2268 illustrantur,

537 2309 570 2352 ac
590 2309 744 2354 sacrarum
767 2293 961 2370 aliarumque
992 2292 1147 2354 bonarum
1169 2289 1283 2349 littera-

537 2402 610 2447 rum
640 2386 740 2448 studia
761 2386 795 2446 ad
824 2386 975 2447 Ecclesiae
1006 2385 1114 2463 reique
1147 2381 1285 2460 publicae

537 2477 630 2540 decus
652 2487 682 2540 ot
697 2479 881 2556 praesidium
897 2486 1133 2557 promoventur,
1151 2475 1284 2536 libenter

536 2571 739 2646 intendimus,
764 2573 966 2650 munerisque
997 2571 1095 2633 riustri
1126 2567 1284 2648 pastoralis

536 2673 639 2742 partes
670 2665 860 2742 propensiori
893 2671 1037 2742 paternae
1068 2661 1201 2724 caritatis
1232 2659 1284 2720 be-

537 2757 689 2834 nignitate
721 2759 968 2837 interponimus,
1001 2759 1080 2819 sicut
1111 2757 1158 2834 pia
1180 2754 1283 2818 ortho-

536 2852 689 2912 doxorum
711 2867 821 2928 regum
836 2853 874 2914 de
889 2852 1022 2914 Ecclesia
1037 2851 1090 2912 llei
1105 2849 1213 2912 multis
1229 2865 1284 2910 no

537 2945 674 3006 minibus
688 2947 805 3024 optime
818 2947 1002 3008 meritorum
1015 2955 1085 3006 voto
1100 2949 1282 3022 exposcunt,

536 3045 567 3099 et
589 3055 656 3112 nos,
673 3037 823 3114 locorum,
844 3047 1032 3117 temporum,
1051 3053 1156 3100 rerum
1171 3045 1201 3098 et
1217 3053 1283 3115 per·

534 3147 683 3194 sonarum
704 3133 901 3210 qualitatibus
923 3141 1044 3194 mature
1072 3131 1281 3204 consideratis,

535 3225 572 3286 ad
593 3226 816 3305 omnipotentis
830 3227 884 3287 Dei
898 3227 1042 3303 gloriam,
1057 3225 1285 3301 catholicaeque

537 3317 608 3380 fidei
629 3321 896 3382 conservationem
918 3328 949 3382 et
970 3319 1283 3398 propagandorum

536 3412 690 3490 publicam
711 3415 924 3495 privatamque
951 3412 1201 3475 christifidelium
1222 3411 1284 3472 uti·

536 3504 668 3582 litatem,
690 3506 853 3568 salubriter
874 3509 907 3568 in
929 3507 1059 3568 Domino
1077 3505 1222 3584 expedire
1237 3520 1282 3563 ar-

536 3598 699 3661 bitramur.

306 3688 519 3790 oaoEXXXerXXJ
577 3694 595 3768 ἓ
619 3693 645 3754 i,
666 3693 772 3772 Nuper
791 3695 945 3774 siquidem
964 3711 1019 3772 pro
1034 3700 1118 3772 parte
1132 3690 1282 3754 carissimi

307 3798 341 3842 us
364 3796 518 3858 saburrato
537 3785 569 3848 in
591 3787 714 3850 Christo
737 3787 791 3848 ulit
812 3789 909 3851 nostri
928 3787 1041 3851 -Caroli
1067 3786 1281 3865 Hispaniarum

308 3851 332 3897 Β·
348 3849 436 3895 ⁰³¹⁰¹¹'
536 3881 618 3958 regis
639 3881 779 3943 catholici
801 3883 889 3944 nobis
911 3882 1083 3959 expositum
1101 3879 1172 3953 luit,
1188 3877 1280 3957 quod,

536 3991 607 4036 cum
628 3974 661 4036 in
688 3975 812 4037 civitate
843 3974 1031 4036 Gnatimalae
1062 3973 1151 4049 regni
1178 3971 1282 4034 Novae

536 4068 697 4146 Hispaniae
718 4069 750 4130 in
772 4069 866 4130 indiis
887 4067 1142 4140 Occidentalibus,
1159 4064 1196 4128 de
1215 4066 1281 4128 eius

535 4162 622 4238 regio
643 4177 768 4223 assensu
788 4171 819 4224 et
840 4163 975 4236 licentii,
999 4177 1060 4224 una
1089 4175 1168 4222 nova
1188 4159 1282 4222 studii

536 4255 690 4330 generalis
716 4255 906 4318 Universitas
927 4255 984 4318 sub
1004 4253 1097 4315 titulo
1117 4269 1172 4314 seu
1195 4254 1283 4314 invo-

535 4347 657 4408 catione
677 4347 773 4408 sancti
795 4347 895 4409 Caroli
916 4347 953 4408 ad
974 4347 1070 4408 instar
1098 4346 1282 4408 universita-

535 4448 606 4502 tum
638 4440 814 4502 studiorum
848 4439 1041 4517 generalium
1074 4439 1221 4501 Limanae
1252 4445 1282 4500 et

537 4533 712 4595 llenicanae
742 4533 866 4595 iundata
893 4549 925 4594 ac
954 4542 1055 4594 erecta
1083 4540 1114 4594 et
1142 4532 1281 4594 instituta

537 4626 645 4688 tuerit:
669 4627 734 4706 ipsa
756 4626 882 4690 Carolus
908 4643 975 4702 rex,
998 4625 1125 4705 provide
1146 4624 1283 4686 conside·

444 4719 447 4728 “
537 4737 609 4781 rans
628 4729 782 4800 quantum
803 4723 914 4784 exinde
935 4719 1078 4783 utilitatis
1098 4720 1204 4782 divino
1219 4719 1284 4780 cul-

537 4815 583 4874 tui
604 4823 635 4876 et
654 4813 783 4877 servitio
797 4831 830 4876 ac
844 4814 1011 4876 catholicae
1024 4811 1095 4874 fidei
1112 4812 1238 4874 tuitioni
1252 4819 1283 4872 et

536 4909 746 4986 propagationi
768 4908 990 4985 communique
1010 4914 1040 4968 et
1063 4909 1182 4985 privato
1197 4922 1282 4984 prae-

536 5003 645 5064 sertim
665 5002 749 5064 illius
780 5001 956 5080 provinciae
985 5002 1159 5064 incolarum
1180 5001 1284 5064 subdi-

536 5103 642 5158 torum
662 5111 792 5158 suorum
813 5096 894 5157 bono
912 5096 952 5156 sit
966 5111 1173 5170 accessurum,
1190 5095 1283 5156 etiam

535 5207 635 5253 sacros
650 5205 782 5252 canones
792 5199 823 5252 et
838 5189 1024 5267 theologiam
1036 5190 1069 5250 in
1085 5189 1189 5252 eidem
1202 5189 1283 5250 nova

536 5285 741 5348 universitate
771 5286 874 5348 doceri
894 5292 925 5346 et
952 5283 1081 5363 perlegi,
1104 5300 1137 5346 ac
1157 5281 1284 5344 faculta-

538 5389 605 5442 tum
626 5378 806 5441 huiusmodi
836 5378 997 5454 studiosos,
1019 5378 1147 5456 peractis
1167 5376 1285 5438 studio-

537 5491 610 5538 rum
629 5491 760 5537 suorum
773 5473 937 5549 laboribus,
953 5473 1114 5550 condignis
1129 5473 1283 5549 graduum

536 5569 789 5632 scholasticorum
819 5568 989 5630 honoribus
1009 5575 1039 5629 et
1067 5565 1211 5644 praemiis
1232 5565 1283 5628 de·

537 5663 634 5724 curari
664 5677 752 5740 posse
783 5662 956 5740 plurimum
986 5661 1147 5724 desideret.
1184 5661 1283 5736 Quare

537 5755 675 5818 eiusdem
698 5755 800 5820 Caroli
821 5759 900 5833 regis
922 5755 1050 5818 nomine
1074 5755 1132 5817 luit
1156 5754 1282 5818 humili·

1061 579 1125 626 ttltt.
1149 580 1240 626 PONT.
1264 580 1304 626 DE
1326 581 1354 625 P·
1379 580 1408 624 tt.
1433 579 1516 625 PARS
1538 579 1559 624 Ι.

2115 559 2169 613 An.
2183 561 2215 614 (l.
2237 559 2311 612 taen

1339 703 1387 759 ter
1400 697 1606 775 supplicatum
1620 705 1656 762 ut
1672 698 1706 762 in
1721 696 1897 777 praemissis
1911 703 2087 775 opportune

1338 791 1501 868 providere
1521 800 1552 854 et
1567 799 1602 855 ut
1617 794 1696 856 intra
1712 792 1876 870 indulgere
1889 791 1927 854 de
1942 790 2085 867 benigni-

1339 889 1401 944 tate
1421 885 1583 960 apostolicit
1604 887 1816 962 dignaremur.

1378 977 1447 1050 §2
1471 977 1532 1039 Nos
1553 978 1662 1055 igitur,
1686 980 1845 1042 laudabilia
1869 979 1962 1058 ipsius
1985 974 2326 1076 ⁰³l⁰¹iaue⁶d81¹t¹d⁰⁰dss¹ss

1339 1069 1420 1145 regis
1451 1071 1483 1132 in
1515 1073 1569 1132 llei
1600 1072 1783 1151 obsequium
1817 1073 2030 1150 Ecclesiaeque
2054 1077 2085 1132 et
2104 1089 2146 1146 cco
2164 1081 2326 1146 antverstta-
2410 1072 2417 1147 ζ

1339 1161 1524 1240 reipublicae
1545 1164 1662 1226 bouum
1680 1165 1779 1227 studia
1795 1153 1967 1243 plurimum
1982 1164 2014 1224 in
2029 1163 2086 1224 llo-
2103 1133 2326 1254 fflffiffissss

1340 1255 1425 1317 utino
1446 1259 1709 1334 commendamus,
1734 1259 1852 1338 piisque
1872 1259 1939 1320 eius
1953 1256 2086 1336 postula·
2104 1247 2131 1292 0‘
2147 1247 2310 1291 nosocomo.
2412 1308 2416 1317 .

1341 1349 1378 1412 tis
1399 1349 1599 1412 favorabilem
1626 1369 1796 1428 assensum,
1818 1361 1972 1431 quantum
1998 1349 2087 1412 nobis

1340 1461 1377 1506 en
1398 1445 1459 1506 alto
1474 1447 1663 1520 conceditur,
1679 1448 1827 1524 praebere
1841 1445 2013 1526 cupientes,
2030 1444 2087 1506 hu-

1341 1537 1472 1600 iusmodi
1497 1539 1772 1618 supplicationibus
1803 1539 1956 1612 inclinati,
1978 1538 2086 1600 lunda·

1339 1631 1458 1694 tionem
1479 1650 1512 1694 ac
1531 1633 1721 1696 erectionem
1735 1643 1766 1695 et
1780 1633 2010 1696 institutionem
2025 1631 2087 1694 dic-

1317 1731 1389 1808 ‚tae
1410 1741 1507 1788 novae
1530 1727 1746 1789 Universitatis
1767 1727 1860 1790 studii
1882 1725 2034 1802 generalis
2052 1725 2086 1786 in

1341 1819 1472 1896 praefati
1491 1820 1617 1883 civitate
1629 1822 1819 1884 Gnatimalae
1833 1823 1937 1895 iactas,
1953 1829 1989 1882 ut
2003 1835 2088 1898 prae-

1341 1911 1452 1988 iertur,
1475 1931 1545 1976 curn
1568 1916 1713 1978 omnibus
1730 1925 1761 1978 et
1775 1917 1908 1993 singulis
1922 1915 1992 1978 inde
2007 1923 2086 1978 cete-

1341 2008 1428 2084 roqui
1447 2008 1584 2084 legitime
1598 2010 1738 2087 sequutis
1753 2018 1783 2072 et
1794 2010 1972 2088 sequuturis
1987 2012 2088 2088 (itaut

1341 2101 1373 2162 in
1389 2103 1494 2164 eidem
1510 2103 1590 2163 novt
1606 2102 1814 2165 Universitate
1830 2110 1892 2164 tam
1906 2103 1983 2166 sacri
1997 2121 2088 2166 carto·

1341 2209 1395 2256 nes
1416 2201 1450 2258 ol
1470 2194 1633 2272 theologia,
1657 2212 1751 2274 qoam
1771 2196 1847 2258 aliae
1867 2212 1976 2258 omnes
1990 2199 2089 2260 scieu-

1341 2287 1400 2348 tiae
1421 2296 1451 2349 et
1472 2288 1633 2350 facultates
1654 2289 1771 2366 perlegi
1791 2299 1823 2351 ct
1843 2289 1956 2366 doceri,
1979 2291 2012 2352 iu
2031 2291 2086 2353 eis-

1340 2397 1400 2458 que
1420 2381 1558 2456 studiosi,
1585 2383 1721 2444 emensis
1746 2384 1921 2446 studiorum
1949 2385 2089 2448 curricu-

1342 2475 1387 2548 lis,
1410 2475 1445 2536 ad
1467 2491 1679 2554 quoscumque
1698 2479 1809 2553 gradus
1823 2479 2017 2542 scholasticos
2032 2496 2087 2558 pro

1340 2583 1449 2631 eorum
1478 2569 1597 2632 meritis
1626 2579 1656 2632 et
1685 2571 1862 2648 idoneitate,
1890 2576 2087 2652 quemadmo-

1340 2663 1414 2722 dum
1436 2662 1468 2724 in
1499 2664 1680 2740 supradictis
1712 2665 1839 2727 Limane
1870 2675 1901 2728 et
1933 2668 2088 2730 lievicand

1342 2756 1595 2818 universitatibus
1618 2758 1684 2818 lieri
1713 2760 1887 2835 consuevit,
1910 2761 2087 2839 promoveri

1340 2848 1488 2929 valeant),
1500 2853 1681 2914 auctoritate
1696 2853 1868 2931 apostolici,
1883 2862 1990 2916 tenore
2002 2871 2088 2934 prae-

1339 2943 1487 3018 sentium,
1515 2947 1735 3007 confirmamus
1757 2955 1788 3008 et
1813 2948 2028 3026 approbamus,
2051 2948 2087 3008 il-

1340 3035 1438 3113 lisque
1459 3038 1645 3100 inviulabilis
1666 3040 1848 3118 apostolicae
1869 3041 2023 3104 firmitatis
2039 3059 2088 3104 ro-

1341 3131 1399 3190 bur
1420 3131 1589 3206 adiicimus,
1613 3151 1645 3194 ac
1667 3149 1776 3198 omues
1797 3141 1829 3195 et
1848 3134 1988 3210 singulos
2011 3135 2088 3196 iuris

1339 3230 1369 3282 et
1390 3223 1462 3286 iacti
1483 3241 1516 3288 ac
1530 3225 1763 3289 solemnitatum
1778 3227 1811 3288 iu
1825 3228 1979 3290 similibus
1994 3228 2087 3290 etiam

1339 3317 1376 3376 de
1394 3319 1574 3380 necessitate
1590 3320 1853 3382 observandarum
1868 3321 1983 3383 aliosve
1998 3338 2089 3400 quos-

1339 3409 1412 3471 libet
1442 3411 1536 3474 etiam
1568 3415 1769 3490 quantumvis
1800 3413 1945 3478 turmales
1965 3423 1996 3477 et
2016 3416 2087 3477 sub-

1338 3503 1492 3565 stantiales
1513 3505 1660 3580 deiectus
1682 3509 1708 3568 si
1728 3508 1782 3586 qui
1801 3509 1832 3570 in
1848 3510 2021 3587 praemissis
2037 3511 2088 3571 vel

1338 3613 1447 3658 eorum
1478 3597 1581 3676 aliquo
1612 3601 1824 3679 principaliter
1851 3603 1901 3665 vel
1921 3605 2089 3665 accessorio

1338 3691 1485 3752 octatius
1511 3693 1740 3769 quomodolibet
1768 3695 2009 3771 intervenerint,
2032 3715 2087 3760 seu

1338 3785 1553 3860 intervenisse,
1565 3785 1635 3860 dici,
1649 3790 1767 3849 censeri
1782 3789 1832 3850 vel
1848 3791 2005 3867 praetendi
2020 3807 2087 3868 pos·

1314 3877 1419 3952 'sent
1443 3878 1622 3956 plenissime
1644 3889 1675 3942 et
1696 3881 1884 3960 amplissime
1907 3884 2087 3961 supplemus

1338 3979 1369 4031 et
1389 3987 1544 4046 sanamus,
1562 3989 1596 4034 ac
1618 3975 1742 4051 penitus
1756 3983 1788 4036 et
1802 3977 1931 4037 omnino
1947 3976 2087 4038 tollimus

1338 4071 1369 4125 et
1389 4064 1557 4126 abolemus.
1580 4067 1622 4129 hc
1644 4068 1745 4129 eidem
1768 4080 1866 4130 hovae
1886 4070 2086 4132 Universitati

1337 4159 1431 4219 studii
1453 4161 1615 4235 generalis,
1638 4161 1680 4223 sio
1701 4179 1717 4222 a
1739 4163 1826 4225 nobis
1841 4164 2041 4225 confirmatae
2055 4170 2086 4225 et

1337 4253 1528 4330 approbatae,
1540 4254 1687 4333 illiusque
1701 4258 1824 4331 rectori,
1839 4257 2004 4334 magistris,
2018 4259 2086 4320 doo-

1340 4348 1467 4423 toribus,
1492 4349 1667 4423 lectoribus,
1691 4352 1950 4429 praeceptoribus
1970 4353 2086 4414 schola·

1337 4443 1434 4516 libna,
1457 4443 1716 4520 procuratoribus,
1739 4443 1871 4520 bidellis,
1889 4446 2022 4520 nunciis,
2039 4463 2088 4509 oe-

1339 4537 1475 4612 terisquc
1502 4535 1693 4610 officialibus,
1721 4537 1874 4599 ministris
1896 4547 1927 4600 et
1948 4539 2087 4618 personis

1338 4628 1585 4706 quibuscumque
1616 4644 1701 4691 nunc
1721 4637 1752 4691 et
1772 4645 1828 4709 pro
1856 4639 1997 4710 tempore
2022 4631 2086 4694 exi-

1338 4722 1502 4796 stentibus,
1527 4729 1560 4784 ut
1581 4723 1725 4785 omnibus
1746 4730 1777 4786 et
1802 4725 1935 4802 singulis
1961 4725 2086 4804 privile·

1339 4816 1407 4892 giis,
1430 4816 1571 4892 indultis,
1595 4816 1799 4894 libertatibus,
1824 4819 2084 4896 immunitatibus,

1338 4911 1599 4989 exemptionibus,
1627 4909 1795 4987 favoribus,
1825 4915 1942 4989 gratiis,
1966 4929 2087 4992 praero-

1339 5005 1461 5081 gativis,
1483 5005 1653 5066 honoribus
1674 5012 1704 5067 et
1731 5008 1995 5084 praeeminentiis,
2018 5007 2087 5085 qui·
2177 5059 2183 5070 .

1339 5097 1395 5159 bus
1416 5097 1567 5176 praelatae
1594 5099 1721 5162 Limane
1743 5108 1774 5162 et
1794 5099 1950 5162 lienicana
1970 5101 2086 5163 studio-

1339 5208 1409 5254 rum
1430 5193 1625 5268 generalium
1646 5193 1875 5268 universitates,
1898 5193 2086 5272 illarumque

1338 5293 1482 5361 rectores,
1506 5288 1658 5364 magistri,
1676 5289 1826 5362 doctores,
1843 5287 1983 5363 lectores,
2000 5303 2086 5367 prae-

1337 5387 1486 5458 ceptores,
1518 5379 1682 5457 scholares,
1711 5388 1937 5460 procuratores,
1966 5382 2084 5459 bidelli,

1339 5475 1459 5549 nuncii,
1481 5475 1638 5554 ceterique
1665 5475 1808 5538 officiales
1829 5484 1860 5538 et
1882 5476 2029 5551 ministri,
2051 5495 2086 5540 ac

1338 5583 1486 5647 personae
1514 5583 1727 5648 quaecumque
1754 5570 1936 5647 respective,
1963 5577 2027 5631 tam
2048 5571 2087 5632 de

1339 5661 1406 5724 iure
1426 5670 1458 5723 et
1478 5661 1714 5738 consuetudine,
1737 5679 1830 5742 quam
1857 5663 1930 5725 alias
1957 5679 2087 5742 quomo-

1339 5755 1464 5830 dolibet,
1492 5764 1639 5830 utuntur,
1671 5758 1832 5833 fruuntur,
1865 5757 2029 5835 potiuntur
2055 5765 2086 5819 et

1737 5847 1746 5870 0

581 5975 610 6031 (l)
626 5977 663 6019 Ex
678 5973 744 6019 Bull,
761 5973 800 6018 ed.
817 5973 913 6020 taurin.
929 5973 979 6019 vol.
994 5975 1067 6028 xlx,
1082 5985 1140 6030 pag.
1156 5975 1204 6028 767,
1218 5971 1276 6019 ooli.
1291 5983 1351 6020 oum
1366 5971 1432 6028 orig.
1447 5971 1475 6016 in
1490 5969 1565 6014 Aron.
1581 5971 1653 6014 Bran.
