4844 6990
1022 623 1162 674 GLEHENS
1183 623 1242 674 ΧῙΙ.

670 740 791 806 XLVii.

361 924 525 1004 Episcopis
541 935 570 990 ot
586 929 804 993 missionoriis
821 931 855 992 in
871 933 978 1012 repnis
993 933 1108 997 Modu-

400 1021 500 1092 rensi,
523 1021 746 1097 Mopssnrunsi
777 1032 807 1086 et
832 1025 1026 1088 Cururntcnsi
1048 1025 1107 1089 snb

400 1115 603 1192 probissimis
637 1118 747 1193 poenis
779 1119 935 1196 praecipit
967 1117 1108 1182 obedien-

402 1207 482 1269 tium
506 1208 796 1272 constitutionibus
817 1213 1002 1288 apostolicis
1024 1211 1108 1276 debi-

401 1308 469 1362 tam
490 1302 579 1364 circn
601 1302 688 1365 ritus
711 1301 925 1368 Muloboricos
947 1305 1003 1384 (i).

361 1482 592 1554 venerabilibus
615 1487 762 1556 tratribus
785 1495 817 1556 et
832 1489 957 1556 Dilectis
980 1489 1051 1567 titis,
1069 1489 1106 1554 Ε-

401 1579 532 1663 piscopis
545 1585 578 1647 et
593 1581 778 1664 tpoetottots
795 1583 997 1662 hissionariis
1014 1583 1041 1649 in
1058 1599 1106 1648 re·
1132 1570 1135 1671 l

400 1671 467 1756 gnis
504 1672 646 1741 indiarum
683 1675 876 1743 Orientalium
914 1677 1134 1756 ttiadurensi,¹

400 1767 880 1852 mmmmwmm

532 1915 718 1984 ΟΙ.ΕΜΕΝ8
741 1919 842 1986 ruet
866 1919 922 1988 ΧΙΙ.

438 2053 639 2122 lienerahiies
658 2056 775 2123 iratres
796 2061 828 2122 et
846 2057 945 2126 dilecti
960 2057 1024 2138 iiiii,
1131 2097 1134 2156 p

391 2150 519 2217 salutem
542 2155 573 2216 et
595 2150 792 2232 apostolicam
818 2151 1067 2219 benedictionem.
1131 2161 1133 2215 ι

396 2344 579 2407 honorantia
611 2344 698 2406 nohis
725 2344 873 2407 dominici
900 2345 1003 2420 gregis
1031 2361 1104 2408 cara

357 2440 505 2502 continuo
528 2455 585 2499 nos
606 2446 708 2515 urget,
725 2439 758 2499 in
774 2436 802 2500 id
818 2440 981 2516 praecipue
996 2445 1027 2500 et
1043 2439 1104 2500 tota

355 2531 553 2594 solicitudine
575 2531 766 2607 incumbere,
790 2541 824 2594 ut
846 2532 883 2593 ah
904 2531 940 2592 iis
954 2533 1101 2609 maxime,

356 2623 409 2702 qni
430 2623 532 2685 sortiti
553 2633 627 2687 sunt
641 2632 761 2703 partem
783 2625 950 2687 ministerii
965 2625 1058 2687 huius
1072 2635 1103 2688 et
1129 2667 1131 2704 ,

357 2717 389 2778 in
411 2718 513 2780 iucem
535 2719 679 2794 gentium
699 2727 773 2780 sunt
795 2719 892 2792 missi,
909 2734 981 2795 erga
996 2719 1028 2782 S.
1050 2720 1103 2784 Se-

356 2809 426 2872 dem
461 2828 494 2873 ao
526 2811 688 2890 apostolica
721 2811 862 2873 mandata
892 2812 985 2873 itiiaie
1017 2813 1102 2875 ohse-

355 2907 466 2984 quium
487 2906 682 2982 enhiheatur,
699 2914 790 2984 atque
813 2906 884 2967 fidei
900 2907 1042 2982 dogmata
1057 2925 1104 2968 sa-

355 3017 484 3079 crusque
506 2999 659 3062 Ecclesiae
680 2999 758 3061 ritus
780 3007 811 3062 et
833 3000 889 3077 ipsi
916 2999 1100 3062 intemerate

355 3095 510 3156 retineant
533 3103 563 3156 ot
585 3094 659 3156 aiios
685 3093 843 3167 edoceant,
867 3099 901 3154 ul
922 3109 999 3171 quos
1021 3094 1101 3156 ioco-

354 3203 426 3251 rum
452 3187 606 3250 immensa
634 3188 764 3265 spatiaa
791 3187 873 3249 Petri
901 3187 980 3249 Sede
1006 3187 1100 3266 longe

354 3281 551 3357 disiungunt,
564 3297 615 3342 eos
637 3288 741 3342 tamen
765 3279 838 3342 hdes
860 3281 966 3342 endem
981 3282 1014 3342 in
1031 3282 1100 3344 rini-

354 3383 416 3437 tate
436 3375 563 3454 spiritns
585 3382 616 3437 et
637 3375 795 3436 doctrinae
816 3373 1022 3450 conglutinet.

393 3471 412 3545 ἓ
435 3469 462 3531 i.
486 3469 567 3532 Alias
587 3471 691 3548 itaque
712 3485 767 3547 per
788 3469 905 3530 similes
927 3469 1030 3531 literas
1045 3487 1099 3532 no·

352 3569 430 3624 stras
451 3562 509 3624 suh
540 3560 647 3622 datum
675 3560 724 3622 die
751 3575 838 3620 xxrv.
873 3562 995 3637 augusti
1025 3561 1098 3623 anni

353 3671 554 3718 noeoxxxrv.
575 3653 755 3732 incipientes
777 3651 977 3730 Conpertum
993 3657 1099 3732 carpto·

353 3757 524 3826 ratumque
538 3748 594 3828 (2),
613 3747 821 3809 fraternitates
842 3755 959 3809 vestras
976 3763 1100 3810 omnes-

353 3858 413 3920 que
434 3841 653 3914 missionarios,
669 3857 706 3902 eo
726 3839 837 3902 maiori
858 3857 919 3918 quo
940 3841 1098 3919 potuimus

352 3943 482 4014 paterno
510 3933 643 3997 caritatis
669 3933 795 4008 alfeclu,
825 3933 1046 4012 requisivimus
1067 3942 1097 3996 et

352 4027 587 4102 declaravimus,
604 4043 696 4105 quam
711 4027 851 4104 impense
865 4033 1097 4105 exoptaremns,

352 4129 387 4183 nt
409 4121 462 4200 qni
484 4121 516 4182 in
540 4120 646 4197 regnis
668 4119 733 4181 istis
756 4119 870 4182 Christi
893 4119 964 4180 hdei
985 4119 1098 4180 verita-

352 4224 415 4276 tem
444 4220 646 4291 agnoscentes
673 4219 920 4286 convertuntur,
949 4212 1098 4290 supersti-

351 4307 444 4368 tiosos
472 4305 641 4384 gentilium
670 4306 748 4367 ritus
777 4305 907 4366 omnino
928 4305 1096 4366 obtinerent

351 4406 443 4479 atque
471 4408 701 4474 aversarentur,
726 4415 765 4460 ne
787 4399 959 4460 habeantur
980 4406 1012 4460 et
1039 4398 1096 4478 ipsi

350 4492 386 4555 ad
408 4495 505 4556 instar
526 4492 725 4570 eorum,·qui
752 4509 824 4553 curn
847 4491 1020 4552 Dominum
1046 4507 1095 4551 co·

351 4586 465 4656 terent,
489 4585 552 4646 diis
573 4600 692 4663 quoquc
706 4581 885 4646 serviebant
909 4584 1007 4646 iuncto
1023 4599 1094 4645 con·

349 4679 538 4740 suotradines
570 4679 733 4757 pontium.-
764 4687 861 4756 utque
888 4677 921 4738 in
950 4693 983 4738 re
1016 4677 1094 4738 tanti

350 4772 503 4834 momenti
531 4771 618 4834 nnita
650 4777 729 4833 esset
757 4770 935 4832 oiiendicoii
967 4770 1092 4843 occasio,

349 4865 461 4928 auditis
483 4864 713 4941 theologorum,
736 4881 770 4926 ac
791 4863 974 4941 praesertim
996 4877 1091 4924 venn.

350 4956 483 5018 iratrum
514 4963 695 5018 nostrorum
717 4955 748 5020 S.
761 4955 802 5016 tt.
821 4956 855 5016 E.
883 4954 1093 5017 cardinalium

349 5065 405 5128 per
426 5049 605 5111 universnm
632 5048 831 5111 christianam
860 5046 1093 5125 Rempubiicam

350 5141 543 5218 generalium
565 5143 790 5220 inquisitorum
811 5139 1093 5218 seninghehem,

349 5235 435 5296 iusta
456 5233 547 5296 dubia
570 5242 644 5297 tunc
657 5234 823 5313 proposita,
840 5233 968 5312 provide
988 5234 1094 5295 statui-

349 5344 419 5390 mus
437 5337 468 5389 et
482 5345 499 5388 a
513 5328 715 5390 missionariis
735 5326 923 5388 observanda
945 5329 1093 5404 praescri·

348 5422 475 5500 psimns.
498 5422 638 5497 Quorum
653 5421 795 5483 omnium
811 5421 842 5482 in
859 5437 914 5482 nos
929 5421 1096 5482 observan-

347 5516 401 5590 tia,
424 5533 457 5578 ac
477 5516 614 5578 studium
637 5514 867 5592 amplificandae
889 5513 959 5574 fidei
975 5513 1008 5574 in
1029 5529 1094 5576 cer-

347 5615 411 5670 tam
431 5625 516 5688 spem
532 5625 588 5670 nos
603 5609 741 5684 erigant,
757 5615 793 5668 nt
813 5607 879 5686 pari
893 5606 1094 5669 contentione

346 5720 403 5784 pro
414 5703 534 5766 viribus
546 5704 763 5782 obtemporare
774 5709 924 5778 satagant,
941 5715 998 5763 nec
1009 5699 1094 5762 ullus

387 5949 417 6004 (l)
432 5950 469 5992 Ex
483 5947 549 5992 Bali.
565 5950 590 5992 Ρ.
605 5946 637 5991 da
651 5949 676 5990 P.
690 5947 716 5990 F.
733 5944 781 5989 vol.
795 5947 834 5998 ih,
844 5955 867 6000 p.
878 5946 926 6000 279,
936 5945 1023 5990 conat.
1034 5955 1094 5989 cum

345 6017 460 6074 Regesto
474 6014 611 6060 Bussarum
626 6009 819 6058 abbreviatoris
834 6013 865 6056 de
880 6012 965 6060 Curia.

1164 747 1234 823 erit,
1258 747 1311 827 qui
1332 747 1505 811 detestabili
1527 747 1722 826 induigentia
1736 748 1826 811 aliter
1842 749 1910 811 heri

1163 858 1251 919 posse
1272 843 1398 920 cogitet,
1415 849 1456 918 et,
1475 844 1573 906 veluti
1595 843 1736 905 infideles
1758 843 1826 918 filii,
1843 859 1910 921 pcc-

1163 950 1236 996 cure
1256 951 1305 998 cos
1327 937 1454 1015 fuciunt
1477 945 1639 1014 peccatum
1661 955 1826 1018 mopnnrn.

1203 1029 1222 1104 ὃ
1243 1029 1271 1090 2.
1296 1029 1376 1093 Sane
1397 1030 1454 1091 atsi
1475 1031 1559 1092 hisce
1582 1033 1691 1094 mediis
1712 1033 1838 1094 muneri
1855 1049 1908 1094 uo-

1162 1130 1226 1183 stro
1254 1123 1434 1184 satisiecisse
1455 1141 1489 1185 ac
1518 1123 1587 1185 sine
1614 1125 1812 1186 solicitudine
1842 1141 1908 1188 esse

1161 1217 1381 1293 suaderemnr;
1398 1225 1531 1279 attamen
1544 1217 1588 1279 rei
1601 1225 1809 1292 momentum,
1822 1234 1837 1277 a
1849 1234 1909 1296 qua

1162 1308 1234 1370 helei
1256 1310 1374 1388 puritas
1395 1319 1488 1390 atque
1510 1312 1671 1388 integritas
1686 1313 1810 1390 pendet,
1828 1328 1909 1374 nnn-

1162 1419 1255 1480 quam
1288 1403 1367 1466 hanc
1391 1405 1424 1466 in
1452 1405 1541 1466 nohis
1568 1421 1675 1466 curam
1703 1405 1828 1479 deiehit,
1850 1406 1911 1466 nisi

1161 1496 1197 1556 ad
1209 1497 1458 1572 magnitudinem
1471 1498 1908 1576 negotiiopportuniorasem-

1161 1604 1216 1666 per
1237 1605 1450 1668 comparemus
1472 1590 1617 1652 remedia.
1644 1592 1742 1665 Quare
1764 1591 1909 1652 fraterni·

1162 1681 1274 1742 tatibus
1305 1683 1419 1744 vestris
1448 1690 1478 1744 et
1509 1685 1709 1746 missionoriis
1741 1684 1905 1759 omnihus,

1162 1774 1273 1852 quihus
1288 1776 1454 1854 praedictas
1469 1787 1590 1838 nostras
1606 1777 1707 1838 literas
1722 1777 1905 1852 direximus,

1160 1865 1226 1926 sive
1246 1867 1398 1928 seculares
1418 1867 1485 1928 sire
1506 1868 1664 1944 regulares
1684 1867 1908 1945 cuiuscumque

1161 1959 1341 2036 Religionis,
1371 1961 1645 2038 Congregationis,
1676 1960 1829 2034 instituti,
1853 1960 1907 2022 So-

1162 2053 1278 2114 cietatis
1293 2054 1387 2115 etiam
1403 2055 1471 2116 iesu
1491 2055 1622 2130 fueritis,
1639 2054 1860 2116 demandamus
1874 2061 1906 2116 et

1161 2145 1376 2224 praecipimus,
1399 2155 1434 2210 ut
1455 2148 1558 2210 omnia
1579 2148 1755 2224 eisinguia,
1778 2147 1905 2226 quaein

1161 2239 1248 2301 dictis
1270 2241 1384 2302 nostris
1406 2240 1504 2303 literis
1532 2243 1745 2316 continentur,
1769 2243 1903 2318 integre,

1160 2341 1265 2396 exacte
1286 2351 1319 2396 ao
1346 2335 1566 2414 inviolabiliter
1595 2337 1782 2412 observetis,
1813 2345 1905 2415 atque

1160 2429 1196 2490 ab
1218 2429 1273 2504 eis,
1302 2445 1436 2506 quorum
1456 2447 1537 2492 cura
1558 2429 1594 2490 ad
1618 2447 1671 2490 vos
1696 2439 1829 2510 spectat,
1858 2446 1904 2490 re-

1160 2524 1241 2582 moti
1272 2523 1394 2598 penitus
1426 2523 1534 2602 quavis
1564 2523 1653 2585 aliter
1680 2523 1905 2602 interpretandi

1159 2623 1320 2692 potestate,
1344 2616 1529 2680 adamussim
1555 2617 1711 2678 observari
1734 2617 1848 2680 iaciatis
1871 2618 1903 2678 in

1159 2709 1277 2772 virtute
1297 2717 1418 2772 sanctae
1439 2711 1633 2772 obedientiae
1653 2711 1711 2773 suh
1726 2713 1824 2790 poena
1839 2727 1904 2772 sus·

1158 2803 1315 2882 pensionis
1330 2806 1367 2864 ab
1382 2804 1530 2865 exercitio
1551 2805 1789 2882 pontificalium,
1806 2805 1904 2865 inter-

1158 2897 1229 2958 dicti
1252 2896 1289 2958 ab
1318 2898 1458 2972 ingressu
1488 2897 1642 2972 ecciesiae,
1673 2905 1705 2958 et
1732 2895 1904 2974 respective

1158 2991 1488 3052 excommunicationis
1510 2991 1586 3052 latae
1608 2993 1822 3066 sententiae,a
1843 3007 1903 3070 qua

1158 3103 1252 3148 nemo
1267 3095 1408 3148 vestrum
1430 3103 1446 3146 a
1467 3101 1636 3164 quoquam,
1654 3094 1871 3165 praeterquam
1887 3104 1902 3146 a

1157 3181 1245 3242 nohis
1266 3197 1321 3241 sen
1348 3179 1488 3241 Romano
1509 3179 1658 3240 Pontihce
1685 3195 1740 3258 pro
1763 3187 1903 3258 tempore

1156 3273 1322 3348 existente,
1345 3284 1476 3350 excepto
1492 3281 1613 3334 tantnm
1629 3273 1737 3333 mortis
1758 3274 1901 3349 articulo,

1156 3367 1272 3428 absolvi
1294 3367 1430 3444 possitis3
1454 3373 1483 3427 et
1507 3367 1604 3444 quoad
1632 3366 1789 3450 regulares
1817 3367 1903 3427 insu-

1155 3477 1211 3540 per
1233 3461 1415 3541 privationis
1444 3460 1527 3522 vocis
1548 3459 1663 3520 activae
1685 3468 1717 3522 et
1746 3461 1900 3540 passivae,

1154 3555 1249 3616 etiam
1270 3555 1335 3632 ipso
1362 3554 1441 3616 iacto
1463 3561 1493 3614 et
1514 3552 1582 3614 sine
1605 3553 1665 3614 ulid
1691 3553 1747 3615 alib
1768 3553 1903 3616 deciara-

1155 3647 1241 3708 tione
1261 3646 1478 3708 incurrendae.

1194 3741 1213 3814 ἓ
1234 3739 1264 3801 3.
1289 3739 1400 3802 itidem
1413 3741 1471 3802 snb
1486 3740 1594 3802 iisdem
1616 3741 1723 3819 poenis
1739 3750 1769 3803 et
1791 3758 1901 3804 censu-

1153 3833 1196 3894 ris
1217 3834 1282 3912 pari
1303 3835 1484 3896 anctoritate
1499 3833 1702 3912 praecipimus
1724 3843 1754 3896 et
1775 3838 1900 3899 manda·

1154 3941 1235 4000 mus,
1251 3931 1285 3988 ut
1300 3941 1409 3988 omnes
1425 3933 1455 3987 et
1469 3926 1599 4002 singuli,
1614 3927 1666 4004 qui
1681 3927 1719 3988 ah
1733 3927 1789 3990 hac
1804 3929 1835 3990 S.
1847 3929 1899 3992 Se·
1991 3955 1994 3962 ·

1154 4020 1190 4081 de
1213 4021 1280 4080 sive
1301 4019 1338 4081 ab
1359 4036 1468 4082 eornm
1490 4021 1662 4100 respective
1687 4023 1899 4099 superioribas

1153 4113 1197 4174 ad,
1211 4113 1267 4174 ista
1289 4129 1386 4190 regna
1411 4113 1501 4175 sacris
1523 4114 1674 4175 obeundis
1700 4114 1899 4178 missionibus

1153 4205 1240 4267 missi
1262 4207 1359 4281 eritis,
1381 4207 1484 4267 statim
1506 4223 1539 4268 ac
1560 4209 1597 4269 de
1619 4207 1702 4270 hisce
1725 4209 1823 4272 literis
1844 4227 1898 4272 no-

1152 4299 1223 4360 stris
1244 4299 1390 4361 certiores
1411 4300 1481 4362 iacti
1503 4299 1637 4377 ineritis,
1653 4303 1704 4364 vei
1719 4305 1827 4382 quavis
1841 4305 1899 4366 aiii

1151 4391 1391 4454 denunciatione
1413 4393 1451 4455 de
1474 4391 1534 4454 iilis
1555 4395 1698 4456 notitiam
1713 4396 1895 4472 habueritis,

1152 4485 1366 4548 iuramentum
1388 4487 1560 4563 praestetis,
1583 4485 1717 4564 integre,
1740 4495 1845 4552 exacte
1864 4508 1898 4552 ac

1152 4578 1332 4640 omnimode
1353 4578 1496 4656 impiere,
1520 4595 1598 4657 quae
1621 4583 1786 4659 provideo
1809 4583 1897 4645 nohis

1151 4671 1184 4733 in
1205 4672 1316 4734 iisdem
1338 4672 1434 4733 literis
1456 4673 1623 4735 constituta
1639 4673 1779 4750 luerunt,
1795 4691 1897 4754 neque

1150 4764 1210 4825 iiiis
1226 4764 1287 4826 ulia
1303 4765 1333 4826 in
1352 4773 1439 4843 parte
1452 4766 1564 4843 quovis
1578 4767 1637 4828 suh
1650 4777 1812 4846 praetentu
1824 4785 1896 4832 con·

1152 4859 1253 4921 traire.
1278 4859 1339 4921 iliis
1361 4859 1466 4934 etiam,
1489 4860 1543 4938 qui
1564 4863 1824 4942 quandocumque
1840 4865 1897 4926 hoc

1150 4967 1267 5014 munus
1297 4954 1470 5032 suscepturi
1503 4962 1615 5030 erunt,
1648 4957 1832 5021 mandamns
1863 4973 1897 5019 ac

1151 5046 1357 5124 praecipimus
1379 5047 1437 5109 suh
1457 5047 1567 5110 iisdem
1589 5049 1735 5111 omnihus
1756 5051 1896 5112 censuris

1150 5146 1181 5199 el
1201 5140 1320 5217 poenis,
1343 5149 1378 5202 ut
1400 5141 1487 5202 nniio
1508 5148 1595 5219 pacto
1616 5141 1749 5204 audeant
1771 5143 1822 5204 vei
1837 5144 1896 5206 mi·

1150 5233 1273 5294 nimum
1295 5241 1398 5296 actum
1420 5235 1564 5313 expiere,
1588 5235 1648 5296 nisi
1674 5243 1764 5296 antea
1786 5237 1896 5314 stipsi

1150 5324 1363 5388 iuramentum
1377 5327 1567 5406 praedictum
1578 5329 1802 5406 praestiterint,
1819 5330 1895 5406 quin

1151 5434 1208 5481 nec
1229 5425 1378 5499 tanquam
1400 5420 1573 5498 presbyteri
1595 5422 1797 5484 secularosah
1811 5422 1896 5484 Ordi-

1150 5513 1245 5574 nariis
1266 5511 1405 5574 iocorum
1433 5514 1590 5592 deputati,
1619 5530 1675 5576 seu
1704 5515 1802 5577 veluti
1824 5516 1896 5576 sim·

1149 5605 1242 5684 plicas
1273 5606 1429 5682 religiosi,
1459 5607 1509 5668 vel
1530 5607 1640 5686 quavis
1662 5607 1721 5668 aiio
1750 5608 1842 5670 titulo
1864 5617 1896 5670 et

1150 5699 1277 5762 nomine
1306 5700 1553 5762 christifidelium
1580 5701 1787 5764 confessiones
1814 5703 1896 5763 exci-

1189 5945 1218 6000 (u)
1234 5943 1297 5988 Vide
1311 5953 1368 6002 pag.
1384 5945 1430 5988 tte.

1831 603 1889 674 501
1940 610 1995 666 An.
2008 605 2039 666 ὕ.
2060 605 2129 668 mee
