4848 6990
956 615 1167 675 innocentius
1188 614 1232 676 nr.

320 753 467 830 gaudent,
483 765 517 814 ac
536 751 594 827 nti,
610 743 683 826 frui,
700 745 792 829 potiri
807 757 838 812 et
853 748 985 827 gaudere
999 765 1065 828 pos-

318 853 392 909 sunt
414 855 444 908 et
471 854 619 925 poterunt
640 846 672 908 in
700 845 854 921 laturum,
878 861 942 908 non
963 846 1066 909 solum

319 941 355 1002 ad
376 955 486 1003 eornm
506 941 615 1014 instar,
637 939 806 1002 sedetiam
835 955 932 1017 aeque
954 940 1067 1018 princi-

319 1033 428 1112 paliter
450 1041 480 1095 et
501 1033 721 1112 parilormiter,
745 1032 777 1094 in
799 1033 942 1094 omnibus
964 1039 994 1094 et
1011 1049 1066 1111 per

319 1127 422 1190 omnia
444 1128 503 1203 nti,
525 1126 598 1202 lrui,
613 1126 707 1205 potiri
729 1137 759 1188 et
781 1127 930 1203 gaudere;
954 1126 1065 1188 rectori

319 1229 424 1282 autern
445 1219 541 1298 ipsius
562 1235 661 1282 novae
675 1219 892 1282 Universitatis
913 1235 969 1297 pro
988 1229 1088 1281 tem·-

319 1329 393 1392 pore
408 1313 566 1388 existenti,
582 1319 616 1375 ut
636 1313 715 1388 illos,
732 1329 807 1390 quos
823 1313 855 1374 in
871 1313 976 1374 eadem
991 1313 1067 1375 Uni-

319 1407 465 1470 versitate
485 1423 540 1486 per
560 1406 699 1468 debitum
716 1415 837 1485 tempus
852 1406 1016 1482 studuisse,
1033 1423 1066 1467 ac

318 1501 445 1562 scientia
465 1509 496 1562 et
518 1501 655 1563 moribus
676 1502 802 1563 idoneos
822 1515 888 1562 esse
903 1499 1064 1578 repererit,

319 1593 351 1655 in
372 1592 514 1672 praelatis
535 1592 731 1655 facultatibus
744 1593 810 1654 sive
824 1592 971 1666 scientiis,
988 1607 1067 1670 quae

319 1686 351 1748 in
374 1686 436 1764 ipsa
456 1687 661 1749 universitate
681 1686 875 1750 docebuntur
891 1703 946 1749 seu
961 1685 1067 1762 legen·

320 1785 381 1853 tur,
404 1780 441 1841 ad
470 1780 725 1856 baccalaureatus,
749 1781 840 1842 etiam
872 1779 1008 1854 lormati,
1031 1778 1067 1839 li·

319 1873 507 1934 centiaturae
524 1889 557 1935 ac
577 1871 753 1935 doctoratus
769 1879 800 1934 et
815 1872 983 1948 magisterii
999 1887 1066 1948 gra-

319 1965 387 2040 dus,
398 1967 517 2028 serrata
529 1975 632 2028 tamen
644 1968 676 2028 in
691 1967 836 2029 omnibus
851 1975 882 2029 et
893 1983 948 2044 per
961 1967 1066 2028 omnia

317 2059 416 2122 ‘formai
432 2059 630 2123 decretorum
645 2059 832 2123 Viennensis
847 2069 877 2122 et
887 2059 1066 2131 Tridentini

318 2153 532 2230 conciliorum,
547 2155 661 2234 quibus
675 2155 707 2217 in
723 2155 826 2234 aliquo
840 2154 988 2230 derogare
1003 2169 1066 2215 non

317 2246 521 2322 intendimus,
536 2257 567 2310 et
588 2249 659 2310 alids
680 2249 765 2312 iuxta
781 2249 946 2310 laudabiles
960 2264 1066 2326 supra-

318 2341 470 2404 dictarum
494 2343 641 2404 Limanae
661 2352 693 2406 et
713 2343 886 2406 llexicanae
908 2341 1065 2404 Universi-

319 2439 419 2496 tatum
441 2436 519 2498 ritus
540 2442 571 2497 et
595 2437 846 2511 consuetudines,
869 2451 1064 2514 promovere,

318 2527 485 2606 solitosque
517 2531 629 2606 gradus
655 2531 833 2592 huiusmodi
860 2530 904 2590 eis
925 2528 1066 2591 conterre

320 2629 350 2684 et
370 2622 532 2699 exhibere,
556 2623 629 2700 ipsis
649 2629 725 2686 verb
745 2627 782 2687 ad
803 2627 926 2688 eosdem
954 2625 1066 2701 gradus

318 2731 373 2794 per
394 2716 484 2778 illum
505 2718 547 2778 sic
574 2718 734 2796 promotis,
758 2729 793 2781 ut
813 2727 916 2798 postea
944 2719 1066 2798 publice

318 2809 536 2888 privatimque,
559 2809 653 2873 etiarn
675 2813 708 2872 in
730 2813 796 2873 aliis
811 2813 1066 2874 universitatibus

318 2903 493 2965 studiorum
505 2903 710 2979 generalium,
724 2904 881 2967 facultates
892 2906 958 2966 sive
968 2905 1066 2967 scien-

318 2994 375 3056 tias
395 2997 564 3072 praedictas
577 2998 748 3076 respective
762 2997 835 3059 alios
850 2997 959 3060 docere
974 3005 1005 3059 et
1019 2999 1065 3060 in·

318 3089 493 3166 terpretari,
516 3091 554 3152 de
575 3091 618 3150 eis
645 3091 812 3169 disputare,
839 3091 955 3154 aliosve
982 3097 1065 3155 actus

318 3195 528 3260 quoscumque
550 3198 659 3245 eorum
681 3184 824 3258 gradibus
844 3184 1065 3246 convenientes

318 3289 462 3336 exercere
484 3275 579 3338 libere
600 3285 632 3337 et
653 3275 734 3338 licite
756 3277 873 3355 possint
894 3283 925 3338 et
944 3277 1066 3338 valeant

317 3367 499 3445 respective,
521 3370 703 3432 auctoritate
723 3377 755 3432 et
768 3377 878 3432 tenore
891 3369 1064 3449 praedictis,

318 3459 514 3522 concedimus
533 3471 565 3524 et
585 3462 795 3540 indulgemus.

358 3553 377 3628 ἓ
397 3554 426 3614 3.
450 3555 656 3617 Decernentes
677 3557 800 3620 easdem
821 3566 997 3636 praesentes
1016 3558 1065 3621 lit·

318 3655 397 3710 teras
418 3655 448 3709 et
465 3648 495 3709 in
511 3650 555 3710 eis
569 3655 714 3712 contenta
730 3667 954 3732 quaecumque,
971 3653 1065 3714 etlam

318 3757 414 3803 exeo
436 3743 517 3820 qnod
545 3743 733 3822 quicumque
762 3745 794 3806 in
822 3747 996 3824 praemissis
1017 3747 1063 3808 in-

318 3843 433 3897 teresse
464 3837 610 3899 babentes
640 3853 695 3901 seu
727 3839 958 3917 quomodolibet
978 3857 1063 3919 prae-

317 3927 480 3991 tendentes
501 3929 564 3990 illis
585 3945 649 3992 non
665 3931 890 4006 consenserint,
907 3949 964 3994 nec
979 3935 1014 3996 ad
1029 3951 1064 3994 ea

316 4022 427 4096 vocati,
450 4023 535 4084 citati
555 4031 586 4084 et
600 4025 708 4100 auditi,
726 4041 827 4104 neque
842 4041 960 4100 causae,
978 4043 1065 4105 prop-

317 4119 365 4174 ter
386 4129 461 4192 quas
481 4125 657 4192 praesentes
672 4119 858 4192 emanarint,
874 4119 1064 4182 sufficienter

317 4206 473 4282 adductae,
496 4207 672 4271 vcrtncatae
693 4219 723 4272 et
738 4210 919 4273 iustificatae
934 4211 1062 4288 luerint,

317 4307 370 4362 aut
389 4317 428 4361 ex
449 4302 505 4362 alia
525 4303 673 4382 qualibet,
697 4303 790 4366 etiarn
812 4305 950 4378 iuridici,
971 4307 1017 4386 pia
1033 4315 1063 4369 ot

316 4394 510 4473 privilegiati
531 4397 630 4471 causa,
653 4397 765 4473 colore,
788 4407 949 4476 praetextu
970 4409 1002 4463 et
1017 4418 1064 4463 ca-

316 4489 390 4567 pite,
413 4489 507 4549 etiam
529 4489 560 4551 in
582 4505 710 4568 corpore
740 4492 817 4552 iuris
838 4493 951 4569 clauso,
976 4495 1063 4556 nullo

317 4597 456 4660 unquam
469 4589 609 4660 tempore
625 4592 655 4644 et
667 4585 874 4662 subreptionis
891 4586 939 4648 vel
954 4587 1062 4666 obrep-

317 4675 409 4736 tionis
430 4683 483 4737 ant
509 4676 660 4738 nullitatis
686 4677 775 4752 vilic,
797 4695 852 4738 seu
880 4680 1063 4742 intentionis

316 4777 439 4830 nostrae
453 4777 506 4830 aut
521 4769 669 4830 interesse
683 4770 866 4832 habentium
881 4789 1061 4849 consensus,

316 4861 416 4924 aliove
437 4863 575 4941 quolibet
596 4864 690 4924 etiam
715 4865 915 4942 quantumvis
942 4867 1063 4928 lormali

317 4961 348 5017 et
367 4955 559 5017 substantiali
586 4956 707 5018 delectu
734 4959 845 5033 notari,
874 4959 1061 5036 impugnari,

317 5049 487 5123 retractari,
511 5049 651 5126 infringi,
668 5050 700 5110 in
717 5052 868 5113 terminos
882 5053 958 5112 iuris
973 5053 1064 5115 redu-

317 5141 364 5216 ci,
377 5157 432 5202 seu
454 5143 485 5203 in
501 5143 744 5204 controversiam
760 5145 872 5219 vocari,
889 5153 941 5206 aut
955 5147 1064 5207 adver·¹

316 5251 368 5297 sus
389 5235 456 5295 illas
488 5235 665 5313 aperitionis
697 5237 769 5310 oris,
803 5239 1007 5300 restitutionis
1030 5240 1061 5300 in

204 5360 212 5372 ι
317 5329 488 5405 integrum,
505 5328 630 5390 aliudve
650 5331 867 5408 quodcumque
889 5331 976 5407 iuris,
993 5333 1060 5394 lacti

317 5422 367 5483 ιιι
389 5423 505 5497 gratiae
526 5423 700 5484 remedium
721 5423 878 5501 impetrari
895 5425 944 5486 vel
961 5427 1061 5488 inten-

317 5516 386 5588 tari,
406 5533 461 5577 seu
483 5515 647 5594 impetrato
662 5523 713 5578 ant
729 5517 822 5577 etiam
837 5526 924 5579 motu
938 5521 1062 5597 proprio

1792 593 1846 672 ιιι

1122 762 1256 826 suosque
1276 747 1429 826 plenarios
1448 755 1481 811 et
1502 741 1640 826 integros
1662 747 1787 811 ellectus
1805 763 1870 809 sor-

1121 844 1173 905 tiri
1195 849 1226 904 et
1247 843 1400 918 obtinere,
1423 860 1456 906 ac
1488 843 1559 918 illis,
1578 843 1618 905 ad
1648 858 1724 922 qnos
1754 849 1870 920 spectat

1121 945 1152 999 et
1173 953 1229 1014 pro
1260 945 1399 1014 tempore
1429 936 1589 1014 spectabit,
1612 936 1645 998 in
1672 935 1817 998 omnibus
1839 943 1870 996 et

1121 1045 1176 1110 per
1196 1031 1301 1093 omnia
1322 1029 1501 1108 plenissime
1522 1029 1693 1106 suflragari,
1716 1035 1746 1092 et
1768 1030 1805 1091 ab
1826 1027 1870 1090 eis

1121 1124 1292 1202 respective
1319 1123 1539 1184 inviolabiliter
1566 1123 1738 1197 observari,
1764 1123 1871 1200 sicque

1121 1223 1151 1278 et
1173 1233 1236 1278 non
1258 1216 1347 1278 aliter
1369 1215 1400 1277 in
1422 1215 1597 1293 praemissis
1626 1231 1682 1292 per
1706 1231 1870 1294 quoscum·

1121 1327 1182 1389 que
1203 1309 1318 1373 iudices
1341 1310 1511 1372 ordinarios
1532 1317 1563 1372 et
1585 1308 1750 1386 delegatos,
1777 1309 1871 1370 etiam

1121 1419 1284 1467 causarum
1315 1403 1418 1482 palatii
1450 1401 1606 1481 apostolici
1637 1403 1804 1476 auditores,
1837 1419 1871 1464 ac

1123 1497 1153 1560 S.
1177 1497 1212 1560 ll.
1238 1497 1273 1558 E.
1299 1495 1484 1602 qai-dinales,
1506 1495 1600 1556 etiarn
1621 1496 1658 1557 de
1679 1495 1774 1557 latere
1789 1495 1872 1572 lega-

1123 1597 1169 1653 tos
1189 1599 1221 1654 et
1242 1591 1435 1669 apostolicae
1467 1589 1554 1651 Sedis
1585 1589 1724 1664 nuntios,
1757 1588 1871 1650 aliosve

1122 1685 1286 1763 quoslibet,
1303 1698 1497 1763 quacumque
1514 1682 1758 1760 praeeminentia
1774 1691 1805 1745 et
1818 1699 1871 1758 po-

1122 1784 1232 1842 testate
1252 1777 1421 1853 lungentes
1441 1785 1472 1838 et
1493 1775 1666 1850 iuncturos,
1689 1775 1806 1837 sublata
1827 1775 1871 1838 eis

1122 1879 1152 1933 et
1173 1887 1284 1934 eorum
1305 1870 1430 1932 cuilibet
1462 1870 1570 1950 quavis
1598 1869 1688 1931 aliter
1714 1869 1870 1932 iudicandi

1123 1972 1154 2026 et
1181 1965 1406 2042 interpretandi
1437 1961 1581 2026 facultate
1612 1970 1643 2043 ct
1671 1963 1869 2038 auctoritate,

1122 2058 1251 2120 iudicari
1271 2065 1303 2118 et
1331 2056 1456 2120 definiri
1482 2056 1605 2132 debere,
1631 2073 1665 2119 ac
1690 2057 1815 2121 irritum
1840 2065 1871 2120 et

1900 597 1953 665 An.
1967 599 1997 665 0.
2019 597 2088 664 1687

1122 2153 1215 2213 inane
1235 2151 1261 2212 si
1275 2167 1361 2214 secus
1376 2166 1469 2228 super
1484 2151 1531 2212 bis
1546 2168 1561 2212 a
1576 2166 1745 2230 quoquam,
1762 2153 1870 2231 quavis
1934 2178 1936 2184 r

1122 2245 1315 2320 auctoritate,
1337 2245 1471 2306 scienter
1492 2243 1543 2306 vel
1565 2244 1756 2322 ignoranter,
1773 2245 1871 2308 conti·

1123 2339 1203 2416 gerit
1225 2339 1380 2400 attentari.

1161 2432 1230 2507 §la
1254 2431 1322 2494 Non
1354 2433 1545 2496 obstantibus
1576 2433 1759 2513 apostolicis,
1782 2434 1869 2498 acin

1122 2525 1349 2590 universalibus
1371 2528 1674 2608 provincialibusque
1694 2537 1726 2591 et
1740 2530 1870 2607 synoda-

1122 2621 1202 2684 libus
1223 2621 1361 2684 conciliis
1391 2620 1492 2696 editis,
1515 2622 1710 2698 generalibus
1731 2622 1783 2685 vel
1803 2639 1870 2702 spe·

1122 2716 1260 2791 cialibus,
1277 2715 1549 2778 constitutionibus
1564 2724 1594 2776 et
1611 2717 1868 2794 ordinationibus,

1122 2825 1245 2872 necnon
1272 2809 1443 2887 quibusvis,
1467 2809 1561 2872 etiam
1589 2809 1775 2887 iuramento,
1798 2827 1870 2874 con·

1122 2903 1300 2964 firmatione
1319 2901 1493 2980 apostolica,
1516 2903 1567 2965 vel
1588 2905 1695 2981 quavis
1723 2905 1871 2968 firmitate

1123 2997 1179 3058 alit
1199 2997 1362 3071 roboratis,
1384 2997 1507 3059 statutis
1529 3006 1560 3059 et
1581 2999 1868 3076 consuetudinibus,

1122 3089 1293 3168 privilegiis
1314 3105 1450 3168 qnoque,
1473 3089 1602 3152 indultis
1623 3098 1654 3152 et
1675 3091 1786 3154 litteris
1801 3108 1872 3170 apo-

1122 3184 1247 3258 stolicis,
1270 3183 1432 3261 quibusvis
1455 3185 1594 3262 personis
1615 3191 1647 3246 et
1669 3184 1754 3260 locis,
1777 3186 1871 3246 etiam

1121 3277 1260 3355 specifica
1282 3283 1312 3337 et
1334 3276 1494 3339 individua
1508 3277 1670 3339 mentione
1684 3277 1798 3355 dignis,
1813 3279 1871 3340 sub

1122 3371 1372 3449 quibuscumque
1392 3370 1563 3432 verborum
1585 3371 1744 3434 tenoribus
1764 3377 1795 3434 et
1809 3372 1870 3434 lor·

1122 3463 1192 3535 mis,
1215 3480 1247 3526 ac
1268 3479 1340 3526 cum
1361 3463 1534 3541 quibusvis,
1556 3465 1650 3526 etiam
1665 3467 1870 3543 derogatoria·

1122 3573 1194 3618 runt
1223 3557 1442 3633 derogatoriis,
1475 3556 1603 3636 aliisque
1632 3559 1868 3636 efficacioribus

1121 3650 1338 3713 efficacissimis
1359 3658 1389 3712 et
1412 3650 1543 3712 insolitis
1562 3652 1706 3715 clausulis
1720 3661 1751 3715 et
1766 3651 1869 3716 decre·

1909 2449 2100 2498 contrariorum

1887 2501 2028 2562 derogatio.

1122 3745 1170 3819 tis,
1187 3745 1220 3806 in
1244 3759 1359 3820 genere
1373 3743 1424 3806 vel
1438 3745 1472 3806 in
1487 3745 1599 3824 specie,
1616 3753 1647 3808 et
1661 3746 1734 3808 alias
1749 3747 1782 3808 in
1797 3763 1869 3810 con·
1956 3795 1962 3808 ,

1121 3839 1253 3899 tracium
1274 3837 1515 3916 praemissorum
1538 3839 1699 3916 concessis
1723 3857 1756 3903 ac
1776 3842 1875 3914 etiam,

1120 3931 1236 4010 pluries
1261 3931 1462 4006 confirmatis,
1489 3932 1661 4010 approbatis
1686 3940 1715 3995 et
1740 3935 1869 3996 innova·

1121 4025 1175 4100 tis3
1209 4025 1323 4103 quibus
1353 4025 1497 4086 omnibus
1519 4033 1549 4086 et
1574 4027 1717 4103 singulis,
1747 4028 1868 4090 etiamsi

1119 4133 1174 4197 pro
1196 4119 1324 4179 illorum
1345 4119 1511 4181 sulbcienti
1527 4121 1738 4196 derogatione,
1754 4123 1792 4184 de
1807 4121 1867 4184 illis

1120 4227 1291 4290 eorumque
1314 4213 1383 4274 totis
1416 4213 1576 4275 tenoribus
1602 4215 1750 4294 specialis,
1772 4217 1868 4293 speci·
1943 4229 1947 4239 ·

1120 4307 1173 4368 fica
1193 4314 1225 4366 et
1247 4306 1418 4380 individua,
1442 4323 1504 4368 non
1527 4315 1633 4369 autern
1648 4323 1703 4387 per
1717 4309 1866 4372 clausulas

1120 4399 1279 4476 generales
1310 4399 1391 4460 idem
1424 4399 1640 4478 importantes,
1672 4402 1790 4462 mentio
1811 4419 1866 4465 seu

1119 4493 1245 4571 quaevis
1266 4493 1322 4553 alia
1344 4493 1499 4571 expressio
1528 4494 1666 4556 habenda
1692 4503 1744 4556 aut
1765 4495 1865 4575 aliqua

1119 4587 1176 4648 alia
1197 4587 1347 4664 exquisita
1370 4585 1468 4648 lorma
1483 4585 1517 4647 ad
1538 4588 1596 4648 boc
1609 4589 1757 4651 servanda
1774 4589 1864 4665 loret,

1119 4691 1241 4743 tenores
1262 4680 1451 4754 huiusmodi,
1474 4681 1552 4740 acsi
1573 4683 1610 4743 de
1631 4683 1725 4744 verbo
1744 4684 1780 4746 ad
1795 4697 1867 4746 rer·

1118 4776 1205 4849 bum,
1221 4774 1300 4835 nibil
1316 4775 1440 4852 penitus
1455 4773 1580 4848 omisso,
1597 4783 1627 4836 et
1642 4773 1739 4836 torma
1758 4777 1790 4838 in
1807 4777 1865 4839 illis

1119 4867 1228 4930 tradita
1256 4867 1430 4942 observata,
1458 4867 1711 4944 exprimerentur
1731 4879 1763 4932 et
1785 4871 1866 4932 inse-

1118 4967 1278 5035 rerentur,
1301 4961 1514 5039 praesentibus
1535 4975 1591 5038 pro
1617 4961 1710 5040 plene
1730 4971 1761 5024 et
1781 4965 1867 5026 sulii-

1118 5055 1238 5116 cientcr
1258 5053 1408 5132 expressis
1430 5062 1461 5115 et
1484 5054 1606 5115 insertis
1628 5055 1787 5132 babentes,
1804 5057 1865 5119 illis

1118 5147 1191 5208 anas
1212 5147 1245 5208 in
1267 5162 1322 5207 suo
1344 5147 1454 5208 robore
1475 5149 1698 5224 permansuris,
1722 5150 1757 5212 ad
1779 5167 1867 5229 prae-

1118 5241 1286 5301 missorum
1313 5239 1474 5314 ellectum,
1507 5239 1564 5302 hac
1594 5241 1661 5302 vice
1692 5243 1863 5320 dumtaxat,

1118 5332 1289 5411 specialiter
1310 5341 1341 5392 et
1362 5347 1505 5410 expresse
1525 5335 1725 5411 derogamus3
1742 5337 1866 5398 ceteris-

1118 5442 1179 5504 que
1199 5426 1361 5486 contrariis
1381 5426 1640 5504 quibuscumque.
1723 5495 1726 5501 Δ

1159 5519 1177 5592 g
1197 5517 1226 5577 5.
1250 5516 1400 5579 Volumus
1415 5525 1519 5578 autem
1534 5527 1569 5580 ut
1583 5523 1763 5583 earumdem
1778 5535 1864 5600 prae·

1936 5543 2009 5590 Fides
2027 5550 2096 5593 tran-

316 5617 349 5670 et
365 5607 403 5670 de
417 5609 597 5687 apostolicae
611 5611 768 5688 potestatis
785 5611 977 5688 plenitudine
991 5629 1064 5674 con-
1117 5611 1254 5672 sentium
1270 5611 1443 5672 litterarum
1459 5613 1672 5690 transumptis,
1689 5629 1745 5677 seu
1760 5631 1867 5678 exem·-
1883 5601 2053 5655 mmmmm·

260 5777 261 5780 Ἴ
317 5719 400 5764 cesso
421 5703 473 5763 vol
488 5713 629 5764 emanata
644 5704 822 5782 quempiam
837 5705 868 5765 in
885 5705 997 5766 iudicio
1012 5707 1061 5767 vel

317 5803 404 5856 extra
435 5795 512 5860 illud
537 5795 585 5858 uti
609 5813 717 5859 sense
745 5799 848 5858 invare
879 5798 942 5859 ullo
971 5799 1062 5859 modo

317 5905 415 5967 posse,
436 5889 490 5950 sed
511 5891 589 5968 ipsas
610 5899 787 5969 praesentes
808 5891 924 5953 litteras
939 5907 1063 5970 semper

319 5981 432 6063 firmas,
454 5983 569 6047 validas
590 5993 621 6047 et
642 5985 776 6048 efficaces
789 5985 924 6050 existere
939 5993 969 6049 et
984 5985 1061 6064 lore,

1118 5703 1187 5782 plis,
1203 5703 1297 5764 etiam
1313 5703 1479 5781 impressis,
1497 5721 1592 5766 manu
1607 5707 1736 5769 alicuius
1751 5712 1864 5773 notarii

1118 5797 1232 5876 publici
1262 5797 1452 5876 subscriptis,
1474 5807 1506 5860 et
1525 5799 1629 5874 sigillo
1659 5817 1810 5878 personae
1831 5805 1864 5866 in

1118 5891 1317 5953 ecclesiastica
1339 5892 1490 5968 dignitate
1510 5893 1696 5956 constitutae
1722 5899 1863 5973 munitis,

1118 5987 1224 6048 eadem
1246 6001 1371 6066 prorsus
1393 5986 1467 6048 lldcs
1495 5987 1610 6066 ubique
1638 5989 1779 6052 locorum
1802 6000 1865 6062 tam
