4880 6982
1032 567 1172 621 credens
1193 569 1237 620 xl.

364 709 419 757 nes
439 702 471 758 et
491 711 702 776 quascumque
717 693 853 758 rationes
867 709 922 758 seu
938 694 1109 757 excusatio-

364 811 419 856 nes
450 795 486 856 ad
514 809 624 856 corum
649 793 867 856 executionem
895 791 1108 854 declinandam

364 887 479 962 allatas,
494 887 640 964 illamque
655 886 836 964 praesertim
851 902 866 945 a
882 893 969 946 metu
984 885 1108 946 ductam

364 981 508 1056 gravium
529 979 750 1058 periculorum,
766 995 844 1058 quae
866 987 926 1040 tam
950 977 1109 1038 missione-

365 1075 420 1135 riis
440 1089 533 1152 quam
555 1073 694 1136 missioni
717 1074 772 1152 ipsi
791 1074 824 1136 in
839 1070 1016 1134 huiusmodi
1039 1086 1110 1132 exe·

364 1167 490 1229 cutione
510 1167 659 1229 obvenire
677 1174 813 1246 possent,
830 1165 953 1244 penitus
969 1164 1109 1226 reieceri-

364 1277 447 1336 muS,
464 1261 569 1323 nullus
584 1262 644 1324 iam
659 1261 850 1338 relinquitur
865 1259 949 1321 locus
964 1258 1108 1334 cuiquam

365 1370 465 1416 novae
489 1354 582 1416 buius
604 1354 720 1430 negotii
743 1352 965 1430 disquisitioni;
987 1352 1039 1412 sed
1062 1367 1109 1412 ca·

366 1449 435 1510 dem
465 1456 566 1509 nostra
588 1449 710 1510 decretu
739 1447 776 1509 ab
800 1445 945 1507 omnibus
966 1435 1110 1508 christili-

365 1541 485 1604 delibus
512 1541 646 1604 debitam
674 1540 846 1620 apostolicis
876 1537 1110 1600 definitionibus

365 1635 573 1698 obedientiam
588 1634 816 1714 profitentibus,
839 1633 948 1712 quavis
969 1631 1110 1694 ulteriori

366 1728 561 1794 cunctatione
588 1728 719 1802 abiecti,
749 1727 888 1804 integre,
918 1726 1055 1788 absolute
1077 1740 1110 1786 ac

366 1821 587 1884 inviolabiliter
602 1821 688 1884 iuxta
702 1821 833 1882 lormam
849 1820 882 1882 in
897 1819 1027 1898 ipsamet
1039 1833 1111 1880 con-

365 1914 530 1976 stitutione
560 1917 666 1978 nostri
692 1913 932 1994 praescriptam,
961 1911 1109 1974 servanda

365 2015 449 2070 sunt.
483 2007 546 2070 Nec
566 2008 657 2087 plane
688 2009 894 2070 metuendum
925 2005 1013 2068 nobis
1044 2018 1110 2066 esse

366 2103 541 2177 credimus,
564 2103 644 2180 quod
668 2101 768 2163 ullum
789 2109 950 2180 propterea
971 2097 1110 2160 christia·

367 2212 425 2257 uae
446 2195 617 2272 Religionis
637 2201 669 2256 et
690 2193 855 2257 catholicae
876 2192 1015 2254 veritatis
1041 2207 1111 2270 pro-

368 2289 522 2369 pagationi
536 2289 760 2352 detrimentum
782 2289 813 2350 in
835 2289 952 2350 eisdem
973 2286 1110 2366 portibus

368 2391 559 2444 eventurum
590 2382 640 2444 sit.
674 2383 738 2444 lmo
770 2382 870 2460 potius
898 2399 970 2444 cum
996 2383 1029 2444 iu
1051 2381 1109 2456 iis,

367 2492 446 2556 quae
460 2477 620 2554 bucusque
641 2475 803 2552 gessimus,
819 2492 882 2537 non
900 2476 983 2538 aliud
998 2477 1030 2538 in
1046 2477 1111 2538 ani·

368 2587 420 2634 mo
437 2570 605 2633 consilium
626 2586 728 2648 neque
748 2586 876 2649 scopum
897 2570 1109 2646 babuerimus,

368 2665 427 2726 nisi
442 2671 477 2726 ut
492 2664 676 2727 latissimum
691 2663 816 2726 illorum
832 2663 1015 2726 missionum
1031 2681 1113 2726 cam-

368 2773 444 2836 pum
464 2758 501 2819 ab
522 2758 608 2819 omni
629 2757 868 2835 superstitionis,
892 2757 1007 2819 nedum
1032 2757 1110 2834 labe,

367 2849 420 2912 sed
451 2851 544 2912 etiam
575 2849 749 2928 suspicione
779 2849 1019 2926 vindicaremus,
1047 2867 1111 2912 cer·

368 2953 432 3008 tam
459 2948 643 3024 firmamque
675 2961 762 3024 spem
794 2945 957 3024 concipere
982 2946 1111 3008 omnino

369 3055 543 3119 possumus,
560 3055 621 3118 quo
637 3039 735 3115 magis
756 3055 830 3115 ager
845 3041 920 3118 ipse,
938 3041 969 3101 in
991 3055 1053 3118 quo
1068 3040 1112 3102 di-

370 3135 437 3198 vini
452 3134 538 3195 verbi
552 3149 661 3196 semen
675 3135 884 3213 spargendum
899 3135 970 3208 erit,
986 3152 1001 3195 a
1015 3133 1113 3212 spinis

370 3228 446 3290 illud
460 3228 606 3290 sullocare
628 3228 804 3290 valentibus
825 3228 1060 3306 expurgabitur,
1077 3244 1113 3289 eo

370 3322 485 3399 largius
500 3339 533 3383 ac
548 3321 676 3385 uberius
698 3321 763 3382 lore
785 3322 1016 3384 incrementum
1031 3323 1112 3400 quod

371 3415 415 3476 illi
436 3415 517 3476 dabit
538 3415 634 3490 Deus,
658 3415 710 3477 ubi
739 3414 919 3494 praesertim
941 3415 1112 3491 evangelici

370 3510 513 3588 operarii,
529 3525 663 3588 quorum
678 3508 836 3588 ceteroqui
853 3509 884 3572 in
901 3510 1112 3587 promovendo

371 3601 485 3664 Christi
507 3618 605 3679 regno
627 3601 745 3664 labores
766 3610 797 3664 et
818 3603 952 3680 pericula
967 3617 1112 3678 magnam

371 3695 403 3756 iu
417 3696 550 3758 bomine
561 3694 683 3756 laudem
698 3703 929 3773 promerentur,
943 3711 1016 3758 eum
1031 3697 1113 3760 inter

371 3809 403 3854 se
426 3791 505 3870 pacis
533 3797 723 3866 mutuaeque
750 3789 884 3850 caritatis
903 3790 1049 3869 spiritum
1070 3791 1113 3852 lo-

372 3901 446 3949 vere
467 3902 501 3946 ac
520 3898 644 3944 servare
665 3889 815 3958 satagant,
831 3883 885 3962 qui
905 3899 1012 3946 eorum
1027 3901 1115 3946 voca-

372 3979 450 4042 tioni
471 3977 608 4039 maxime
627 3977 793 4050 convenit,
816 3977 931 4054 quique
952 3979 1115 4040 accuratis·

370 4075 451 4136 sime
471 4091 485 4133 a
508 4070 596 4133 nobis
621 4070 769 4132 hacteuus
800 4069 860 4130 illis
880 4073 1114 4136 commendatus

372 4167 431 4228 luit
445 4174 537 4244 atque
552 4164 644 4225 etium
660 4164 698 4226 de
712 4169 815 4226 cetero
833 4165 1110 4228 commendabitur.

412 4260 480 4336 §b
511 4259 599 4320 lluuc
630 4257 661 4318 in
695 4259 793 4318 tinem
823 4257 990 4319 maiestatis
1020 4259 1114 4321 etiam

372 4362 442 4418 tuae
463 4367 554 4430 opem
575 4357 667 4430 atque
688 4349 876 4428 praesidium
900 4349 1113 4428 imploramus,

301 4483 304 4489 ·
371 4462 556 4526 praecesque
580 4451 699 4505 nostras
721 4459 831 4522 nuper,
854 4461 926 4506 cum
948 4445 1113 4523 praelatam

371 4539 627 4604 constitutionem
642 4535 696 4598 tibi
718 4537 871 4610 misimus,
893 4536 927 4598 acl
951 4546 981 4599 tc
1002 4537 1115 4601 delatas

371 4631 599 4696 vehementiori
624 4645 685 4708 quo
707 4647 871 4709 possumus
891 4629 987 4691 animi
1014 4633 1114 4694 nostri

370 4727 472 4788 studio
487 4725 707 4798 instauramus,
720 4730 756 4784 ut
770 4722 853 4800 regiai
868 4723 919 4784 turi
934 4725 1115 4788 auctoritate

370 4829 497 4882 strenue
512 4817 600 4879 nobis
621 4819 725 4879 adesse
746 4816 836 4890 velis,
859 4823 1012 4894 quatenus
1027 4817 1055 4878 id
1071 4837 1116 4881 as-

370 4913 459 4992 sequi
471 4912 622 4990 possimus
633 4911 715 4989 quod
730 4919 791 4973 tam
807 4911 897 4972 anxie
913 4911 1114 4990 inquirimus,

371 5008 515 5086 quodque
528 5019 602 5067 cum
617 5003 732 5081 insigni
747 5011 945 5084 spectatoque
961 5004 1038 5080 zelo,
1054 5021 1115 5084 quo

371 5101 513 5162 maiestas
542 5106 592 5160 tua
616 5098 780 5160 catholicae
801 5097 969 5174 Religionis
996 5099 1115 5162 bonum

371 5199 511 5272 exoptat,
535 5207 755 5271 usquequaque
777 5191 954 5253 consentire
975 5207 1038 5252 non
1060 5193 1116 5254 du·

371 5286 514 5348 bitamus.
539 5285 621 5347 llanc
642 5300 733 5364 porro
755 5283 940 5346 eximiarum
963 5285 1115 5348 virtutum

372 5387 518 5455 tuarum,
542 5379 663 5458 pietatis
694 5378 874 5456 praesertim
901 5395 979 5455 quae
1000 5378 1115 5457 ubique

372 5473 506 5534 maxime
531 5471 719 5545 celebratur,
744 5467 885 5532 laudibus
909 5470 1115 5532 accessionem

372 5583 410 5628 ex
431 5567 535 5628 animo
550 5565 690 5646 cupimus
712 5571 743 5626 et
763 5580 939 5644 speramus;
963 5563 1038 5626 dum
1053 5583 1069 5625 a
1085 5571 1115 5625 te

413 5836 442 5893 (l)
458 5837 495 5881 Ex
510 5837 571 5892 neg.
588 5832 613 5880 in
629 5834 703 5881 Arclr.
720 5837 791 5880 Brev.
812 5835 882 5880 lderu
901 5845 1052 5880 concessum
1067 5833 1116 5878 stult

372 5903 497 5950 societati
517 5907 575 5948 lesu
589 5913 605 5948 a
619 5904 751 5948 Clemente
765 5906 803 5957 x.,
817 5906 898 5947 coust.
914 5903 952 5947 ed.
969 5913 1115 5956 nocuum,

372 5971 414 6016 die
428 5983 464 6016 nr.
480 5971 596 6027 augusti,
617 5969 706 6028 pontis.
724 5982 769 6025 ru.;
785 5969 928 6014 luuoccutii
943 5973 995 6014 xli.
1011 5968 1113 6014 constit.

1164 690 1365 770 postulantes,
1381 697 1417 753 ut
1435 687 1552 769 reliqua
1573 691 1609 753 ad
1631 687 1688 752 boo
1710 688 1792 751 idem
1813 704 1908 766 nego·

1165 786 1244 846 tium
1273 785 1459 863 pertinentia
1480 800 1519 846 ex
1540 784 1650 845 dilecto
1672 783 1736 846 lilio
1760 785 1908 860 magistro

1165 878 1292 956 losepbo
1314 878 1418 940 Firrao
1441 877 1627 953 Signaturae
1649 885 1772 939 nostrae
1787 877 1908 940 Gratiae

1165 979 1361 1050 nuncupatae
1386 971 1642 1046 duodecemviro,
1665 972 1719 1049 qui
1747 987 1780 1032 ea
1803 979 1908 1033 nostro

1165 1065 1293 1127 nomine
1315 1065 1368 1126 tibi
1397 1064 1495 1126 lusius
1523 1064 1702 1140 explicabit,
1725 1079 1910 1140 cognoscere

1165 1159 1301 1234 benigne
1326 1157 1414 1232 velis,
1443 1157 1639 1236 apostolicam
1660 1157 1909 1220 benedictionem

1165 1267 1237 1314 cum
1258 1251 1377 1312 assiduo
1400 1251 1554 1330 enixeque
1576 1257 1646 1314 tuae
1669 1249 1821 1314 lelicitatis
1837 1257 1910 1313 voto

1165 1347 1364 1410 coniunctam
1379 1347 1529 1408 maiestati
1546 1355 1616 1408 tuae
1630 1346 1841 1408 amantissime
1853 1347 1911 1408 im-

1165 1441 1329 1518 pertimur.

1206 1534 1317 1596 llatum
1345 1533 1481 1607 Romae,
1509 1533 1587 1612 apud
1617 1533 1647 1596 S.
1666 1532 1789 1594 blaciam
1819 1534 1910 1596 llaio-

1165 1642 1232 1688 rem
1253 1625 1310 1688 sub
1331 1626 1447 1688 annulo
1468 1627 1644 1702 Piscatoris,
1667 1627 1716 1690 die
1738 1645 1779 1688 vv.
1805 1628 1910 1689 ianua-

1165 1720 1204 1780 rii
1225 1736 1380 1782 xoccxvv.
1405 1720 1601 1798 pontificatus
1623 1721 1720 1782 nostri
1739 1737 1820 1784 anno
1844 1738 1907 1782 xvv.

1502 2006 1577 2068 Llll.

1168 2189 1341 2268 Confirmet
1365 2191 1525 2254 decretum
1549 2195 1816 2276 congregationis
1836 2197 1911 2276 Epi—

1205 2298 1371 2360 scoporum
1392 2293 1422 2346 ct
1438 2286 1651 2364 decadonem
1665 2305 1760 2366 snper
1774 2292 1911 2353 associo-

1208 2378 1293 2438 tionc
1321 2377 1512 2440 cadauerum
1539 2381 1580 2443 ud
1608 2383 1754 2446 ccclesias
1783 2389 1911 2464 reptata·

1206 2471 1295 2532 rium
1317 2487 1374 2548 pro
1401 2475 1568 2550 provincio
1590 2475 1621 2538 S.
1647 2479 1776 2540 loannis
1800 2481 1910 2557 Bapti-

1205 2571 1274 2626 stae
1302 2565 1433 2628 Ordinis
1465 2570 1610 2649 frvttrnm
1644 2569 1911 2634 Praedicatorom

1207 2657 1242 2718 in
1264 2675 1359 2738 cogno
1387 2659 1586 2734 Perceiana,
1617 2673 1731 2726 contra
1760 2665 1913 2742 patroclam·

1207 2759 1237 2814 ct
1259 2750 1377 2814 clarum
1397 2754 1594 2817 sacerdotem
1615 2755 1670 2836 (l).

1377 2923 1562 2992 otfidtds
1585 2928 1710 2996 ee.xt

1308 3045 1772 3119 mmmmmmm

1207 3223 1226 3296 ἓ
1251 3223 1276 3283 l.
1301 3223 1417 3302 Nuper,
1441 3242 1496 3304 pro
1523 3235 1609 3306 parte
1638 3229 1741 3291 dilecti
1763 3229 1818 3291 filii
1842 3230 1913 3292 Ber-

1168 3316 1291 3378 nardini
1327 3318 1485 3382 Solorzani
1520 3323 1725 3399 procuratoris
1760 3323 1913 3400 generalis

1167 3411 1345 3488 provinciae
1357 3411 1388 3475 S.
1400 3413 1815 3492 loannisBaptistanrdinis
1827 3419 1915 3480 Prae·

1167 3504 1338 3568 dicatorum
1359 3507 1450 3582 regui
1464 3507 1596 3570 Peruani
1612 3510 1645 3571 in
1661 3510 1754 3572 lndiis
1769 3511 1914 3574 Occiden-

1168 3599 1291 3674 talibus,
1325 3601 1566 3678 congregationi
1597 3603 1823 3666 venerabilium
1855 3606 1913 3668 lra-

1169 3700 1255 3754 trum
1276 3701 1454 3755 nostrorum
1477 3693 1507 3757 S.
1525 3695 1560 3757 ll.
1578 3697 1612 3758 E.
1635 3697 1844 3761 Cardinalium
1861 3715 1915 3761 ne·

1170 3787 1260 3862 gotiis
1280 3794 1312 3848 et
1333 3787 1609 3852 consultationibus
1641 3791 1863 3871 Episcoporum
1885 3801 1915 3854 et

1170 3879 1370 3956 Regularium
1386 3881 1574 3960 praepositae
1589 3885 1738 3962 exposito,
1751 3885 1832 3964 quod
1843 3885 1915 3948 alias

1151 3967 1322 4052 'praedicta
1354 3973 1559 4052 congregatio
1588 3975 1636 4036 die
1665 3995 1720 4038 vu.
1743 3978 1915 4040 decembris

1170 4083 1303 4140 uncae,
1326 4066 1463 4129 instante
1485 4077 1557 4130 tunc
1572 4069 1725 4132 existente
1738 4071 1915 4132 commissa-

1170 4163 1216 4222 rio
1232 4161 1343 4224 Curiae
1357 4160 1487 4224 fratrum
1503 4161 1624 4224 Ordinis
1640 4163 1795 4227 llinorum
1810 4165 1915 4228 Sancti

1170 4253 1322 4318 Francisci
1353 4255 1390 4318 de
1421 4254 1619 4318 Obseruantia
1650 4265 1914 4338 nuncupatorum,

1170 4349 1387 4423 declaraverat,
1421 4350 1566 4426 parochos
1587 4358 1617 4414 et
1638 4351 1834 4430 presbyteros
1855 4361 1915 4416 ter-

1170 4458 1222 4504 rae
1243 4443 1281 4504 de
1302 4441 1487 4518 Lauretano,
1509 4460 1543 4506 ac
1564 4443 1638 4505 alios
1655 4445 1799 4508 dioecesis
1814 4447 1916 4509 Brun-

1171 4534 1309 4608 clusinae,
1331 4533 1466 4612 accipere
1488 4551 1552 4598 uon
1571 4553 1658 4614 posse
1672 4540 1821 4602 maiorem
1836 4540 1918 4601 elee-

1171 4643 1333 4706 mosynam
1364 4644 1420 4706 pro
1449 4629 1602 4692 defunctis
1633 4633 1685 4711 qui
1717 4635 1749 4695 in
1781 4635 1916 4698 ecclesiis

1171 4720 1324 4784 dictorum
1347 4721 1479 4784 fratrum
1499 4725 1739 4802 sepeliebantur,
1761 4745 1854 4808 quam
1870 4745 1917 4790 ac-

1171 4815 1324 4894 cipiebant
1345 4831 1399 4895 pro
1420 4815 1457 4877 iis
1477 4817 1530 4894 qui
1553 4817 1585 4878 in
1607 4819 1740 4882 ecclesiis
1762 4823 1917 4884 dictorum

1171 4909 1375 4988 parochorum
1390 4915 1420 4970 et
1430 4910 1684 4987 presbyterorum
1698 4915 1915 4993 saecularium

1170 5002 1315 5064 similiter
1335 5001 1384 5062 die
1406 5017 1494 5064 xxxv.
1518 5007 1641 5082 augusti
1656 5007 1730 5070 anni
1746 5025 1915 5085 nucumve,

1171 5095 1356 5158 instantibus
1377 5095 1522 5158 iratribus
1553 5101 1730 5177 provinciae
1751 5103 1918 5166 Dalmatiae

1171 5189 1310 5250 eiusdem
1331 5187 1463 5264 Ordinis,
1481 5191 1657 5255 decreverat
1672 5193 1847 5257 functiones
1864 5211 1916 5273 ge·

1171 5281 1290 5344 nerales
1320 5299 1413 5361 super
1443 5284 1641 5348 cadaveribus
1673 5286 1915 5363 detunctorum,

1171 5393 1249 5454 quae
1274 5375 1382 5438 itidem
1406 5377 1636 5456 sepeliebantur
1657 5380 1690 5442 in
1712 5381 1847 5444 ecclesiis
1868 5398 1917 5443 re-

1171 5469 1326 5547 gularium
1348 5478 1510 5549 postquam
1531 5472 1594 5550 ipsa
1609 5475 1755 5536 cadavera
1770 5477 1806 5538 ad
1821 5475 1916 5538 eccle·

1170 5562 1228 5623 sias
1249 5562 1387 5642 ipsorum
1409 5563 1600 5641 regularium
1631 5568 1858 5646 pervenissent,
1880 5569 1916 5632 ad

1171 5833 1208 5878 ed.
1225 5845 1360 5888 uncxcrx,
1375 5834 1417 5878 die
1432 5845 1466 5879 vx.
1483 5832 1604 5888 octobris,
1627 5833 1715 5890 pontit.
1732 5845 1777 5890 rx,
1792 5833 1916 5882 xnandeta

1170 5901 1219 5946 luit
1234 5901 1400 5946 observantia
1420 5901 1640 5947 constitutionum
1661 5902 1730 5948 circa
1749 5903 1845 5949 tratres
1860 5915 1916 5952 coru-

1172 5967 1273 6013 iuuctos
1287 5967 1372 6012 dictae
1387 5968 1542 6026 provinciae.

1828 545 1888 616 319
1938 557 1991 613 Διι.
2005 555 2035 610 O.
2056 554 2125 613 1716

1959 3243 2058 3299 Species
2073 3243 2143 3291 lacti.
