4878 6982
358 611 411 666 An.
426 613 455 668 0.
477 613 544 668 1702

388 3271 529 3320 Clausulas.

361 4581 559 4634 narogattocon-

346 4634 493 4684 trariornm.

594 611 653 675 212

573 746 741 810 modolibet
765 744 926 808 innodatae
945 743 1093 816 existunt,
1117 740 1152 802 ad
1171 738 1314 800 edentum

574 839 781 922 praesentium
803 840 961 902 dumtaxat
981 836 1245 913 consequendum,
1262 833 1313 893 ba·

573 951 645 997 rum
674 933 754 994 serie
785 931 977 994 absolventes
1009 937 1040 992 et
1068 927 1218 990 absolutas
1249 925 1314 986 iore

572 1033 744 1100 censentes,
765 1023 1037 1104 supplicationibus
1058 1037 1167 1085 eorum
1188 1018 1315 1082 nomine

574 1121 662 1184 nobis
683 1135 777 1198 super
796 1119 852 1180 boc
873 1117 1037 1180 bumiliter
1058 1113 1205 1196 porrectis
1228 1113 1313 1174 ineli-

573 1214 649 1289 nati,
672 1213 708 1276 de
730 1211 954 1276 venerabilium
982 1210 1113 1273 iratrum
1135 1217 1314 1270 nostrorum

573 1309 604 1372 s.
623 1309 658 1370 ll.
676 1307 709 1369 E.
727 1305 936 1370 cardinalium
958 1303 1089 1382 negotiis
1111 1311 1141 1364 et
1162 1300 1313 1364 consulta-

573 1402 709 1464 tionibus
730 1401 949 1479 Episooporum
971 1405 1002 1459 et
1015 1395 1215 1474 Regularium
1229 1410 1315 1472 prae·

572 1496 743 1575 positorum
758 1492 896 1566 consilio,
909 1489 1053 1552 omnibns
1068 1497 1099 1552 et
1109 1488 1238 1565 singulis
1252 1503 1315 1548 me·

573 1593 708 1651 moratae
730 1585 985 1663 congregationis
1004 1582 1224 1664 superioribus,
1244 1597 1316 1643 con-

572 1681 718 1744 fratribus
739 1688 769 1743 et
791 1679 928 1759 personis
949 1683 1084 1740 nuncet
1107 1691 1160 1754 pro
1177 1683 1314 1752 tempore

573 1775 786 1845 existentibus,
809 1780 843 1834 ιιι
864 1773 920 1850 ipsi
943 1770 980 1832 de
1001 1777 1102 1834 cetero
1133 1770 1187 1847 (ne
1208 1768 1313 1842 abiis,

573 1869 685 1949 quibus
705 1869 740 1930 ad
762 1867 961 1928 infirmorum
982 1874 1013 1926 et
1032 1863 1314 1927 convalescentium

573 1963 607 2025 in
629 1962 724 2042 ipsius
752 1959 1008 2036 congregationis
1040 1956 1239 2036 hospitalibus
1265 1955 1315 2016 de

574 2055 715 2133 gentiam
729 2052 968 2116 subventionem
983 2059 1013 2114 et
1028 2051 1195 2114 utilitatem
1209 2049 1315 2112 sedulo

573 2155 693 2222 vacant,
716 2146 896 2210 ministeriis
915 2142 1136 2223 distrabantur)
1151 2142 1315 2223 processio-

573 2241 665 2305 nibus
685 2239 875 2319 snpradiotis,
890 2233 1085 2318 qualemque
1104 2255 1143 2301 ex
1164 2238 1261 2311 eausa,
1278 2254 1316 2300 ex

573 2351 672 2410 more,
694 2334 744 2396 vel
765 2333 999 2407 consuetudine,
1016 2341 1069 2394 aut
1083 2331 1154 2394 aliis
1168 2347 1223 2410 pru
1238 2339 1315 2393 tem·

573 2445 648 2508 pore
672 2427 828 2501 iaciendis,
851 2426 901 2488 vel
922 2443 938 2486 a
959 2425 1118 2504 quibusvis
1148 2425 1316 2488 Ordinariis

573 2521 713 2584 locorum
739 2519 921 2592 indicendis,
944 2519 1091 2580 interesse
1119 2517 1252 2580 minime
1272 2525 1315 2580 ιι-

574 2619 719 2688 neantar,
735 2627 793 2674 nec
810 2613 846 2674 ad
867 2611 895 2673 id
911 2611 1026 2690 ubique
1041 2611 1178 2673 locorum
1193 2627 1248 2689 per
1262 2610 1315 2674 Οι-

574 2706 706 2770 dinarios
727 2704 916 2778 huiusmodi,
938 2721 992 2766 seu
1013 2703 1085 2765 alias
1106 2719 1316 2783 quascumque

573 2815 728 2880 personas,
750 2797 857 2876 quavis
878 2798 1059 2860 auctoritate
1080 2797 1129 2858 vel
1150 2796 1317 2874 superiori-

575 2900 636 2955 tate
656 2893 832 2970 iungentes,
850 2889 941 2953 inviti
955 2905 1010 2952 seu
1027 2889 1168 2952 nolentes
1183 2891 1249 2966 cogi
1265 2889 1314 2950 vel

574 2986 715 3066 compelli
736 2983 863 3064 possint,
886 2984 1066 3046 auctoritate
1086 2983 1258 3062 apostolici,
1272 2992 1315 3046 te·

574 3095 651 3142 nore
675 3075 903 3158 praesentium,
933 3075 1128 3139 concedimus
1154 3083 1186 3138 et
1214 3075 1315 3138 indul-

576 3188 694 3251 gemus.

615 3267 634 3342 5
655 3267 683 3328 3.
701 3267 917 3340 Decernentes,
938 3264 1059 3326 easdem
1074 3269 1249 3342 praesentes
1266 3262 1316 3324 lit-

576 3369 655 3424 teras
685 3376 807 3440 semper
836 3359 956 3433 firmas,
985 3356 1098 3420 validas
1123 3363 1154 3419 et
1182 3355 1316 3418 elbeaoes

576 3455 709 3516 existere
724 3460 754 3516 et
769 3453 844 3528 lore,
867 3467 1000 3531 suusque
1020 3449 1171 3530 plenarios
1194 3457 1223 3510 et
1239 3449 1316 3511 inte·

575 3563 645 3625 gros
666 3547 792 3610 ellectus
812 3547 914 3607 sortiri
932 3551 963 3606 ιι
978 3545 1129 3619 obtinere,
1145 3560 1179 3606 ac
1192 3542 1263 3616 illis,
1280 3543 1315 3606 ad

575 3657 651 3719 quos
671 3647 786 3720 spectat
812 3645 842 3700 et
864 3655 919 3717 pro
941 3646 1079 3716 tempore
1107 3637 1316 3716 quandocum-

574 3749 636 3812 que
665 3731 827 3812 spectabit,
857 3731 889 3793 in
920 3732 1064 3793 omnibus
1086 3739 1117 3792 ιι
1137 3747 1193 3809 per
1213 3731 1315 3792 omnia

574 3827 753 3906 plenissime
776 3823 950 3902 sullragari,
975 3833 1005 3886 et
1027 3823 1063 3885 ab
1083 3825 1127 3885 eis
1148 3824 1316 3902 respective

575 3919 795 3982 inviolabiliter
815 3917 983 3991 observari,
1004 3917 1109 3996 sicque
1125 3917 1156 3978 in
1173 3916 1317 3995 praemis·

574 4013 614 4075 sis
635 4027 689 4092 per
715 4025 925 4091 quoscumque
950 4009 1064 4072 indices
1095 4009 1265 4070 ordinarios
1285 4017 1317 4070 et

576 4106 740 4183 delegatos,
769 4105 863 4166 etiam
889 4117 1047 4165 causarum
1074 4101 1176 4179 palatii
1200 4109 1317 4179 aposto·

576 4199 626 4262 lici
646 4199 811 4272 auditores,
834 4195 959 4260 iudicari
983 4201 1014 4258 et
1038 4193 1162 4256 deliniri
1183 4195 1315 4270 debere;

576 4310 610 4354 ae
633 4292 757 4354 irritnm
778 4299 809 4353 et
835 4291 937 4364 inane,
962 4290 987 4351 sl
1010 4305 1096 4351 secus
1117 4303 1210 4365 super
1232 4287 1316 4348 bisa

577 4399 743 4464 quoquam,
766 4385 872 4463 quavis
897 4383 1088 4456 auctoritate,
1113 4382 1246 4442 scienter
1267 4379 1315 4441 vel

577 4479 769 4555 ignoranter,
795 4477 959 4554 eontigerit
982 4475 1138 4537 attentari.

617 4573 636 4648 5
657 4571 686 4632 b.
706 4570 774 4632 Non
795 4571 986 4632 obstantibus
1002 4569 1184 4648 praemissis,
1201 4585 1233 4630 ac
1247 4583 1319 4630 con-

577 4665 789 4729 stitutionibus
809 4672 841 4725 et
862 4663 1105 4724 ordinationibus
1135 4661 1317 4740 apostolicis,

578 4773 712 4834 necnon,
734 4765 886 4836 quatenus
907 4771 982 4835 opns
1003 4757 1053 4830 sit,
1069 4757 1164 4817 dictae
1182 4755 1317 4831 Congre-

576 4851 681 4926 tionis,
696 4851 788 4913 etiam
805 4850 989 4924 iuramenta,
1001 4848 1235 4912 confirmatione
1249 4865 1318 4927 apo-

577 4945 692 5020 stolici,
709 4944 758 5005 vel
784 4943 891 5023 quavis
913 4944 1058 5004 firmitate
1078 4942 1134 5003 alid
1161 4943 1316 5016 roboratis,

576 5039 698 5100 statutis
713 5043 743 5098 ιι
758 5035 1042 5110 consuetudinibus,
1059 5034 1228 5112 privilegiis
1243 5051 1318 5112 quu-

577 5149 648 5210 que,
666 5129 794 5194 indultis
814 5139 845 5192 et
868 5130 977 5192 litteris
998 5128 1179 5208 apostolicis,
1196 5129 1227 5189 in
1247 5143 1317 5189 con-

578 5225 709 5288 trarium
736 5223 973 5302 praemissorum
998 5221 1227 5299 quomodolibet
1248 5237 1319 5283 oon-

576 5319 686 5393 cessis,
715 5317 902 5380 confirmatis
933 5323 965 5377 et
998 5314 1169 5392 innovatis;
1206 5314 1318 5392 quibus

576 5411 719 5473 omnibus
739 5417 770 5472 et
789 5409 930 5486 singulis,
948 5407 1073 5470 illorum
1097 5415 1218 5469 tenores
1233 5423 1317 5486 prae-

575 5505 714 5566 sentibus
729 5519 785 5584 pro
805 5503 896 5582 plene
915 5511 946 5564 et
959 5501 1148 5564 sufficienter
1168 5503 1317 5580 expressis

575 5614 609 5659 ac
629 5597 665 5658 de
687 5599 783 5660 verbu
804 5599 839 5660 ad
861 5596 993 5658 verbum
1014 5595 1137 5657 insertis
1158 5595 1315 5670 babentes,

575 5689 634 5751 illis
655 5691 727 5752 alias
753 5693 785 5754 in
811 5707 866 5754 suo
891 5691 1001 5752 robore
1027 5688 1253 5767 permansuris,
1281 5691 1316 5750 ad

574 5785 812 5863 praemissorum
827 5785 983 5859 ellectum,
996 5783 1051 5845 itan
1065 5782 1133 5845 vice
1148 5784 1316 5856 dumtaxat,

616 6000 644 6054 (ιι
661 6000 697 6043 Ex
711 6001 813 6056 Regest.
830 5999 855 6043 in
873 6000 946 6044 ¹areb.
962 6002 1033 6044 ltrev.

1094 620 1156 666 lt'tt.
1182 619 1271 664 rent.
1296 615 1337 662 DE
1358 617 1386 662 P·
1410 617 1440 664 F.
1464 617 1546 664 PARS
1568 617 1588 662 l.

2139 598 2192 653 Aa.
2206 601 2239 652 0.
2263 599 2331 651 1702

1367 735 1539 814 specialiter
1559 743 1590 804 et
1611 751 1753 815 expresse
1767 737 1966 814 derogamus3
1987 735 2109 798 ceteris-

1368 845 1429 907 que
1449 830 1611 892 contrariis
1633 829 1889 908 quibuscumque.

1408 922 1426 997 5
1447 921 1476 982 ὅ.
1498 919 1649 984 Volumus
1664 929 1766 984 eutem
1783 930 1817 984 ut
1831 923 2009 986 earumdem
2025 939 2110 1002 prae-
2160 939 2344 992 rransnmpto-

1369 1015 1506 1076 sentium
1522 1013 1696 1076 litterarum
1712 1015 1922 1093 transumptis,
1938 1031 1992 1079 seu
2008 1031 2110 1078 exem·
2130 1001 2185 1037 “¹¹¹¹
2201 990 2276 1036 ¹¹⁶⁰*

1369 1107 1438 1187 plis,
1461 1107 1553 1170 etiam
1575 1108 1742 1187 impressis,
1765 1123 1859 1171 mann
1880 1108 2007 1172 alicuius
2024 1117 2110 1172 nota-

1370 1201 1408 1262 rii
1429 1201 1541 1280 publici
1567 1200 1754 1279 subscriptis,
1778 1208 1809 1263 et
1836 1201 1937 1278 sigillo
1964 1217 2111 1280 personae

1371 1295 1402 1355 in
1427 1293 1626 1356 ecclesiastica
1653 1294 1802 1370 dignitate
1831 1295 2016 1358 constitutae
2043 1311 2110 1359 mu-

1371 1387 1454 1462 nitis,
1476 1389 1583 1450 eadem
1605 1403 1729 1465 prorsus
1750 1389 1823 1450 sides
1844 1388 1958 1468 ubique
1973 1388 2110 1452 locorum

1370 1479 1528 1554 habeatur,
1557 1496 1634 1558 quae
1662 1479 1827 1544 baberetur
1850 1481 1920 1560 ipsis
1945 1484 2111 1560 praesenti·

1370 1573 1437 1648 bus,
1460 1575 1484 1635 si
1506 1573 1607 1636 lorent
1628 1573 1781 1635 exbibitae
1801 1574 1852 1634 vel
1873 1582 2020 1638 ostensae.

1410 1668 1521 1730 Datum
1541 1668 1666 1741 liomae,
1683 1667 1762 1745 apud
1778 1666 1808 1729 S.
1826 1667 1964 1743 Petrum,
1987 1669 2044 1732 sub
2058 1686 2110 1732 an-

1371 1761 1446 1824 nulo
1478 1759 1652 1834 Piscatoris,
1682 1760 1731 1822 die
1755 1775 1832 1821 xvn.
1864 1761 1941 1824 iunii
1972 1777 2109 1840 nuceta,

1371 1854 1565 1934 pontificatus
1586 1853 1687 1915 nostri
1706 1867 1788 1914 anno
1809 1869 1844 1914 n.

1714 2135 1766 2200 lx.

1373 2321 1544 2400 Confirmat
1566 2324 1828 2386 corvatitntiooont
1844 2325 2023 2386 irinocantii
2039 2325 2107 2388 ΧΗ.

1411 2415 1446 2476 de
1466 2417 1613 2492 primate
1644 2432 1701 2495 pro
1732 2415 1898 2494 provincial
1932 2417 1962 2478 S.
1996 2417 2111 2481 didaci

1410 2510 1513 2572 Nonne
1545 2509 1718 2586 Hispaniae
1750 2511 1910 2573 Minorem
1938 2511 1974 2572 de
2004 2511 2112 2574 Obser-

1409 2601 1523 2666 uantid
1555 2603 1829 2666 discalceatarom
1860 2612 1973 2667 contro
2001 2606 2113 2666 eremi-

1412 2703 1460 2757 tas
1484 2694 1515 2758 S.
1540 2697 1718 2776 Augustini
1749 2697 1934 2774 provinciae
1965 2699 2111 2762 Nominis

1412 2792 1481 2854 leae
1498 2789 1553 2870 (l).

1569 2960 1754 3030 obidens
1781 2962 1911 3030 ΡΡ.Χι

1511 3083 1972 3152 mmmmmwm

1411 3261 1478 3338 5l.
1504 3261 1585 3325 Alias
1610 3279 1626 3323 a
1654 3261 1748 3325 lelieis
1776 3263 1994 3326 recordationis
2023 3265 2112 3326 lnno-
2144 3279 2341 3325 tritemorian-

1371 3356 1472 3419 eentio
1493 3357 1547 3418 ΡΡ.
1572 3356 1637 3420 Xll.
1661 3359 1891 3436 praedecessore
1911 3363 2016 3420 nostro
2031 3373 2112 3420 ema·
2130 3333 2340 3431 fiffirffinffi

1371 3457 1486 3512 narunt
1515 3451 1551 3512 ad
1587 3449 1723 3512 lavarem
1758 3451 1941 3514 dilectorum
1977 3451 2112 3513 liliorum
2131 3438 2265 3484 decretum
2289 3439 2340 3484 ²⁶¹·
2415 3445 2416 3448 ’

2131 3496 2186 3538 tum
2196 3503 2212 3538 a
2223 3491 2296 3538 sacri
2305 3493 2341 3538 ili·

1371 3542 1503 3604 iratrum
1524 3543 1701 3622 provinciae
1721 3543 1753 3606 S.
1773 3541 1875 3606 llidaci
1891 3543 1994 3606 Novae
2010 3545 2114 3622 Hispa·
2131 3549 2341 3644 ‘Zssiffmfflnss‘ffg

1372 3636 1440 3697 niae
1461 3637 1493 3698 in
1515 3635 1609 3698 indiis
1636 3635 1756 3700 Ordinis
1788 3637 1941 3699 Minorem
1963 3638 1994 3700 S.
2019 3639 2112 3700 Fran·
2131 3608 2341 3716 {aetsinisba-

1371 3727 1442 3789 oisci
1463 3729 1500 3790 dc
1526 3728 1724 3791 Observantid
1752 3729 2005 3792 Disralceaturnm
2033 3748 2113 3793 nun·
2131 3707 2341 3804 {issssafflffiss

1371 3830 1553 3898 eupatorem
1575 3821 1696 3884 litterae
1717 3823 1749 3884 in
1770 3823 1863 3884 simili
1888 3825 1985 3886 iorml
2007 3825 2113 3886 Brevis
2132 3813 2340 3858 ⁰¹³⁵⁰ff³¹¹t¹³¹

1372 3914 1488 3976 tenoris
1515 3915 1568 3993 qui
1595 3917 1745 3994 sequitur,
1774 3915 1933 3979 videlieet:
1963 3917 2113 3980 innocen·
2131 3928 2178 3963 vna
2203 3919 2339 3974 dispansae

1374 4007 1440 4068 tina
1457 4005 1517 4068 PP.
1536 4009 1604 4072 llll.
1628 4009 1669 4070 nd
1684 4011 1836 4090 patrarant
1852 4011 1898 4071 rei
1913 4011 2109 4073 mernoriam.
2131 3972 2339 4088 ssssssffier‘ai‘r'sssfterss

1373 4101 1536 4163 Emanavit
1557 4117 1667 4179 nuper,
1691 4110 1748 4164 etc.
1773 4104 1827 4182 (Ξ).
2018 4163 2021 4170 ,
2132 4079 2341 4185 ῗᾶἶξῧςῗῐὶῧρῗζ

1412 4195 1521 4256 ilatum
1551 4195 1675 4270 Romae,
1705 4199 1783 4274 apud
1812 4197 1842 4260 S.
1872 4197 1995 4260 llariam
2024 4199 2114 4262 blain-
2131 4185 2342 4286 ‘g‘gnkgfflssl'ssff

1373 4303 1451 4361 rem,
1473 4288 1530 4350 sub
1550 4289 1666 4351 annulo
1688 4289 1856 4366 Piscatoris,
1879 4293 1928 4354 die
1943 4309 1991 4354 ιιι.
2008 4293 2113 4372 aprilis
2132 4274 2173 4340 ⁵1¹3

1375 4397 1483 4456 unce,
1506 4383 1700 4458 pontificatus
1722 4384 1819 4444 nostri
1840 4401 1923 4446 anno
1945 4401 1988 4446 rx.

1413 4475 1481 4550 59.
1505 4476 1585 4537 Cum
1618 4484 1733 4550 autem,
1765 4477 1844 4539 sicut
1875 4478 2003 4542 dilectus
2032 4481 2114 4544 iilius
2181 4488 2340 4552 cannrmano

1375 4567 1485 4629 Paulus
1507 4568 1618 4646 Lopoz,
1642 4569 1735 4630 trater
1756 4587 1899 4650 expresse
1914 4573 2066 4651 professus
2081 4591 2115 4636 ac
2132 4541 2279 4641 ἓῖιῗῗιῗῖἕῖἷῖξ
2287 4553 2340 4640 ⁰1⁰ssss

1373 4661 1517 4722 definitur
1538 4672 1568 4722 et
1597 4671 1774 4739 procurator
1806 4665 1958 4739 generalis
1989 4650 2341 4758 pr·ovin·ss¹,}'„⁰,⁰,1¹¹„²,¹,¹„{,¹,¹ss

1373 4755 1436 4816 riae
1457 4762 1487 4816 et
1508 4754 1630 4818 Ordinis
1652 4755 1890 4834 praedictorum,
1907 4759 1993 4820 nobis
2015 4775 2115 4838 nuper
2134 4759 2338 4804 ⁰0⁰³⁰⁰¹¹l⁰¹¹¹¹¹l

1374 4848 1486 4926 exponi
1507 4847 1589 4922 lerit,
1613 4849 1757 4926 praedicti
1779 4850 2031 4928 brebiepiscopus
2053 4853 2114 4915 bie-

1374 4941 1500 5002 xieanus
1521 4949 1551 5002 et
1571 4942 1728 5019 antiquior
1748 4944 1912 5023 eanonicus
1939 4946 2114 5022 metropoli·

1375 5045 1461 5096 tanae
1488 5035 1632 5097 eeclesiae
1661 5035 1849 5111 blexicanae,
1879 5037 1992 5116 quibus
2016 5039 2115 5102 dietus

1374 5127 1569 5189 innocentius
1581 5131 2017 5209 praedecessorexecutionem
2029 5147 2114 5210 prae-

1373 5221 1559 5283 insertarum
1579 5238 1706 5284 suarum
1720 5223 1895 5285 litterarum
1911 5226 2114 5288 demandave-

1373 5322 1429 5390 rat,
1453 5315 1574 5376 easdem
1597 5315 1714 5377 litteras
1735 5317 1909 5380 executioni
1932 5320 2115 5382 demandare

1373 5407 1571 5484 neglexerint
1591 5425 1645 5470 sen
1667 5410 1840 5486 renuerint,
1863 5429 1896 5474 ac
1917 5413 2035 5474 interea
2057 5413 2116 5474 lra-

1374 5509 1435 5563 tres
1455 5501 1663 5564 secundodieti
1685 5503 1807 5566 Ordinis
1828 5505 1906 5583 apud
1933 5521 1989 5567 nos
2010 5522 2114 5569 recur-

1372 5611 1442 5656 sum
1464 5595 1627 5656 babuerint
1648 5603 1683 5656 nt
1704 5611 1826 5658 cansam
1847 5599 2025 5661 huiusmodi
2042 5615 2115 5662 enm

1372 5689 1539 5750 dubiorum
1560 5689 1757 5751 distinetione
1782 5693 1896 5752 iterum
1917 5692 1953 5753 ad
1974 5691 2115 5754 eamdem

1374 5782 1651 5859 Congregationem
1662 5784 1869 5847 cardinalium
1880 5786 2113 5849 examinandam

1415 6000 1444 6054 (2)
1460 5999 1570 6056 Reliqua
1585 5999 1642 6045 vide
1657 6011 1736 6059 supra
1752 6013 1808 6058 pag.
1826 6003 1870 6047 tot.

2132 3866 2155 3911 s.
2177 3865 2266 3911 ntaacr
2291 3867 2340 3910 aa
2414 3851 2415 3876 ³
