4848 6990
324 573 379 632 An.
393 575 423 633 0.
445 569 513 630 1686
565 571 605 639 88

543 714 729 789 obtinuisse,
745 717 838 791 atque
852 720 990 775 nostram
1012 711 1165 776 dictarum
1179 706 1294 770 consti·

544 809 704 870 tutionnru
726 815 757 869 et
771 807 955 868 facultatum
970 823 985 866 a
999 803 1135 885 praefato
1150 805 1292 866 commis·

542 901 622 962 sario
650 899 787 975 generali
816 899 1016 961 obtentarum
1044 906 1075 961 et
1099 899 1292 960 erectionum

540 993 795 1071 approbationem
810 991 921 1054 aflectu
935 993 1028 1070 pleno
1050 991 1239 1054 desiderare:
1257 990 1293 1052 il-

541 1087 615 1160 lam,
633 1094 663 1147 et
683 1085 757 1147 alias
771 1085 899 1164 insuper
921 1085 1033 1164 gratias
1047 1103 1080 1148 ac
1094 1085 1291 1158 directiones,

541 1179 653 1256 quibus
674 1178 853 1240 huiusmodi
875 1187 1015 1241 sanctum
1037 1187 1068 1240 et
1089 1177 1241 1240 laudabile
1256 1177 1293 1238 ab

542 1271 710 1334 immortali
725 1272 788 1333 Deo
806 1281 951 1350 coeptum
972 1272 1164 1351 propositum
1179 1271 1212 1332 in
1227 1271 1292 1332 dies

541 1365 726 1428 ferventiori
748 1365 851 1428 animo
873 1383 906 1427 ac
927 1365 1036 1426 mediis
1064 1363 1291 1443 opportuniori-

540 1458 610 1532 bus,
626 1457 661 1518 ad
677 1458 773 1537 ipsius
790 1458 842 1520 liei
857 1459 1019 1533 honorem,
1037 1458 1107 1520 tadei
1126 1455 1292 1518 catholicae

541 1552 806 1630 propagationem,
820 1551 924 1629 populi
940 1551 1099 1612 christiani
1114 1550 1293 1611 instructio-

541 1661 627 1718 nem,
642 1653 827 1723 nostraeque
839 1645 1057 1708 observantiae
1072 1651 1290 1720 augmentum,

542 1748 573 1801 et
600 1739 745 1800 omnium
771 1739 946 1802 animarum
973 1738 1123 1814 salutem,
1146 1739 1291 1817 prosequi

543 1832 654 1906 valeaS,
679 1831 745 1906 tibi,
768 1833 857 1893 sociis
883 1833 960 1907 tuis,
983 1833 1049 1894 aliis
1071 1833 1290 1904 missionariiS,

542 1933 606 1986 tam
628 1926 841 2004 praesentibus
862 1941 956 2003 quam
977 1925 1102 1999 futuris,
1121 1925 1179 1986 sub
1194 1925 1292 1986 formd

541 2019 684 2098 sequenti
711 2017 859 2080 duximus
886 2021 1072 2094 concedere,
1101 2035 1133 2080 ac
1154 2018 1291 2094 benigno

541 2113 647 2175 favore
668 2113 803 2190 elargiri.

309 2211 386 2317 mg?
402 2205 522 2317 {fflffi
578 2223 603 2310 Ιι.
628 2206 668 2268 Ut
689 2206 842 2284 praedicta
862 2207 1038 2282 seminaria,
1060 2213 1212 2284 quantum
1235 2208 1293 2268 llo·

309 2315 357 2361 arm
372 2315 404 2362 aa
417 2325 522 2374 pauper·
542 2313 628 2360 mano
650 2299 819 2361 auxiliante
834 2301 978 2377 possibile
996 2300 1101 2375 fuerit,
1118 2301 1153 2360 ad
1169 2300 1291 2361 Ordinis

311 2373 371 2414 iaie.

542 2393 730 2471 primaevam
743 2393 971 2454 observantiam
984 2393 1124 2467 tendant,
1139 2393 1170 2454 in
1185 2395 1229 2454 eis
1244 2409 1290 2453 re-

541 2485 623 2562 gula,
646 2487 730 2547 iuxta
756 2487 976 2549 declarationes
993 2505 1008 2547 a
1024 2487 1078 2550 SS.
1091 2488 1124 2547 b.
1136 2485 1173 2547 N.
1199 2487 1291 2548 lnno-

540 2580 642 2640 centio
665 2581 716 2642 lll.
735 2580 766 2642 in
789 2597 844 2642 suo
867 2581 1079 2658 motuproprio
1097 2579 1290 2642 Sollicitudo

539 2673 714 2749 pastoralis
736 2682 897 2736 contentas
918 2682 949 2736 et
971 2675 1144 2748 innovatas,
1160 2673 1290 2735 strictis·

539 2767 618 2828 sime
639 2769 833 2842 observetur,
849 2775 1050 2846 sanctamque
1065 2774 1288 2846 paupertatem,

539 2877 633 2939 quam
655 2869 777 2923 sanctus
799 2870 885 2940 pater
910 2869 1016 2922 noster
1038 2861 1217 2922 franciscus
1239 2862 1290 2922 do-

539 2957 658 3017 minam
695 2955 887 3034 appellabat,
923 2957 1069 3032 studeant
1104 2956 1289 3017 missionarii

539 3065 613 3128 prae
627 3049 737 3110 mundi
750 3049 866 3111 deliciis
881 3051 914 3110 in
930 3049 1050 3111 cunctis
1065 3049 1214 3125 revereri,
1226 3050 1288 3110 suis

539 3143 624 3204 enim
646 3143 793 3221 operariis
816 3145 925 3204 vineae
940 3141 1090 3204 Dominus
1104 3142 1287 3219 providebit,

537 3237 576 3313 si,
600 3237 693 3298 labori
717 3237 791 3299 adeo
812 3238 948 3314 proficuo
970 3243 1124 3312 vacantes,
1146 3252 1240 3296 suurn
1256 3236 1287 3296 in

538 3335 603 3413 ipso
617 3333 683 3395 solo
699 3331 830 3394 Domino
844 3331 1014 3407 cogitatum
1030 3331 1221 3392 iactaverint.
1237 3333 1287 3406 tt,

538 3431 609 3510 quia
624 3429 755 3490 fratrum
772 3427 1014 3491 blendicantium
1035 3442 1185 3488 numerus
1200 3426 1289 3488 valde

538 3525 654 3600 crevit,
678 3531 708 3585 et
732 3523 869 3585 fidelium
897 3521 993 3600 pietas
1017 3521 1122 3582 minus
1149 3521 1286 3594 fervens,

538 3619 577 3681 ob
598 3625 701 3681 nostra
725 3616 825 3677 forsan
848 3613 1009 3688 demerita,
1032 3629 1125 3691 quam
1148 3613 1180 3675 in
1203 3613 1287 3692 prin·

537 3713 617 3791 cipio
645 3709 804 3787 religionis
835 3709 883 3770 bis
913 3708 1021 3770 diebus
1048 3723 1137 3785 saepe
1168 3708 1287 3784 saepius

537 3805 710 3884 experitur,
722 3821 797 3866 usus
808 3803 931 3865 illarum
943 3801 1203 3862 constitutionum
1218 3817 1288 3878 apo-

490 3939 493 3946 *
536 3899 729 3971 stolicarum,
745 3913 823 3974 quae
837 3899 961 3956 nostrae
975 3894 1163 3973 paupertatis
1184 3893 1286 3955 obser·

537 3993 676 4054 vantium
712 3991 848 4052 illaesam
878 3989 1063 4066 relinquunt
1089 3995 1121 4049 et
1153 3987 1286 4066 aliquam

536 4086 664 4164 regulae
684 4083 945 4162 dispensationem
967 4097 1030 4144 non
1046 4081 1091 4159 (l)
1109 4082 1284 4158 continent,

537 4180 681 4242 omnibus
713 4176 889 4238 seminariis
920 4175 1109 4254 illorumque
1140 4175 1286 4237 fratribus

536 4275 639 4336 licitus
653 4273 730 4348 erit3
752 4270 805 4350 qui
820 4269 906 4331 enim
921 4267 1065 4346 regulam
1079 4269 1285 4344 servaverint,

536 4368 616 4430 sicut
638 4365 777 4429 Summis
807 4361 1015 4426 Pontificibus·
1035 4377 1103 4424 eam
1125 4361 1208 4423 dedit
1229 4363 1287 4424 Do·

537 4461 642 4522 minus
664 4458 843 4534 intelligere
863 4463 894 4518 et
911 4456 1074 4534 explicare,
1090 4455 1287 4532 evangelicae

536 4553 620 4614 vitae
640 4552 804 4625 vacabunt,
827 4557 858 4612 et
878 4549 981 4610 locum
1006 4549 1088 4612 inter
1111 4547 1285 4610 verissimos

538 4645 642 4710 Sancti
656 4643 811 4707 francisci
832 4641 912 4703 filios
934 4641 1116 4704 aeternitate
1137 4648 1168 4702 et
1189 4641 1286 4717 gloria

537 4739 660 4801 felicem
680 4735 893 4818 possidebunt.
923 4733 1003 4796 Usus
1024 4739 1129 4795 tamen
1151 4733 1285 4812 praedic·

537 4840 586 4894 tus
608 4831 725 4894 eisdem
757 4827 931 4892 seminariis
952 4843 985 4888 ac
1015 4826 1160 4889 fratribus
1188 4827 1286 4888 inter·

536 4925 660 5000 dicitur,
684 4923 745 4985 nisi
765 4921 900 4996 statutis,
915 4921 947 4982 in
969 4919 1051 4982 dicto
1073 4920 1285 4998 motuproprio

535 5033 591 5096 pro
613 5015 807 5079 observantia
828 5013 933 5075 relatis
955 5019 985 5074 et
999 5011 1175 5074 executioni
1198 5027 1283 5074 man-

535 5110 600 5171 dari
621 5109 801 5188 praeceptis,
817 5107 930 5186 quibus
948 5106 1100 5185 praedicta
1120 5105 1284 5167 seminaria

535 5203 569 5265 in
589 5203 682 5264 rebus
704 5199 839 5264 hicnon
861 5199 1013 5278 expressis
1035 5199 1080 5261 uti
1102 5191 1281 5274 teneantur,

535 5296 570 5357 in
592 5295 737 5358 omnibus
757 5294 797 5355 sit
818 5292 996 5355 conformis.
1027 5291 1157 5354 Praelati
1178 5299 1283 5354 autem

535 5395 567 5451 et
579 5387 714 5463 discreti,
730 5403 784 5450 seu
798 5385 947 5463 religiosi,
964 5385 1017 5464 qui
1032 5385 1281 5460 contrafecerint,

534 5482 642 5561 poenis
663 5482 696 5542 in
717 5481 839 5542 statutis
865 5479 975 5541 taxatis
1002 5477 1283 5556 indispensabiliter

534 5575 724 5650 subiaceant3
747 5588 917 5651 omnesque
937 5571 1058 5647 fratres,
1082 5580 1145 5633 tam
1166 5570 1282 5633 subditi

534 5683 628 5746 quam
649 5667 834 5745 superiores,
850 5665 925 5728 dum
948 5665 981 5725 in
1002 5663 1111 5726 actuali
1133 5662 1281 5726 exercitio

535 5761 721 5822 missionum
743 5759 824 5821 iutra
845 5758 896 5820 vel
916 5767 1003 5820 extra
1027 5756 1192 5818 seminaria
1214 5771 1283 5834 per·

1072 585 1139 638 idn.
1162 583 1254 634 PONT·
1277 583 1317 632 bn
1339 581 1368 632 P.
1393 581 1423 632 p,
1447 585 1529 635 PARS
1551 584 1572 634 1.

1350 707 1534 784 manserint,
1550 725 1582 770 se
1604 709 1641 772 ab
1661 709 1933 789 eleemosynarum
1948 711 2100 791 petitione

1349 808 1380 862 et
1395 819 1411 862 a
1425 809 1536 881 sponte
1557 803 1732 866 oblatarum
1752 806 1929 885 receptione
1944 807 2101 871 abstinere

1349 896 1491 958 debeant.
1525 897 1676 960 Poterunt
1705 905 1810 960 tamen
1838 915 1894 976 pro
1919 900 2099 978 quotidiano

1349 989 1434 1052 victu
1456 992 1627 1052 necessario
1648 991 1783 1054 ostiatim
1805 1009 1954 1072 quaerere
1976 994 2027 1056 vel
2047 995 2099 1056 ob

1349 1083 1409 1145 lata
1431 1086 1578 1164 recipere,
1600 1085 1677 1163 quin
1694 1086 1740 1147 uti
1761 1085 1837 1148 cibis
1858 1093 1890 1148 et
1911 1087 2034 1164 potibus
2048 1088 2101 1150 de-

1349 1177 1447 1240 licatis
1462 1195 1525 1240 non
1547 1185 1757 1255 praesumant,
1775 1178 1826 1240 vel
1847 1178 1965 1254 domos,
1983 1181 2016 1242 in
2032 1181 2100 1258 qui·
2176 1177 2179 1181 ’

1349 1271 1405 1332 bus
1434 1270 1585 1350 praedicta
1607 1273 1651 1334 eis
1679 1279 1896 1350 apponuntur,
1927 1273 2013 1335 adire
2034 1289 2098 1336 non

1347 1364 1494 1440 seligant;
1519 1365 1581 1425 imo
1596 1381 1647 1426 eos
1669 1365 1822 1426 recordari
1842 1366 1999 1442 volumus,
2016 1368 2097 1444 quod

1348 1463 1472 1520 sanctus
1499 1467 1585 1534 pater
1613 1467 1719 1520 noster
1747 1459 1938 1534 Franciscus,
1964 1461 2040 1522 dum
2062 1461 2096 1520 ad

1349 1551 1598 1612 manducandum
1623 1567 1704 1612 cum·
1724 1552 1920 1628 magnatibus
1941 1560 1972 1614 et
1994 1553 2097 1616 diviti-

1348 1645 1404 1706 bus
1427 1645 1628 1720 invitabatur,
1651 1645 1738 1724 panis
1760 1645 1933 1721 fragmenta
1961 1646 2097 1707 ostiatim

1348 1739 1485 1816 quaesita
1515 1755 1621 1800 secum
1653 1738 1807 1816 portabat,
1836 1748 1866 1800 et
1895 1739 1936 1801 ibi
1961 1740 2096 1818 apposita

1348 1830 1521 1892 delicatiora
1544 1840 1579 1892 ut
1600 1848 1716 1910 pauper
1734 1847 1808 1892 vere
1830 1831 1959 1894 humilis
1973 1849 2098 1894 sumere

1349 1922 1483 1984 nolebat.
1509 1923 1628 1986 Statuta
1650 1924 1772 1987 Ordinis
1797 1934 1828 1986 et
1849 1925 2097 1988 liecolfectorum

1348 2014 1395 2092 (in
1417 2017 1529 2094 quibus
1545 2019 1654 2078 modus
1669 2017 1851 2096 providendi
1863 2018 2096 2080 necessitatibus

1348 2107 1480 2172 fratrum
1501 2117 1564 2171 tam
1588 2110 1619 2172 in
1642 2111 1732 2186 aegri
1754 2127 1847 2188 quam
1865 2111 1898 2172 in
1919 2111 1991 2172 sani
2014 2111 2096 2172 vale·

1348 2202 1456 2264 tudine
1478 2203 1707 2280 praescribitur,
1724 2203 1801 2280 quin
1822 2205 1903 2266 adid
1920 2205 2097 2282 particulari

1347 2297 1467 2374 peculio
1490 2296 1540 2357 vel
1561 2297 1743 2374 specialibus
1763 2297 1971 2374 eleemosynis
1985 2297 2096 2375 aliquis

1347 2389 1510 2465 religiosus
1531 2389 1682 2467 indigeat)
1703 2391 1734 2451 in
1756 2391 1900 2453 omnibus
1920 2390 2096 2450 seminariis

1347 2483 1382 2544 ad
1405 2499 1557 2558 unguem,
1573 2491 1605 2543 et
1625 2483 1683 2544 sub
1697 2483 1804 2560 poenis
1817 2482 2095 2560 transgressoribus

1346 2575 1460 2638 inillis
1483 2576 1645 2653 impositis,
1668 2576 1884 2638 observentur.
1909 2576 1959 2650 Et,
1982 2591 2023 2636 ne
2045 2576 2095 2636 be·

1347 2669 1540 2730 nefactorum
1582 2668 1706 2730 devotio
1741 2669 1870 2730 alicuius
1904 2667 2094 2746 particularis

1346 2762 1517 2824 commodis
1548 2762 1728 2840 applicetur,
1755 2770 1787 2824 et
1812 2761 2020 2823 communitas
2041 2761 2096 2822 ali-

1346 2855 1477 2934 qualiter
1493 2855 1664 2930 fraudetur,
1681 2855 1768 2918 nullo
1789 2856 1881 2918 modo
1896 2855 1987 2917 alicui
2007 2854 2093 2916 fratri

1346 2950 1549 3028 permittatur.
1575 2951 1654 3028 apud
1685 2951 1847 3028 syndicum
1878 2947 2092 3028 apostolicum,

1345 3051 1398 3104 aut
1413 3043 1509 3104 aliurn
1524 3043 1660 3104 amicum
1674 3043 1877 3122 spiritualem,
1893 3042 2027 3119 aliquam
2042 3057 2093 3120 pe-

1345 3137 1509 3198 cuniarum
1531 3137 1772 3214 eleemosynam,
1797 3137 2021 3214 cuiuscumque
2042 3135 2094 3196 do·

1345 3229 1434 3291 minii
1460 3232 1510 3305 sit,
1535 3247 1589 3308 pro
1615 3230 1678 3292 suis
1699 3229 1934 3308 particularibus
1962 3229 2093 3290 necessi

1345 3324 1458 3384 tatibus
1479 3325 1608 3398 haltere,
1637 3339 1695 3386 nec
1721 3323 1812 3386 alicui
1837 3323 1983 3384 similiter
2005 3323 2094 3384 liceat

1344 3415 1530 3478 munuscula
1551 3417 1754 3494 quantumvis
1780 3415 1859 3477 levia
1880 3417 1952 3478 dare
1973 3416 2022 3476 vel
2046 3431 2093 3476 re-

1344 3511 1457 3588 cipere,
1481 3510 1649 3588 omniaque
1670 3510 1804 3588 praelato
1826 3513 1857 3570 et
1878 3509 1945 3570 eius
1966 3509 2094 3586 disposi-

1346 3605 1422 3666 tioni
1453 3603 1591 3678 subsint,
1615 3621 1648 3665 ac
1675 3603 1744 3664 sine
1771 3601 1837 3664 eius
1866 3602 1990 3664 licentii
2013 3601 2091 3664 nibil

1343 3697 1436 3760 detur
1456 3697 1507 3759 vel
1521 3697 1686 3776 recipiatur
1700 3696 1733 3756 in
1749 3695 1891 3774 praefatis
1905 3695 2089 3758 seminariis.

1344 3789 1493 3853 Praedicti
1515 3797 1689 3852 conventus
1705 3789 1737 3850 in
1752 3788 1915 3850 seminaria
1935 3788 2043 3862 erecti,
2060 3795 2091 3850 et

1343 3883 1509 3946 seminaria
1530 3883 1698 3958 fundanda,
1721 3881 1818 3961 quoad
1839 3883 1994 3959 regimen,
2021 3881 2093 3944 nul·

1344 3976 1403 4039 lius
1424 3977 1601 4056 provinciae
1622 3977 1697 4050 sint,
1719 3983 1750 4037 et
1774 3963 1927 4054 superiori
1952 3974 2091 4051 generali

1342 4069 1468 4131 illarum
1489 4071 1638 4148 partium,
1654 4068 1813 4148 inquibus
1834 4067 1963 4142 fuerint,
1980 4068 2091 4128 imme·

1343 4162 1423 4224 diate
1437 4162 1568 4224 subsint.
1592 4163 1642 4236 At,
1658 4168 1812 4240 quantum
1827 4161 1863 4224 ad
1877 4161 2020 4237 suflragia
2035 4175 2091 4238 pro

1342 4257 1495 4319 defunctis
1509 4255 1667 4330 fratribus,
1683 4255 1907 4317 commercium
1924 4253 2091 4318 fraternale

1342 4349 1475 4412 babeant
1495 4363 1567 4412 cum
1589 4348 1651 4410 illis
1666 4347 1834 4426 provinciis
1855 4347 2004 4425 aquibus
2025 4345 2090 4408 fue-

1342 4452 1419 4506 runt
1449 4441 1596 4521 separati,
1625 4442 1675 4502 vel
1703 4442 1785 4502 intra
1813 4456 1946 4518 quarum
1973 4439 2090 4502 limites

1342 4542 1559 4615 perseverent;
1582 4535 1660 4596 itam
1675 4534 1848 4597 conventus
1870 4533 2015 4613 praedicti
2030 4532 2089 4594 fra·

1343 4637 1405 4691 tres
1427 4627 1524 4690 officia
1546 4637 1577 4689 et
1598 4627 1706 4689 missas
1727 4628 1812 4689 iuxta
1833 4633 1946 4688 statuta
1961 4641 2089 4704 genera·

1341 4721 1381 4784 lia
1402 4738 1457 4801 pro
1480 4721 1618 4800 quolibet
1639 4719 1734 4782 fratre
1750 4719 1889 4782 eiusdem
1911 4719 2090 4797 provinciae

1341 4815 1405 4877 salto
1426 4815 1596 4878 decedente
1616 4813 1783 4888 celebrent,
1798 4819 1830 4873 et
1846 4813 1982 4876 vicissim
1997 4831 2012 4874 a
2027 4814 2089 4875 sin-

1342 4907 1422 4984 gulis
1449 4907 1656 4970 conventibus
1681 4913 1712 4968 et
1739 4907 1884 4969 fratribus
1911 4907 2089 4985 provinciae

1341 5003 1446 5064 eadem
1461 4999 1660 5063 celebrentur
1671 5015 1726 5079 pro
1741 5000 1880 5079 quolibet
1894 4999 1990 5062 fratre
2004 5015 2089 5079 prae·

1340 5095 1414 5157 dicti
1434 5094 1594 5156 seminarii
1610 5093 1739 5156 ubilibet
1758 5095 1929 5156 moriente:
1946 5095 1981 5154 ad
2000 5093 2088 5155 cuius

1340 5188 1485 5251 effectum
1506 5185 1704 5268 provincialis
1715 5187 1858 5249 omnium
1873 5201 1946 5248 suae
1960 5186 2087 5265 provin-

1339 5283 1405 5345 ciae
1425 5281 1645 5344 defunctorum
1666 5281 1809 5344 notitiam
1824 5283 1858 5342 ad
1882 5280 2089 5357 guardianum

1339 5375 1540 5452 transmittat,
1557 5381 1588 5437 et
1603 5374 1789 5452 guardianus
1804 5374 2025 5438 defunctorum
2038 5375 2088 5435 sui

1337 5471 1498 5536 seminarii
1526 5471 1562 5532 ad
1590 5467 1822 5548 provincialem.
1857 5468 2006 5531 Ceterum
2032 5471 2088 5546 (ue

1339 5565 1421 5628 inter
1441 5563 1651 5627 missionarios
1667 5569 1697 5622 et
1718 5560 1952 5639 provinciarum
1973 5559 2088 5640 praefa-

1339 5667 1440 5721 tarum
1455 5659 1563 5720 fratres
1584 5673 1617 5719 ac
1631 5655 1805 5734 superiores
1826 5653 1926 5734 aliqua
1949 5669 2087 5732 unquam

1338 5755 1457 5816 oriatur
1476 5751 1635 5814 contentio
1650 5749 1700 5810 vel
1722 5749 1885 5827 oppositio,
1901 5753 1933 5810 et
1948 5756 1994 5824 ut,
2010 5763 2087 5826 quos

576 5971 606 6032 fl)
621 5967 756 6016 Particula
771 5981 828 6016 non
843 5967 947 6015 videtur
957 5967 1067 6016 delenda
1077 5970 1139 6016 edit.
1153 5970 1259 6026 taurin.;
1270 5979 1361 6015 verum
1372 5967 1446 6015 adest
1457 5967 1483 6012 in
1495 5963 1639 6021 exemplari
1649 5961 1803 6008 authentico
1814 5961 1840 6006 in
1851 5961 1912 6018 Reg.
1925 5959 2000 6004 areb.
2013 5961 2084 6004 Brea.

2130 569 2185 630 An.
2199 575 2231 632 C.
2253 577 2319 632 1686
