4878 6982
103 583 162 634 An.
178 585 210 636 0·
233 582 303 634 1704
1001 595 1142 642 crnutexs
1163 595 1207 638 xi.
1803 573 1861 634 cll
1913 570 1966 622 Aa.
1981 572 2011 624 C·
2033 571 2102 622 1704

334 731 416 784 stare
438 731 469 784 et
489 723 566 796 lore,
582 735 714 799 suosque
729 720 882 798 plenarios
897 725 927 778 et
944 717 1081 792 integros
1138 715 1248 792 posito,
1271 715 1351 792 quod
1367 715 1434 792 ipsi,
1458 713 1494 774 ad
1516 713 1683 774 tollendam
1705 727 1833 772 omnem
1848 711 1884 770 li-

336 815 461 878 ellectus
482 816 585 876 sortiri
602 823 632 876 et
648 813 798 886 obtinere,
814 829 848 873 ac
863 811 934 884 illis,
955 810 989 870 ad
1006 825 1081 886 quos
1108 860 1110 881 ,
1139 808 1177 869 tis
1200 808 1400 880 occasionem,
1417 823 1494 884 quae
1517 807 1548 867 in
1571 804 1817 880 congregatione
1832 805 1881 866 lli-

334 915 450 985 spectat
463 915 492 969 et
504 924 559 986 pro
575 915 713 984 tempore
729 905 988 984 quandocumque
998 918 1082 980 spec·
1108 898 1110 986 l
1137 903 1262 978 spaniae
1273 910 1303 962 et
1317 901 1474 962 indiarum
1490 899 1667 962 huiusmodi
1681 898 1755 958 oriri
1768 904 1880 976 posset,

335 1001 422 1074 tabit,
449 1001 482 1060 in
508 1001 654 1061 omnibus
682 1007 712 1060 et
737 1015 791 1076 per
818 998 921 1058 omnia
942 996 1081 1074 plenissi-
1108 991 1110 1023 ²
1138 995 1311 1072 plurimum
1333 993 1497 1070 cupiebant
1518 993 1555 1054 ab
1576 991 1681 1054 eadem
1709 990 1884 1068 cougrega-

335 1107 387 1154 me
407 1093 580 1169 sullragari,
603 1095 706 1170 sicque
723 1100 754 1152 et
769 1108 832 1152 uon
843 1091 933 1151 alitor
948 1091 980 1150 in
996 1105 1081 1166 prae·
1109 1150 1110 1164 ,
1139 1089 1223 1149 tione
1236 1086 1444 1150 cardinalium
1457 1086 1603 1148 declarari
1613 1101 1716 1146 casum
1729 1085 1760 1146 in
1773 1099 1882 1145 eorum

335 1187 436 1249 missis
457 1203 512 1265 per
533 1199 746 1264 quoscumque
773 1185 890 1246 iudices
912 1183 1082 1243 ordinarios
1108 1188 1111 1277 l
1138 1179 1413 1242 constitutionibus
1435 1179 1596 1252 omissum,
1612 1195 1649 1240 an
1665 1187 1798 1240 rectores
1814 1193 1882 1254 pro·

336 1289 367 1339 et
388 1279 554 1355 delegatos,
578 1279 671 1340 etiarn
693 1293 854 1338 causarum
882 1275 984 1356 palatii
1012 1291 1081 1354 apo·
1109 1290 1111 1329 ι
1139 1273 1296 1346 vinculae,
1319 1289 1406 1351 quos,
1424 1280 1548 1350 propter
1567 1271 1671 1348 plures
1686 1271 1758 1332 alias
1780 1287 1883 1333 causas

336 1371 436 1433 stolici
467 1371 637 1445 auditores,
675 1371 801 1432 iudicari
829 1377 858 1430 et
881 1369 1002 1430 deliniri
1032 1370 1082 1430 de·
1109 1360 1111 1429 l
1138 1383 1230 1443 quam
1253 1382 1307 1442 per
1328 1365 1447 1426 obitum
1474 1365 1689 1427 ministrorum
1711 1364 1883 1442 provincia-

336 1465 421 1538 bere,
444 1479 476 1524 ac
504 1464 630 1525 irritum
652 1471 682 1525 et
711 1465 815 1536 inane,
838 1463 863 1522 si
883 1479 971 1524 secus
991 1477 1083 1539 snper
1109 1432 1111 1539 Ε
1139 1461 1229 1532 lium,
1247 1475 1360 1536 nempe
1381 1459 1419 1520 ob
1440 1459 1709 1520 renunciationem
1731 1467 1761 1520 et
1783 1459 1882 1536 priva-

337 1557 384 1616 bis
399 1575 414 1616 a
430 1573 596 1634 quoquam,
620 1558 727 1636 «patavis
742 1556 933 1630 auctoritate,
951 1556 1083 1617 scienter
1109 1563 1111 1573 ¹
1141 1554 1275 1626 tionem,
1298 1553 1332 1612 ad
1355 1552 1593 1629 provincialatus
1620 1552 1798 1613 huiusmodi
1819 1551 1882 1612 olli·

336 1649 387 1710 vel
409 1650 600 1725 ignoranter,
622 1649 786 1725 contigerit
807 1648 961 1710 attentari.
1109 1663 1112 1673 ’
1139 1648 1223 1707 cium
1253 1645 1367 1708 assumi
1389 1645 1578 1720 contigisset,
1602 1646 1746 1706 absolutis
1771 1661 1881 1706 eorum

120 1761 319 1824 contrariorum
377 1743 396 1816 ἓ
425 1743 453 1803 3.
484 1743 551 1803 Non
586 1743 778 1804 obstantibus
809 1739 1083 1804 constitutionibus
1109 1753 1112 1806 t
1140 1739 1256 1810 ciliciis,
1280 1740 1413 1814 gaudere
1434 1737 1583 1799 deberent
1605 1739 1749 1800 omnibus
1771 1745 1800 1798 et
1821 1738 1884 1798 sin-

98 1815 247 1870 d⁰¹⁰⁸²¹¹⁰·
338 1842 369 1896 et
391 1835 636 1896 ordinationibus
661 1835 850 1912 apostolicis,
877 1833 1003 1894 abdicti
1030 1833 1083 1894 tlr·
1110 1828 1112 1931 ζ
1140 1831 1220 1906 gulis
1241 1831 1412 1909 privilegiis
1434 1839 1464 1890 et
1485 1831 1750 1908 exemptionibus,
1773 1831 1883 1908 qtribus

339 1928 419 1990 diuis
447 1929 573 2006 eiusque
604 1929 850 2004 provinciarum,
876 1927 968 1987 etiam
1002 1926 1082 1986 iura·
1110 1940 1111 2001 ζ
1140 1926 1274 2000 gaudent
1310 1924 1511 2002 provinciales
1545 1923 1691 1986 absoluti:
1729 1925 1884 1984 emanavit

340 2030 458 2095 mento,
475 2022 708 2083 confirmatione
721 2021 894 2098 apostolici,
911 2020 958 2080 vel
976 2019 1083 2095 quavis
1109 2050 1111 2107 4
1139 2018 1176 2078 ab
1197 2020 1303 2078 eidem
1334 2018 1580 2093 congregatione
1602 2018 1811 2080 cardinalium
1833 2016 1885 2076 de·

340 2113 485 2176 firmitate
506 2115 561 2175 alii
583 2115 744 2187 roboratis,
761 2115 883 2174 statutis
903 2121 933 2174 et
956 2128 1084 2174 consue·
1109 2112 1111 2205 j
1139 2121 1258 2172 cretum
1283 2111 1398 2172 tenoris
1419 2111 1471 2189 qui
1494 2111 1645 2188 sequitur,
1669 2109 1826 2172 videlicet:

340 2207 509 2280 tudinibus,
536 2208 707 2285 privilegiis
729 2223 872 2285 quoque,
899 2206 1028 2267 indultis
1052 2213 1083 2266 et
1110 2270 1112 2281 ‚
1180 2204 1267 2266 Sacra
1292 2205 1497 2279 congregatio
1517 2203 1837 2264 eminentissimorum
1853 2211 1884 2264 et
1928 2209 2113 2306 nergessumja

340 2299 450 2361 litteris
473 2301 655 2378 apostolicis,
680 2302 710 2360 in
734 2301 923 2361 contrarium
938 2299 1083 2376 praemis·
1109 2332 1112 2346 ·
1139 2300 1473 2360 reverendissimorum
1503 2297 1532 2360 S.
1556 2297 1591 2358 R.
1615 2298 1649 2358 E.
1674 2297 1883 2358 cardinalium
1902 2271 2114 2378 f{33„⁰„,ss,fg,g‚

338 2411 445 2455 sorum
460 2394 688 2472 quomodolibet
710 2395 871 2468 concessis,
894 2395 1083 2456 confirmatis
1139 2391 1271 2466 negotiis
1295 2398 1327 2451 et
1354 2391 1630 2451 consultationibus
1663 2391 1882 2468 cpiscoporum
1902 2367 2054 2478 {iffiffi'ss'ffffi
2073 2380 2111 2413 Μ’

340 2495 370 2548 et
392 2487 563 2562 innovatis;
584 2488 694 2565 cptibus
716 2487 860 2548 omnibus
886 2496 916 2548 et
937 2487 1081 2562 singulis,
1109 2484 1111 2547 ζ
1139 2492 1169 2545 et
1182 2485 1385 2561 llegularium
1402 2486 1582 2562 praeposita,
1595 2485 1698 2545 audito
1714 2493 1799 2561 patre
1815 2501 1882 2562 pro·

341 2578 465 2640 illorum
490 2591 611 2640 tenores
630 2579 841 2656 praesentibus
864 2595 919 2658 pro
948 2579 1037 2656 plene
1052 2587 1082 2638 et
1138 2583 1280 2638 curatore
1303 2577 1439 2652 generali
1461 2576 1593 2650 Ordinis,
1616 2583 1647 2637 et
1668 2577 1792 2636 attentis
1815 2593 1883 2637 nar-

339 2673 529 2734 sufficienter
543 2674 693 2750 expressis
715 2675 795 2734 etad
811 2673 942 2734 verbum
959 2672 1083 2733 insertis
1139 2670 1222 2742 ratis,
1246 2671 1366 2731 censuit
1382 2687 1414 2730 ac
1429 2669 1593 2729 declaravit
1609 2668 1752 2742 gaudere.
1771 2669 1884 2730 Romae

340 2765 1111 2842 babentes,illisalibsinsuoroboreperman-1
1140 2781 1203 2824 xiv.
1238 2764 1408 2826 decembris
1441 2781 1575 2826 unocur.
1598 2797 1636 2810 -
1657 2765 1692 2826 G.
1715 2764 1884 2827 Cardinalis

338 2859 431 2930 suris,
453 2861 488 2918 ad
511 2860 751 2936 praemissorum
767 2859 922 2933 ellectum,
939 2860 994 2920 bac
1016 2859 1082 2919 vice
1109 2900 1111 2937 :
1140 2859 1324 2920 canetxeus
1339 2890 1376 2902 -
1391 2859 1413 2918 l.
1427 2859 1461 2920 F.
1479 2859 1666 2920 cnruuonus
1687 2858 1880 2918 secretarius.

339 2951 508 3024 dumtaxat,
530 2952 703 3029 specialiter
729 2959 759 3012 et
789 2968 932 3029 expresse
957 2951 1083 3027 deroga·
1109 2966 1111 2975 ’

339 3059 424 3118 mus3
447 3045 618 3122 ceterisque
639 3045 800 3106 contrariis
822 3046 1079 3124 quibuscumque.
1109 2990 1111 3087 Ῑ
1179 3046 1247 3120 §2-
1273 3047 1351 3108 cum
1374 3051 1496 3118 autem,
1529 3047 1607 3108 sicut
1628 3047 1700 3108 dicti
1728 3063 1883 3123 exponen·
1950 3060 2112 3124 cpnurmauo

378 3139 489 3198 Datum
511 3138 635 3212 Romae,
654 3137 733 3216 apud
750 3139 780 3201 S.
798 3139 935 3212 Petrum,
952 3140 1009 3200 sub
1029 3125 1081 3200 aul
1139 3145 1184 3198 tes
1200 3139 1287 3200 nobis
1302 3139 1432 3200 subinde
1450 3140 1563 3216 exponi
1579 3140 1731 3214 lecerunt,
1756 3139 1812 3218 ipsi
1834 3141 1885 3202 de-
1903 3113 1975 3160 ¹⁰¹³t¹
1992 3113 2091 3160 (κω

340 3230 415 3292 nulo
438 3231 613 3305 Piscatoris,
640 3231 689 3292 die
717 3249 759 3292 xr.
782 3233 912 3294 ianuarii
935 3249 1081 3308 uocem,
1110 3288 1112 3328 Ι
1139 3237 1260 3292 cretum
1282 3231 1475 3305 huiusmodi,
1506 3249 1568 3309 quo
1596 3235 1715 3295 drmius
1740 3234 1883 3294 subsistat

338 3323 532 3400 pontificatus
554 3325 650 3385 nostri
673 3341 754 3385 anno
777 3341 819 3384 tv.
1110 3339 1112 3405 ξ
1140 3331 1170 3384 et
1191 3332 1335 3385 servetur
1358 3325 1504 3398 exactius,
1521 3325 1702 3402 apostolicae
1721 3327 1885 3388 confirma-

1110 3410 1112 3477 i
1141 3417 1233 3476 tionis
1255 3424 1377 3478 nostrae
1402 3419 1570 3493 patrocinio
1592 3420 1779 3480 communiri
1800 3435 1883 3480 sum·

1109 3488 1112 3579 l
1139 3525 1264 3587 mopere
1280 3510 1470 3571 desiderent:
1490 3527 1556 3585 nos,
1574 3511 1711 3589 ipsorum
1727 3527 1883 3588 exponen-

670 3603 748 3666 Xlll.
1109 3606 1112 3675 l
1140 3604 1220 3664 tium
1232 3603 1312 3664 votis
1326 3603 1381 3664 bac
1395 3603 1427 3665 in
1444 3621 1488 3678 re,
1501 3614 1652 3681 quantum
1665 3621 1735 3666 cuna
1751 3607 1883 3666 Domino

1110 3742 1112 3751 .
1139 3711 1314 3774 possumus,
1340 3696 1548 3757 lavorabiliter
1567 3713 1705 3759 annuere
1730 3698 1881 3772 volentes,

341 3784 516 3866 Confirmat
538 3787 699 3850 decretum
725 3788 988 3868 Goagrcgctioais
1010 3789 1083 3864 Epi·
1110 3780 1112 3791 '
1139 3797 1170 3850 et
1191 3805 1300 3850 eorum
1321 3789 1494 3864 singulares
1521 3805 1665 3866 personas
1687 3807 1702 3850 a
1724 3792 1883 3868 quibusvis

377 3895 543 3956 scoparum
571 3887 600 3940 ct
633 3881 858 3958 Repularium,
891 3898 951 3958 quo
983 3881 1083 3943 decla·
1140 3883 1478 3956 excommunicationis,
1501 3884 1712 3959 suspensionis
1736 3893 1766 3945 et
1787 3886 1884 3946 iuter-

379 3977 486 4042 rutur,
510 3975 720 4050 provincio-les
743 3981 921 4050 assumptos
943 3975 1082 4052 gaudere
1110 4038 1111 4051 ,
1139 3975 1224 4050 dicti,
1247 3975 1376 4052 aliisque
1397 3976 1607 4037 ecclesiasticis
1622 3978 1796 4053 sententiis,
1813 3993 1883 4040 cen-

379 4063 523 4128 omnibus
545 4067 724 4145 privilegiis
752 4069 1002 4144 prouincialium
1031 4067 1084 4130 ob·
1110 4054 1111 4071 ¹
1139 4069 1219 4130 suris
1235 4077 1265 4130 et
1276 4069 1503 4147 poenis,aiure
1515 4068 1565 4129 vel
1576 4069 1612 4130 ab
1624 4070 1760 4146 bomine,
1775 4073 1883 4148 quavis

378 4158 558 4220 solutorum
597 4162 803 4222 eremitarum
840 4161 870 4222 S.
905 4161 1112 4240 Aesquilini·
1140 4161 1883 4242 occasioneveicausilatissiquibusquomodo·

378 4252 654 4314 Discolccutorum
679 4251 943 4333 Congregetionis
970 4253 1083 4331 Hispo·
1140 4254 1214 4314 libet
1230 4256 1393 4316 innodatae
1415 4255 1565 4330 existunt,
1588 4257 1622 4317 ad
1639 4255 1782 4316 ellectum
1798 4273 1883 4334 prae-

378 4348 511 4409 latorum
532 4353 563 4406 ct
587 4346 756 4408 ludicrum
778 4347 834 4426 (i).
1110 4355 1112 4443 l
1139 4348 1276 4409 sentium
1297 4347 1456 4408 dumtaxat
1477 4349 1741 4425 consequendum,
1772 4350 1882 4412 barum

1110 4470 1112 4507 r
1139 4442 1219 4501 serie
1241 4441 1433 4502 absolventes
1454 4449 1484 4502 et
1499 4441 1651 4502 absolutas
1673 4441 1738 4502 lore
1756 4460 1883 4504 censen-

539 4515 724 4583 ῧΙ-ΕΜΕΝὸ
748 4516 807 4583 ΡΡ·
835 4516 880 4583 ΧΙ·
1110 4522 1112 4553 ¹
1141 4542 1196 4609 tes,
1216 4534 1490 4612 supplicationibus
1512 4551 1620 4596 eorum
1642 4537 1770 4598 nomine
1796 4537 1884 4598 nobis

483 4639 520 4706 ag
542 4638 671 4704 puppam
694 4639 736 4705 pet
759 4639 937 4706 promptam,
1110 4684 1112 4709 ,
1139 4644 1231 4704 super
1267 4631 1322 4688 boc
1354 4629 1515 4689 humiliter
1546 4631 1693 4706 porrectis
1725 4630 1881 4704 inclinati,

1109 4728 1112 4794 l
1139 4721 1297 4782 decretum
1326 4722 1572 4798 praeinsertum,
1602 4724 1784 4784 auctoritate
1814 4739 1883 4800 apo·

140 4836 240 4896 causae
256 4830 322 4892 tusa·
379 4817 397 4892 ἓ
421 4816 446 4876 l.
471 4815 587 4892 Nuper,
611 4832 665 4892 pro
688 4823 773 4892 parte
800 4815 984 4875 dilectorum
1007 4815 1083 4875 filio·
1110 4836 1112 4899 ς
1139 4815 1254 4888 dolica,
1278 4821 1385 4875 tenore
1408 4817 1628 4893 praesentium,
1650 4818 1880 4888 confirmamus,

104 4885 319 4944 q¹¹0¹¹¹¹⁵⁶⁰⁰¹⁰²¹'
339 4925 409 4970 rum
432 4909 532 4970 Didaci
554 4925 570 4967 a
592 4904 623 4968 S.
648 4907 874 4980 Bonaveuturu,
898 4907 1009 4968 licerii
1033 4925 1083 4981 ge-
1139 4914 1170 4967 et
1191 4907 1393 4986 approbamus
1415 4907 1521 4986 illique
1541 4909 1726 4969 inviolabilis
1742 4909 1883 4986 apostoli-

340 5003 469 5074 neralis,
492 5019 525 5062 ac
550 5003 751 5062 rlctiuitorum
781 5001 974 5076 generalium
1003 5003 1082 5065 con·
1110 5042 1112 5062 t
1139 5017 1190 5062 cae
1210 5002 1363 5061 firmitatis
1381 5001 1476 5062 robur
1491 5002 1663 5063 acliicimus:
1681 5003 1762 5062 salvai
1780 5011 1881 5064 tamen

340 5095 527 5170 gregationis
550 5095 709 5171 Hispaniae
726 5101 756 5154 et
772 5095 928 5155 indiarum
951 5093 1082 5155 fratrum
1110 5088 1112 5097 '
1139 5111 1262 5172 semper
1274 5095 1305 5154 in
1318 5095 1491 5172 praemissis
1503 5097 1684 5156 auctoritate
1697 5105 1882 5156 memoratae

339 5187 460 5249 Ordinis
482 5187 689 5248 Ereruitarum
706 5187 807 5248 Sancti
832 5187 997 5262 Augustini
1019 5188 1082 5248 Dis·
1109 5208 1112 5224 ·
1140 5189 1394 5265 congregationis
1417 5189 1637 5250 cardinalium.

339 5281 540 5342 calceaturum
563 5289 825 5356 nuncupatorum,
844 5281 1081 5355 congregationi
1109 5225 1112 5359 Ι
1179 5281 1247 5356 gc.
1271 5283 1489 5355 Decernentes,
1506 5283 1629 5342 easdem
1644 5291 1819 5360 praesentes
1833 5283 1883 5344 lit·
1929 5301 2070 5349 clausulae.

339 5374 565 5434 venerabilium
588 5373 719 5434 lratrum
742 5381 920 5433 nostrorum
943 5373 973 5435 S.
999 5374 1032 5434 lt.
1046 5374 1079 5433 lt.
1110 5362 1112 5439 l
1140 5381 1219 5434 teras
1230 5389 1352 5450 semper
1368 5375 1483 5448 firmas,
1499 5373 1612 5434 validas
1626 5382 1656 5435 et
1670 5374 1805 5436 efficaces
1820 5378 1884 5436 exi-

338 5467 548 5528 Cardiualiutn
581 5467 713 5541 negotiis
745 5473 775 5526 et
805 5465 1082 5527 consultationibus
1109 5493 1112 5539 :
1139 5473 1221 5526 stere
1238 5475 1268 5526 et
1284 5465 1360 5539 iore,
1383 5483 1515 5544 suosque
1532 5467 1684 5544 plenarios
1699 5475 1729 5528 et
1744 5468 1882 5544 integros

340 5559 558 5636 cpiscoporum
571 5567 602 5619 et
617 5558 816 5634 Regularium
829 5561 1016 5636 praepositae
1031 5575 1082 5618 ex·
1110 5610 1112 5627 ,
1140 5559 1265 5619 ellectus
1286 5559 1390 5619 sortiri
1406 5567 1435 5620 et
1457 5560 1611 5634 obtinere,
1624 5579 1656 5621 ac
1668 5559 1740 5634 illis,
1756 5561 1791 5622 ad
1807 5578 1883 5639 quos

378 5759 407 5814 (l)
424 5761 460 5802 Ex
474 5761 535 5814 Reg.
552 5758 579 5804 iu
594 5759 669 5803 Arcb.
685 5761 756 5802 Brev.
778 5758 1015 5816 Exprovincialium
1030 5757 1081 5816 pri·
1137 5756 1217 5802 cariis
1232 5757 1436 5814 provincialibus
1451 5757 1585 5803 indiarum
1596 5757 1771 5802 orientalium
1782 5759 1883 5816 proriu-

337 5825 433 5882 vilegia
447 5837 568 5870 concessa
582 5825 655 5870 fraere
676 5825 891 5882 procuratoribus
912 5825 1080 5880 generalibus
1136 5824 1191 5869 ciue
1203 5825 1380 5881 Portugalliae
1390 5826 1422 5870 ab
1434 5825 1481 5870 boc
1491 5825 1614 5870 Pontitlce
1624 5828 1705 5869 coust.
1716 5825 1754 5869 ed.
1767 5837 1882 5882 uocem,

337 5894 486 5938 insularum
501 5892 710 5950 l’ltilippinarum
725 5893 758 5937 ab
772 5894 921 5938 luuoceutio
937 5895 977 5937 xl.
999 5895 1079 5936 const.
1137 5891 1178 5936 die
1193 5903 1209 5936 1.
1225 5891 1360 5948 februarii,
1375 5892 1464 5948 pontif.
1481 5903 1515 5936 vr.

337 5959 398 6006 edit.
414 5958 685 6014 xtncxxxv11.,diox1.
701 5959 853 6014 decembris,
868 5963 986 6015 pont.11.;
1002 5963 1027 6003 et
1043 5959 1082 6003 vi·

444 6082 496 6129 latr.
513 6083 580 6128 l’ont.
597 6081 627 6127 de
644 6082 716 6141 l'rop.
732 6080 793 6126 Fide
807 6083 889 6128 Partis
904 6084 921 6126 l.
937 6081 990 6128 llol.
1007 6083 1036 6128 li.
