4880 6982
131 575 190 628 An.
204 576 235 629 (1.
256 577 322 628 1711

1023 593 1163 640 GLEHENS
1185 595 1229 642 xl.

399 709 576 786 Qneicbec
591 715 621 772 ct
636 707 825 788 Episcopum
845 709 1095 789 Claudiopolita-

396 820 475 866 num
497 810 603 867 cotom
618 803 722 876 babet,
739 803 917 868 cretaceum
933 805 1095 883 dispensat

396 915 416 960 c
439 903 509 960 noto
531 897 567 958 in
589 895 743 960 Socictote
768 899 879 960 emisso
901 898 937 961 de
958 914 1021 959 noa
1042 914 1096 960 coc·

398 989 552 1068 cipicndio
583 988 801 1070 dignitatibus
833 997 929 1053 contro
962 989 1097 1054 Societa-

395 1091 456 1146 tem
477 1081 534 1164 (l).

356 1268 525 1338 Venerabili
547 1269 634 1338 tratri
651 1267 771 1336 claudio
788 1267 928 1338 llicdetou
944 1268 1096 1353 Episcopo

596 1362 853 1447 claudiopctttono

537 1509 722 1577 otfimttts
745 1509 846 1577 ΡΑΡΑ
870 1509 917 1576 xl.

565 1646 755 1715 Venerabilis
779 1646 885 1726 trater,

387 1742 514 1810 salutern
537 1747 569 1809 et
590 1741 787 1826 apostolicam
813 1739 1060 1808 benedictionem.

393 1934 604 1996 Fraternitatis
633 1939 703 1994 tuae
724 1932 755 1994 in
777 1947 833 1993 nos
848 1939 878 1993 et
893 1930 1095 2009 Apostolioam

355 2028 467 2092 Sedena
488 2029 562 2090 sides
584 2036 614 2090 et
635 2027 770 2100 devotio,
793 2043 825 2088 ao
846 2025 1029 2088 christianae
1049 2041 1098 2086 re-

355 2123 478 2199 ligionis
499 2121 725 2199 catholicaeque
748 2121 816 2182 fidei
839 2119 972 2182 tuendae
985 2125 1097 2197 etpro-

354 2215 507 2295 pagaudae
528 2214 624 2288 zelus,
641 2213 760 2293 aliaque
782 2213 942 2276 laudabilia
963 2212 1093 2291 pietatis,

354 2310 522 2384 doctrinae,
541 2309 721 2386 prudentiae
741 2315 771 2369 et
792 2308 936 2380 caritatis,
952 2307 1096 2368 aliarum-

355 2419 416 2482 que
438 2401 654 2480 episcopalium
678 2402 831 2463 virtutum
859 2401 981 2474 merita,
1004 2415 1096 2478 super

355 2497 465 2574 quihus
493 2494 571 2574 apud
594 2511 649 2557 nos
671 2496 730 2556 tide
751 2495 845 2570 digne
872 2493 1096 2556 commendaris

356 2589 551 2662 testimonio,
574 2603 630 2648 nos
662 2588 828 2661 inducunt,
851 2596 886 2648 ut
907 2595 938 2648 te
958 2584 1096 2663 specialis

354 2683 459 2744 lavore
480 2681 594 2758 gratiae
615 2681 748 2742 libenter
769 2695 1000 2758 prosequamur.

393 2774 461 2850 gl.
487 2777 565 2836 Cum
587 2774 708 2852 itaque,
735 2773 814 2836 sicut
841 2773 1028 2851 accepimus,
1051 2771 1096 2834 di-

356 2867 453 2929 lectus
469 2867 551 2928 srlius
567 2875 671 2927 noster
683 2865 808 2930 Carolus
823 2865 954 2927 Thomas
970 2865 1001 2928 S.
1012 2864 1047 2925 ll.
1059 2865 1093 2925 E.

355 2960 524 3024 Cardinalis
546 2959 683 3022 blaillnrd
703 2960 740 3021 de
762 2959 908 3020 Tournon
937 2973 1095 3036 nuncupa·

356 3063 415 3128 tus,
438 3069 531 3131 quens
552 3053 623 3114 alias
643 3068 698 3130 per
711 3051 855 3130 quasdam
878 3060 996 3113 nostras
1009 3051 1042 3112 in
1057 3051 1097 3112 si-

355 3147 423 3208 mili
445 3145 543 3208 lorma
564 3145 670 3207 Brevis
690 3143 739 3205 die
754 3161 796 3205 ιι.
813 3144 882 3206 lulli
905 3160 1028 3205 nuncu.
1044 3159 1097 3204 ex·

356 3239 470 3318 peditus
485 3239 587 3300 literas
602 3245 745 3300 nostrum
761 3247 791 3300 et
806 3237 995 3317 spostolicae
1010 3236 1096 3299 Sedis

355 3333 608 3396 Commissarium
635 3341 667 3394 ιι
693 3332 889 3394 visitatorem
919 3330 1095 3407 generalem

356 3428 388 3488 in
412 3425 556 3490 Sinarum
576 3435 608 3488 et
629 3425 695 3488 aliis
717 3425 871 3488 indiarum
893 3423 1097 3488 Orientalium

356 3522 459 3597 reguis
479 3535 551 3582 cum
573 3526 721 3598 potestate
741 3520 835 3582 etiam
857 3520 952 3580 nostri
972 3528 1002 3580 ιι
1017 3518 1096 3579 eius-

355 3619 425 3682 dem
448 3617 533 3680 Sedis
554 3616 590 3678 de
612 3613 708 3675 tatere
735 3612 852 3688 Legati,
876 3627 998 3673 necnon
1025 3629 1096 3676 cum

355 3713 484 3774 diversis
505 3717 536 3772 et
557 3707 750 3787 amplissimis
771 3706 978 3779 facultatibus,
997 3725 1029 3767 ac
1050 3706 1097 3766 in-

356 3813 403 3867 ter
424 3804 495 3866 alias
516 3799 739 3878 interpretandi
755 3817 964 3880 quascumque
984 3799 1097 3862 cousti-

358 3901 491 3962 tutiones
511 3897 698 3975 apostolicas,
717 3895 895 3956 moderandi
911 3893 1017 3955 itidem
1032 3911 1098 3956 sus-

356 3993 510 4073 pendendi
540 3999 630 4069 atque
661 3987 824 4051 revocandi
852 3987 1098 4066 quibuscumque

355 4087 504 4168 personis,
527 4095 590 4147 tem
610 4082 815 4146 saecularibus
836 4098 926 4159 quam
949 4081 1097 4158 regulari-

356 4181 412 4244 bus
433 4181 526 4242 etiam
546 4177 794 4250 spoletanensis,
810 4191 1023 4254 quaecumque
1038 4176 1099 4253 pri·

356 4273 468 4352 vilegia
489 4290 504 4332 a
528 4273 606 4334 Sede
631 4269 782 4350 praedicti
811 4268 1098 4348 quomodocumque

356 4377 388 4429 el
408 4383 445 4428 ex
461 4367 568 4444 quavis
582 4363 668 4426 causa
683 4364 775 4424 etiam
791 4361 904 4440 pluries
918 4363 1097 4426 confirmata

357 4467 387 4522 et
408 4460 570 4535 innovata;
587 4466 742 4536 praeterea
759 4455 894 4520 Vicarios
909 4457 1097 4536 Apostolicos

357 4552 550 4626 instituendi,
573 4561 603 4614 et
625 4553 686 4613 iam
707 4553 906 4626 constitutos,
929 4551 1096 4612 senellam

357 4646 449 4706 abeo
470 4646 713 4719 constituendos
737 4661 812 4723 quos
834 4643 865 4705 in
889 4645 1020 4706 Domino
1035 4659 1099 4704 ma·

357 4739 403 4815 gis
431 4739 556 4802 idoneos
583 4747 731 4816 tantoque
762 4738 887 4800 muneri
918 4739 1098 4815 exequendo

357 4833 487 4912 aptiores
509 4833 682 4908 iudicasset,
698 4832 859 4894 nonnullis
875 4831 1098 4893 cathedralibus

356 4925 501 5000 ecclesiis,
523 4933 553 4988 et
574 4927 735 5003 signanter
756 4925 1047 5004 claudiopolitanae,
1064 4923 1096 4985 in

357 5021 423 5080 aliis
445 5020 583 5099 partibus
611 5019 784 5081 infidelium
810 5019 1046 5080 consistentibus
1068 5025 1097 5078 et

356 5114 483 5190 pastoris
509 5113 618 5174 solatio
646 5113 800 5174 destitutis
823 5113 854 5172 in
883 5113 1044 5190 Episcopus
1067 5118 1096 5170 ct

356 5213 489 5284 pastores
511 5208 692 5268 auctoritate
707 5205 867 5284 apostolici
889 5205 1096 5282 praeficiendi,

356 5301 461 5378 eisque
481 5301 523 5362 sic
545 5299 705 5378 praelectis
727 5315 842 5361 munus
863 5297 1098 5360 consecrationis

357 5408 428 5455 curn
450 5394 620 5455 assistentis
641 5395 773 5455 duorum
794 5391 926 5452 aliorum
941 5391 1097 5469 preshyte-

359 5503 466 5548 rorum
487 5487 606 5548 etiamsi
628 5505 691 5548 nou
707 5493 809 5548 essent
831 5485 970 5563 Episcopi
993 5501 1049 5544 neo
1065 5484 1097 5544 in

356 5580 555 5642 ecclesiastica
577 5579 725 5655 dignitate
746 5579 918 5652 constituti,
941 5578 965 5637 si
987 5577 1098 5638 adluis-

356 5683 437 5748 sent,
453 5675 501 5734 sin
516 5675 620 5734 minus
635 5675 727 5734 etiam
738 5674 805 5734 sine
820 5672 947 5733 illorum
957 5671 1100 5732 assisten-

357 5769 397 5830 tia
424 5765 639 5846 impendendi,
668 5773 760 5845 atque
781 5765 875 5827 etiam
899 5763 1098 5826 consecratio-

866 5903 1044 5914 ,-—.........-

1153 729 1225 776 nem
1237 715 1412 780 huiusmodi
1425 718 1654 798 aliisEpiscopis
1664 719 1889 782 committendi:

1152 808 1324 872 declarandi
1347 811 1523 890 insaporet
1545 813 1713 876 desmiendi
1728 829 1894 892 quaecum-

1152 918 1212 980 que
1232 902 1322 966 dubia
1333 914 1385 968 aut
1406 905 1611 982 difficultates,
1625 924 1702 986 quae
1722 923 1815 987 super
1828 923 1892 970 om-

1152 994 1241 1057 nibus
1257 1003 1287 1058 et
1301 998 1433 1074 singulis
1447 1001 1509 1062 suis
1524 1001 1718 1063 facultatibus
1731 1000 1894 1078 insurgere

1153 1094 1205 1149 aut
1227 1090 1352 1152 excitari
1374 1107 1499 1170 quoquo
1524 1092 1615 1154 modo
1635 1099 1774 1172 possent,
1797 1093 1837 1155 ita
1859 1101 1893 1155 ut

1152 1182 1218 1245 eius
1255 1183 1451 1246 declarationi
1486 1202 1593 1249 omnes
1629 1193 1691 1248 tam
1724 1187 1893 1249 saeculares

1151 1292 1243 1355 quam
1265 1277 1457 1340 ecclesiastici
1478 1287 1510 1342 ιι
1530 1281 1751 1358 cuiuscumque
1772 1279 1893 1343 Ordinis

1153 1371 1428 1446 regniacensem
1443 1371 1540 1434 diotae
1555 1373 1712 1438 Societatis
1727 1373 1805 1448 lesu,
1821 1391 1895 1452 qna·

1152 1479 1285 1542 cumque
1299 1465 1502 1544 appellatione
1517 1467 1645 1542 remote,
1658 1467 1851 1545 acquiescere
1863 1473 1894 1529 et

1153 1557 1276 1620 obedire
1292 1565 1475 1623 tenerentur
1487 1561 1546 1622 suh
1560 1562 1650 1623 certis
1672 1561 1763 1624 modo
1780 1569 1811 1623 et
1832 1561 1893 1624 lor·

1153 1651 1201 1712 md
1223 1658 1297 1713 tunc
1312 1653 1475 1730 expressis,
1492 1654 1708 1716 constituimus
1722 1661 1753 1715 ιι
1768 1656 1895 1734 deputa-

1153 1743 1270 1806 vimus:
1295 1753 1336 1820 te,
1349 1747 1402 1825 qui
1417 1747 1577 1826 presbyter
1590 1747 1740 1824 regularis
1754 1748 1893 1810 eiusdem

1153 1836 1310 1900 Societatis
1326 1839 1392 1901 lesa
1407 1856 1550 1918 expresse
1565 1839 1718 1920 protessus
1739 1857 1816 1915 eras,
1833 1842 1894 1902 dic-

1153 1937 1200 1992 tae
1214 1929 1357 1994 ecclesiae
1369 1933 1649 2012 Claudiopolitanae
1659 1935 1717 1996 suh
1731 1944 1893 2014 praecepto

1152 2025 1342 2088 obedientiae
1357 2027 1388 2088 in
1402 2027 1586 2106 Episcopum
1598 2038 1628 2092 et
1643 2037 1795 2108 pastorem
1807 2045 1893 2108 prae·

1152 2119 1270 2195 lecerit,
1293 2139 1420 2196 curam,
1444 2123 1585 2198 regimen
1606 2131 1637 2185 et
1657 2123 1895 2187 administratio·

1152 2229 1226 2276 uem
1248 2215 1330 2276 illins
1352 2215 1407 2277 tihi
1424 2217 1454 2277 in
1468 2216 1678 2295 spiritualibus
1692 2225 1724 2279 et
1739 2224 1893 2296 tempora-

1152 2307 1231 2368 libus
1248 2307 1385 2384 plenarie
1403 2309 1636 2384 committend0‚
1651 2327 1684 2372 ac
1696 2309 1797 2373 lorsam
1809 2312 1893 2374 iuxta

1152 2409 1392 2464 memoratarum
1407 2417 1533 2464 suarum
1553 2403 1734 2466 facultatum
1750 2412 1894 2466 tenorem

1151 2501 1183 2555 et
1204 2494 1335 2556 lormam
1356 2496 1412 2557 tibi
1433 2496 1548 2558 dictum
1564 2513 1679 2558 munus
1694 2497 1894 2559 consecratio·

1152 2587 1200 2648 nis
1221 2587 1418 2664 impenderit,
1433 2605 1488 2652 seu
1502 2591 1766 2652 consecrationem
1788 2592 1893 2653 huius·

1153 2681 1234 2742 modi
1256 2680 1321 2742 aliis
1343 2681 1497 2760 Episcopis
1518 2683 1728 2760 commiserit3
1751 2700 1808 2746 nec
1829 2701 1892 2746 non

1152 2773 1279 2850 insuper
1301 2782 1330 2835 te
1352 2777 1527 2853 provinciae
1555 2778 1725 2852 Quei-cheu
1755 2779 1787 2840 in
1810 2778 1892 2842 Sinis

1152 2867 1308 2930 Vitorium
1336 2869 1544 2947 Apostolioum
1570 2871 1764 2933 constituerit
1790 2879 1821 2934 et
1842 2873 1893 2934 de-

1151 2961 1320 3038 putaverim
1344 2970 1377 3023 tu
1392 2979 1467 3023 vero
1482 2963 1567 3025 iuxta
1582 2965 1817 3027 constitutiones
1832 2965 1893 3028 dic-

1152 3061 1199 3114 tae
1231 3053 1390 3116 Societatis
1421 3061 1529 3118 votum
1561 3073 1702 3136 expresse
1734 3059 1890 3135 emiseris,

1151 3144 1275 3222 Deoque
1303 3163 1336 3208 ac
1360 3147 1491 3208 Domino
1519 3155 1624 3210 nostro
1652 3151 1839 3228 promiseris,
1863 3157 1894 3212 ιι

1151 3237 1183 3298 in
1206 3238 1250 3298 tui
1273 3239 1461 3302 electionem
1476 3242 1511 3304 ad
1526 3258 1755 3321 quamcumque
1777 3243 1892 3322 praela·

1153 3331 1270 3393 tionem
1292 3332 1341 3394 vel
1370 3334 1553 3410 dignitatem
1579 3352 1633 3397 seu
1655 3351 1770 3398 monus
1796 3338 1894 3399 eccle-

1151 3423 1307 3486 siasticum
1328 3431 1416 3486 extra
1431 3427 1569 3488 camdem
1585 3426 1779 3505 Societatem,
1795 3429 1894 3508 quoad

1152 3531 1206 3594 per
1234 3523 1264 3577 te
1295 3517 1363 3578 fieri
1395 3527 1513 3595 posset,
1546 3534 1731 3583 consensum
1762 3523 1893 3584 minime

1152 3611 1374 3688 praestiturum
1395 3612 1453 3674 nisi
1474 3621 1613 3674 coactum
1629 3613 1801 3676 obedientie
1816 3617 1892 3688 eius,

1152 3703 1205 3781 qui
1228 3704 1281 3764 tibi
1304 3705 1331 3766 id
1354 3707 1528 3784 praecipere
1549 3707 1698 3784 potuisset
1724 3709 1782 3771 sub
1797 3709 1894 3787 poena

1152 3799 1281 3875 peccati3
1295 3813 1349 3877 per
1360 3800 1506 3877 quasdam
1521 3809 1624 3863 autem
1636 3802 1811 3882 apostolicas
1822 3818 1893 3864 cou-

1152 3895 1329 3956 stitutiones
1355 3895 1529 3973 specialiter
1549 3904 1580 3958 et
1601 3913 1742 3976 expresse
1769 3903 1893 3959 cautum

1153 3988 1337 4066 reperiatur,
1360 3991 1530 4065 neminem,
1553 3992 1646 4052 etiam
1667 3992 1704 4054 de
1735 3990 1831 4053 latere
1851 3990 1895 4052 le-

1154 4094 1274 4160 gatum,
1308 4086 1457 4147 nuncium
1484 4091 1514 4146 et
1540 4101 1771 4165 quemcumque
1799 4085 1894 4146 alium

1153 4177 1247 4238 etiam
1257 4177 1379 4256 speciali
1395 4179 1466 4240 notai
1481 4178 1611 4256 dignum
1627 4180 1734 4258 vigore
1749 4193 1894 4257 quarum·

1152 4286 1286 4348 cumque
1318 4271 1498 4335 facultatum
1528 4274 1635 4352 quavis
1663 4291 1701 4336 ex
1731 4272 1895 4335 causasibi

1153 4379 1367 4426 concessarum
1381 4379 1474 4444 snper
1489 4375 1560 4428 voto
1575 4368 1727 4445 praediolo
1743 4367 1894 4444 dispensa·

1154 4473 1198 4533 re,
1210 4476 1266 4522 seu
1283 4461 1358 4522 illud
1374 4469 1565 4522 commutare
1580 4461 1629 4521 vel
1644 4460 1781 4522 relaxare
1796 4475 1893 4538 posse,

1153 4554 1205 4615 sed
1227 4554 1403 4615 huiusmodi
1426 4554 1701 4632 dispensationem,
1725 4561 1896 4615 commuta-

1155 4648 1292 4722 tionem,
1315 4647 1364 4708 ιιι
1386 4647 1604 4709 relaxationem
1627 4647 1784 4708 dumtaxat
1806 4645 1895 4708 nohis

1153 4751 1184 4803 et
1204 4741 1343 4803 Romano
1357 4741 1498 4803 Pontifici
1513 4758 1568 4820 pro
1591 4749 1726 4819 tempore
1749 4739 1894 4801 existenti

1154 4843 1338 4896 reservatam
1361 4849 1446 4896 esse:

1193 4929 1211 5002 ἓ
1232 4927 1261 4988 2.
1285 4927 1363 4989 llinc
1383 4937 1429 4990 cst
1450 4930 1531 5007 quod
1555 4945 1621 5004 uos,
1638 4944 1677 4990 ne
1692 4930 1728 4990 de
1751 4928 1896 5006 praemis-

1153 5037 1258 5082 sorum
1274 5021 1430 5082 validitate
1445 5023 1601 5084 ullatenus
1622 5023 1754 5084 dubitari
1776 5021 1894 5083 contin-

1155 5124 1215 5189 gat,
1241 5114 1363 5176 illorum
1387 5116 1528 5176 omnium
1543 5123 1573 5176 et
1587 5116 1784 5192 singulorum
1808 5115 1895 5177 robo-

1154 5208 1192 5280 ri,
1220 5207 1359 5268 firmitati
1386 5216 1416 5268 et
1438 5209 1604 5284 eiiicaciac,
1637 5217 1787 5286 quantum
1822 5225 1892 5270 oum

1154 5299 1284 5361 Domino
1311 5315 1491 5378 possumus,
1522 5309 1693 5379 opportune
1719 5301 1892 5380 providere,

1155 5400 1245 5470 teque
1267 5394 1446 5471 specialibus
1468 5395 1622 5456 lavorihus
1645 5403 1674 5456 et
1698 5395 1804 5471 gratiis
1825 5411 1895 5474 pro-

1153 5487 1239 5564 sequi
1261 5487 1411 5561 volcutes,
1435 5495 1502 5549 eta
1529 5489 1689 5566 quibusvis
1715 5504 1895 5549 excommu-

1155 5580 1326 5654 nicationis,
1348 5581 1557 5658 suspensionis
1578 5587 1609 5641 et
1630 5581 1798 5655 interdicti,
1814 5580 1895 5642 aliis-

1154 5687 1213 5747 que
1244 5671 1455 5734 eoclcsiasticis
1481 5673 1663 5748 sententiis,
1696 5673 1832 5735 censuris
1862 5681 1894 5735 et

1154 5764 1272 5842 poeuis,
1295 5779 1311 5822 a
1333 5764 1400 5826 iure
1428 5765 1478 5826 vel
1499 5766 1536 5827 ab
1556 5765 1695 5840 homine,
1717 5766 1823 5844 quavis
1845 5781 1893 5828 oc-

1301 5901 1390 5910 -.--....

398 5983 427 6039 tl)
443 5985 479 6026 Ex
494 5985 554 6037 App.
570 5981 626 6025 Bul.
641 5981 672 6026 de
687 5983 760 6036 Prop.
776 5979 838 6024 Fide
853 5980 901 6025 vol.
917 5983 944 6034 1.‚
959 5991 1015 6036 pag.
1031 5983 1079 6036 2100,
1093 5978 1180 6024 collat.
1195 5989 1253 6022 oum
1269 5953 1331 6034 lteg.
1348 5981 1419 6024 Brev.

1813 581 1870 644 291
1923 583 1975 636 rin.
1989 583 2019 638 0.
2041 583 2107 636 1711
