4880 6982
340 539 394 596 Aa.
408 541 438 596 0.
459 538 527 596 1719
578 529 638 602 330

556 674 751 756 dispensandi
771 673 865 752 gratis
887 671 919 735 in
940 673 1032 736 tertio
1053 680 1084 735 et
1105 679 1214 752 quarto
1228 687 1300 734 con-

556 771 770 846 sanguinitatis
791 777 821 831 et
843 769 999 831 affinitatis
1023 767 1168 845 simplici,
1190 775 1221 830 et
1242 769 1299 828 mi-

557 873 621 939 xto,
633 874 725 944 atque
740 865 832 926 etiam
847 863 1027 924 insecundo
1042 861 1108 922 solo
1123 860 1221 941 quoad
1238 877 1301 921 ma-

557 958 702 1019 trimonia
721 957 894 1036 praeterita,
910 971 971 1034 quo
987 971 1060 1017 xero
1075 956 1111 1018 ad
1127 955 1229 1016 futura
1244 969 1299 1032 per

559 1060 586 1112 te
609 1053 709 1130 ipsum
738 1059 869 1124 tantum,
893 1057 923 1110 et
951 1055 1084 1124 urgente
1112 1063 1223 1124 magna
1245 1063 1298 1110 ne·

555 1145 705 1218 cessitate,
729 1145 895 1206 dummodo
927 1143 1015 1205 nullo
1047 1145 1137 1205 anodo
1168 1143 1298 1218 attingat

555 1237 693 1316 primum
715 1239 855 1314 gradum,
872 1246 902 1300 et
923 1237 1038 1298 mulier
1055 1245 1138 1315 rapta
1154 1252 1217 1297 uon
1233 1223 1296 1299 lael

556 1331 608 1405 rit,
630 1330 681 1392 vel
708 1331 817 1392 saltem
838 1331 871 1392 in
899 1337 1050 1409 potestate
1076 1331 1205 1407 raptoris
1234 1346 1297 1391 non

555 1423 677 1497 existat,
693 1429 723 1484 et
745 1423 776 1484 in
800 1424 961 1500 praedictis
982 1423 1100 1488 casibus
1115 1423 1234 1502 prolem
1249 1440 1299 1484 sn·

554 1525 687 1594 sceptam
711 1517 883 1578 declarandi
898 1517 1085 1594 legitimam3
1102 1517 1297 1596 dispensandi

554 1627 647 1689 super
669 1612 890 1688 impedimento
910 1612 1050 1674 criminis
1065 1620 1178 1674 neutro
1193 1611 1299 1672 coniu-

557 1720 632 1780 gum
647 1705 854 1779 machinante,
870 1713 963 1783 atque
978 1705 1070 1766 etiam
1086 1713 1231 1783 utroque,
1248 1703 1296 1764 vel

555 1798 651 1860 altero
682 1798 892 1872 machinante,
920 1799 945 1858 si
973 1799 1234 1878 impedimentum
1259 1798 1297 1858 sit

555 1891 727 1966 occultum,
758 1899 789 1952 et
810 1891 972 1954 necessitas
1002 1891 1152 1970 postulet,
1180 1893 1298 1953 ratione

554 1984 682 2047 alicuius
704 1985 806 2061 gravis
826 1985 1019 2048 imminentis
1039 1986 1179 2064 periculi,
1200 1994 1230 2047 et
1252 2001 1298 2046 re·

553 2078 703 2141 stituendi
725 2078 772 2140 ius
794 2080 915 2156 petendi
937 2079 1093 2141 cicuitum:
1111 2078 1297 2142 concedendi

555 2171 760 2233 mediantibus
781 2172 912 2246 coronis,
935 2172 1088 2247 crucibus,
1105 2171 1297 2234 numismati-

554 2265 622 2336 bus,
645 2264 807 2342 parvisque
836 2264 1021 2342 imaginibus
1046 2266 1137 2327 sacris
1158 2283 1174 2326 a
1197 2273 1225 2325 te
1247 2267 1297 2326 he-

554 2358 682 2420 nedictis
703 2357 854 2436 plenarias
874 2357 1009 2436 aliasque
1030 2359 1169 2420 minores
1198 2359 1298 2420 indul-

555 2451 674 2528 gentias
695 2450 728 2510 in
749 2450 883 2512 formula
904 2453 983 2530 typis
997 2453 1076 2514 edita
1093 2453 1299 2530 indulgentia·

554 2557 626 2606 ram
653 2544 784 2618 coronis
813 2545 966 2618 crucibus
993 2546 1244 2619 numismatibus,
1267 2553 1298 2607 et

553 2637 645 2698 sacris
673 2636 860 2712 imaginibus
886 2654 941 2716 per
967 2655 1022 2700 nos
1049 2639 1175 2700 concedi
1196 2640 1299 2702 solita-

554 2745 626 2791 rum
647 2739 822 2806 contentas;
846 2739 876 2794 et
894 2732 1022 2810 insuper
1036 2731 1187 2808 largiendi
1202 2733 1298 2794 semel

554 2823 781 2900 indulgentiam
804 2825 974 2902 plenariam
995 2841 1050 2903 pro
1072 2841 1133 2886 una
1154 2825 1203 2887 die
1224 2827 1297 2888 visi·

554 2917 692 2978 tontibus
712 2917 882 2995 quamlibet
912 2917 1082 2994 ecclesiam,
1105 2935 1176 2980 oum
1198 2920 1298 2996 primo

554 3010 591 3070 ad
612 3027 680 3071 eam
701 3012 876 3087 accesseris;
899 3011 1034 3089 qualibet
1054 3011 1102 3073 die
1125 3029 1188 3074 non
1203 3013 1299 3092 impe-

554 3103 627 3178 dita,
638 3103 735 3164 seanel
747 3110 849 3165 tamen
862 3104 894 3164 in
906 3105 1105 3179 hebdomada,
1117 3104 1299 3168 celebrando

555 3195 678 3257 missam
699 3199 737 3259 de
764 3198 904 3275 requiem
927 3198 958 3258 in
980 3213 1176 3278 quocumque
1197 3200 1297 3274 altari,

555 3290 647 3352 etiam
662 3291 810 3368 portatili,
827 3289 975 3353 liberandi
996 3293 1112 3354 animas
1126 3295 1298 3356 secundum

555 3391 641 3445 tuam
663 3383 870 3446 intentionem
892 3401 907 3445 a
929 3385 1101 3462 Purgatorii
1124 3389 1230 3466 poenis
1244 3403 1299 3466 per

554 3479 681 3538 mortum
703 3477 856 3554 suffragii3
879 3477 1001 3541 fruendi
1023 3495 1077 3556 pro
1100 3488 1140 3555 te,
1163 3497 1195 3542 aa
1210 3481 1298 3544 sociis

555 3571 616 3632 tuis
637 3570 836 3632 missionariis
856 3585 911 3633 seu
939 3573 1151 3649 familiaribus,
1174 3575 1300 3653 priuile-

556 3664 625 3740 giis,
641 3664 752 3742 quibus
773 3664 986 3726 christifideles
1001 3667 1033 3727 in
1050 3667 1254 3744 Portugalliae
1269 3677 1299 3730 et

555 3759 772 3836 hlgarbioram
793 3759 910 3835 regnis,
932 3776 966 3820 ac
986 3763 1167 3822 eorumdem
1188 3777 1299 3838 regno-

556 3867 625 3914 rum
648 3851 757 3913 insulis
784 3853 817 3914 in
847 3851 940 3914 indiis
966 3852 1171 3916 Orientalibus
1200 3863 1231 3916 ct
1252 3854 1300 3916 ul-

556 3945 729 4007 tramarinis
760 3945 928 4024 conquistis
960 3947 1051 4008 terris
1081 3955 1111 4008 et
1142 3947 1226 4024 focio,
1248 3965 1298 4010 eo·

555 4040 697 4102 rumdem
719 4055 891 4116 regnorum
912 4040 1122 4118 ‘Portugalliae
1143 4049 1173 4102 et
1195 4043 1301 4120 hlgar-

556 4132 679 4194 biorum
700 4133 837 4196 dominio
857 4131 1001 4196 subiectis
1017 4142 1253 4211 commorantes,
1269 4143 1300 4198 et

556 4223 591 4286 ad
613 4225 664 4286 illa
679 4225 868 4288 declinantes
881 4228 989 4304 ¹vigore
1006 4227 1167 4290 literarum
1181 4237 1300 4307 aposto·

556 4318 686 4381 licarum
707 4339 721 4382 a
744 4320 904 4382 nonnullis
934 4321 1079 4384 Ronlanis
1100 4322 1300 4477 Pontihcfflus

556 4413 838 4492 praedecessoribus
863 4415 989 4491 nostris,
1012 4416 1075 4477 imo
1096 4416 1225 4478 etfama
1269 4433 1301 4478 o

556 4505 601 4568 bis
622 4521 677 4585 pro
698 4507 829 4569 cruciata
838 4515 947 4594 'sancta
961 4523 1177 4571 concessorum
1192 4509 1300 4572 fruun-

558 4606 619 4674 tur,
643 4599 677 4660 in
699 4599 772 4662 locis
794 4606 910 4676 tamen,
933 4600 985 4664 ubi
1006 4603 1159 4665 dictorum
1174 4602 1300 4681 privile-

557 4691 681 4768 giorum
702 4709 775 4754 usus
797 4694 896 4769 viget3
919 4694 1096 4756 absolvendi
1118 4697 1155 4757 ab
1169 4695 1299 4770 haeresi,

556 4794 588 4848 et
609 4786 754 4864 apostasia
768 4803 784 4847 a
799 4787 858 4848 fade
873 4795 904 4848 et
918 4804 934 4847 a
948 4787 1122 4864 schismate,
1139 4803 1300 4866 quoscum-

557 4894 617 4958 que
650 4880 744 4940 etiam
775 4879 1005 4956 ecclesiasticos,
1036 4888 1104 4942 tum
1130 4882 1301 4943 saeculares

557 4987 650 5051 quam
666 4973 833 5048 regulares,
845 4971 939 5034 etiam
953 4974 1086 5051 relapsos
1101 4975 1133 5035 in
1148 4975 1215 5035 foro
1230 4989 1300 5035 con·

556 5066 702 5128 scientiae
722 5074 861 5142 tentum,
883 5067 1009 5128 tenendi
1024 5073 1054 5128 et
1070 5067 1191 5144 legendi
1208 5067 1300 5129 libros

558 5159 796 5235 haereticorum,
819 5160 869 5221 uel
891 5160 1066 5222 infidelium
1080 5161 1117 5222 de
1131 5177 1301 5243 eorumne·

557 5252 674 5329 ligione
705 5255 915 5330 tractantium,
942 5255 978 5317 ad
1003 5254 1150 5316 ellectum
1172 5272 1222 5317 eos
1243 5256 1300 5316 im-

557 5347 727 5426 pugnandi,
749 5354 779 5408 et
805 5348 879 5409 alios
907 5348 1138 5426 quomodolibet
1167 5351 1300 5429 prohibi-

559 5450 615 5516 tos,
639 5446 669 5501 et
691 5441 867 5504 huiusmodi
888 5441 1064 5505 facultatem
1085 5443 1152 5504 aliis
1173 5459 1228 5521 pro
1250 5452 1301 5506 tua

558 5535 721 5612 prudentia
747 5533 895 5613 (exceptis
917 5535 1017 5598 Caroli
1050 5536 1176 5598 hlolinei
1196 5545 1228 5598 et
1250 5537 1302 5598 Ni·

559 5628 634 5688 colai
665 5628 870 5690 blacchiaxelli
902 5629 1055 5708 operibus,
1088 5647 1121 5692 ac
1152 5629 1237 5692 libris
1265 5631 1302 5694 de

560 5721 731 5798 Astrologia
762 5721 919 5784 Iudiciaria
952 5725 1165 5804 tractantibus)
1195 5743 1301 5789 conce-

560 5816 668 5892 dendi3
691 5817 872 5880 admittendi
895 5834 949 5896 per
970 5828 999 5880 te
1021 5819 1121 5898 ipsum
1143 5821 1303 5882 dumtaxat

559 5927 769 5998 quascumque
788 5913 1006 5992 appellationes
1026 5914 1119 5976 etiam
1140 5913 1302 5978 adsedem

1075 551 1141 600 lUfl·
1164 552 1255 599 honr.
1279 547 1320 598 DE
1341 547 1371 596 1³.
1394 549 1423 598 12.
1447 549 1529 597 PARS
1550 548 1571 596 1.

1356 669 1540 747 praedictam
1555 669 1750 747 interpositas
1762 686 1777 730 a
1790 665 2037 748 quibuscumque
2047 663 2100 728 On

1354 763 1546 826 dinariorum
1567 781 1623 826 seu
1644 763 1856 840 delegatorum
1883 769 1947 824 tam
1967 757 2100 822 saecula·

1354 860 1448 934 rium,
1471 875 1564 937 quam
1585 858 1720 920 cuiusvis
1749 855 1897 930 instituti,
1919 855 2013 917 etiam
2034 866 2101 929 spe-

1353 953 1471 1016 cialiter
1503 951 1684 1013 nominandi
1712 949 1915 1027 regularium,
1937 946 2100 1010 sententiis

1354 1062 1409 1107 seu
1430 1047 1570 1120 decretis,
1593 1047 1687 1106 etiam
1708 1045 1821 1106 omisso
1842 1043 1955 1116 medio,
1978 1055 2099 1102 earum-

1354 1156 1415 1217 que
1435 1157 1538 1202 causas
1559 1149 1621 1201 tam
1642 1153 1697 1216 per
1719 1145 1749 1199 te
1770 1152 1864 1216 quam
1885 1151 1939 1214 per
1960 1134 2034 1194 alios
2051 1150 2099 1195 co·

1355 1233 1535 1310 gnoscendi,
1558 1239 1589 1294 et
1611 1233 1674 1294 fane
1696 1232 1799 1294 debito
1820 1231 1913 1293 etiam
1934 1232 2004 1291 sine
2022 1237 2100 1290 stre-

1354 1328 1419 1404 pitu
1441 1335 1472 1388 et
1499 1328 1599 1401 figura
1629 1326 1743 1400 iudicii,
1771 1325 1823 1387 sed
1851 1323 2045 1401 simpliciter,
2068 1330 2099 1383 et

1353 1422 1390 1483 de
1406 1419 1507 1499 plano,
1522 1427 1553 1481 et
1567 1419 1629 1480 sola
1645 1419 1715 1481 facti
1730 1419 1860 1481 veritate
1874 1418 2022 1495 inspecta,
2039 1423 2100 1477 ter-

1354 1514 1504 1586 minandi,
1537 1513 1722 1592 exequendi,
1755 1528 1810 1574 seu
1837 1511 1874 1571 ab
1895 1511 1961 1572 aliis
1987 1509 2098 1588 exequi

1353 1607 1530 1681 mandandi,
1558 1621 1770 1684 quaecumque
1799 1613 1849 1667 tua
1875 1606 2007 1678 decreta,
2030 1618 2099 1663 sen·

1352 1701 1475 1774 centias,
1488 1706 1659 1777 praecepta,
1672 1705 1703 1760 et
1718 1698 1941 1772 ordinationes,
1953 1709 2098 1774 quacum-

1353 1809 1413 1872 que
1433 1793 1650 1873 appellatione,
1673 1809 1811 1866 recursu,
1835 1790 2027 1854 recusatione
2044 1805 2098 1849 seu

1354 1887 1505 1948 nullitatis
1526 1888 1659 1949 dictione
1681 1885 1812 1948 minime
1833 1885 1985 1958 obstante,
2008 1883 2048 1944 ita
2064 1889 2098 1942 ut

1352 1979 1506 2057 quaelibet
1536 1979 1698 2058 appellatio
1728 1978 1830 2040 solum
1851 1979 1884 2039 in
1906 1975 2096 2050 devolutivo,

1354 2081 1385 2134 et
1405 2089 1469 2136 non
1502 2077 1652 2137 retardata
1684 2075 1879 2148 executione,
1901 2080 1933 2135 et
1954 2087 2018 2134 non
2040 2072 2097 2133 nisi

1353 2167 1521 2230 addictam
1549 2165 1660 2230 Sedern
1689 2168 1844 2246 interponi
1873 2167 1982 2246 possit3
2012 2181 2098 2226 exer-

1353 2261 1441 2322 cendi
1462 2276 1569 2324 omnes
1597 2269 1627 2323 et
1649 2261 1786 2339 singulas
1813 2261 1983 2336 facultates,
2005 2261 2098 2322 etiam

1353 2355 1545 2432 ultra‘supxa
1567 2371 1725 2434 expressas
1746 2357 1784 2418 ab
1803 2357 1911 2418 eadem
1932 2355 2011 2418 Sede
2032 2355 2098 2432 qui-

1353 2447 1545 2526 buscumque
1567 2447 1695 2511 Vicariis
1717 2447 1898 2527 hpostolicis
1925 2457 1988 2510 tam
2011 2447 2098 2523 regni

1354 2541 1500 2604 Sinarum
1529 2558 1622 2621 quam
1650 2551 1843 2606 caeterarum
1863 2541 2030 2619 regionum
2051 2543 2099 2604 ln-

1353 2634 1473 2696 diarum
1495 2635 1697 2698 Orientalium
1719 2635 1896 2699 huiusmodi
1911 2635 2038 2698 concedi
2052 2651 2098 2696 so-

1353 2727 1431 2803 litas,
1448 2736 1478 2791 et
1493 2729 1565 2791 alias
1580 2729 1839 2808 quandocumque
1857 2745 2025 2804 concessas,
2043 2745 2100 2790 nec

1354 2839 1416 2884 non
1433 2823 1611 2901 plenissime
1624 2824 1786 2901 gaudendi,
1803 2824 1913 2885 utendi
1928 2839 1962 2885 ac
1977 2823 2097 2884 fruendi

1353 2917 1609 2995 quibuscumque
1626 2916 1807 2994 privilegiis,
1830 2917 1960 2979 indultis
1981 2923 2011 2978 et
2034 2931 2099 2992 gra·

1353 3009 1404 3069 tiis
1425 3009 1585 3087 praedictis
1607 3009 1735 3070 Vicariis
1757 3011 1937 3088 hpostolicis
1962 3012 2100 3088 quando-

1353 3117 1487 3180 cumque
1518 3104 1680 3178 concessis,
1702 3112 1734 3166 et
1755 3103 1986 3182 quomodolibet
2018 3119 2101 3166 eom-

1354 3197 1541 3274 petentibus,
1564 3206 1595 3258 et
1614 3197 1774 3274 signanter
1792 3198 2041 3260 communicandi
2055 3215 2099 3259 sa-

1354 3290 1528 3352 cerdotibus
1554 3289 1675 3352 idoneis
1702 3307 1809 3352 omnes
1843 3299 1875 3353 et
1898 3292 2037 3368 singulas
2058 3290 2100 3352 fa·

1353 3384 1494 3458 cultates,
1515 3399 1590 3462 quas
1612 3383 1706 3446 iidem
1722 3383 1832 3446 Vicarii
1848 3385 2014 3465 Apostolici
2033 3385 2100 3446 aliis

1354 3479 1581 3540 communicare
1601 3484 1746 3558 possunt3
1779 3477 1953 3542 declarandi
1975 3488 2006 3541 et
2026 3479 2099 3540 defa-

1355 3573 1461 3635 niendi
1497 3573 1575 3636 dicta
1606 3574 1787 3635 auctoritate
1818 3573 1979 3652 apostolica
2008 3589 2100 3652 quae·

1354 3682 1488 3744 cumque
1509 3665 1599 3728 dubia
1620 3673 1673 3728 aut
1692 3653 1897 3742 difficultates,
1914 3683 1992 3745 quae
2006 3683 2099 3746 super

1355 3759 1401 3820 his
1429 3759 1573 3820 omnibus
1601 3766 1631 3822 et
1658 3759 1789 3835 singulis
1821 3759 2025 3835 facultatibus,
2051 3776 2101 3821 ea-

1354 3867 1488 3932 rumque
1511 3860 1619 3915 tenore
1641 3853 1802 3930 insurgere
1817 3859 1869 3916 aut
1883 3855 2010 3916 excitari
2025 3871 2099 3932 quo·

1355 3946 1509 4027 quomodo
1530 3955 1666 4027 possent,
1689 3949 1730 4010 ita
1752 3957 1786 4010 ut
1811 3955 1883 4010 tuae
1904 3948 2099 4011 declarationi

1355 4057 1462 4104 omnes
1485 4049 1548 4102 tam
1568 4041 1737 4104 saeculares
1768 4059 1861 4120 quam
1892 4041 2098 4117 ecclesiastici,

1355 4141 1386 4196 et
1406 4135 1541 4198 cuiusvis
1562 4135 1679 4197 ordinis
1700 4135 1868 4212 regulares,
1884 4135 1976 4198 etiam
1998 4135 2098 4199 Socie-

1356 4230 1425 4292 tatis
1446 4231 1526 4304 lesu,
1541 4243 1736 4308 quacumque
1757 4230 1960 4308 appellatione
1981 4236 2099 4292 remota

1355 4323 1546 4401 acquiescere
1575 4330 1605 4384 et
1626 4323 1751 4386 obedire
1779 4330 1955 4386 teneantur.
1986 4326 2028 4386 hc
2049 4323 2099 4383 de·

1355 4431 1444 4478 mum
1466 4417 1574 4479 utendi
1602 4417 1718 4478 eisdem
1745 4417 1891 4478 omnibus
1918 4424 1949 4478 et
1969 4416 2100 4494 singulis

1355 4509 1561 4584 facultatibus,
1585 4525 1697 4588 easque
1717 4509 1814 4572 libere
1839 4510 2013 4586 exercendi,
2036 4511 2100 4572 abs·

1356 4619 1417 4681 que
1445 4603 1507 4665 ulla
1533 4601 1723 4679 obligatione
1755 4604 1821 4666 illas
1849 4603 1899 4667 vel
1927 4613 2101 4684 praesentes

1356 4695 1459 4756 literas
1487 4703 1539 4756 aut
1564 4694 1620 4756 alia
1652 4696 1834 4758 documenta
1867 4713 1961 4775 super
1992 4713 2099 4758 earum

1356 4788 1549 4850 concessione
1575 4787 1763 4867 publicandi,
1793 4790 1971 4866 exhibendi,
2000 4798 2102 4852 osten·

1356 4881 1459 4956 dandi,
1480 4897 1536 4942 seu
1557 4881 1774 4960 praesentandi
1795 4883 1940 4960 cuiquam
1955 4899 2102 4962 quacum·

1356 4990 1417 5052 quc
1443 4983 1505 5036 tam
1526 4974 1673 5037 saeculari
1688 4991 1780 5054 quam
1794 4975 1993 5038 ecclesiastica
2008 4977 2102 5037 etiarn

1356 5068 1534 5146 episcopali,
1562 5067 1810 5146 archiepiscopali
1842 5077 1894 5130 aut
1921 5068 2100 5146 primatiali,

1357 5163 1449 5223 etiam
1471 5161 1577 5238 Legati
1598 5161 1775 5239 hpostolici,
1791 5161 1942 5238 dignitate
1956 5161 2101 5239 fulgenti,

1356 5255 1514 5318 facultates
1529 5256 1610 5316 intra
1626 5263 1694 5316 tuae
1710 5254 1871 5330 legationis
1887 5254 2002 5317 limites
2016 5269 2102 5316 exer·

1357 5351 1477 5424 condas,
1500 5350 1681 5411 auctoritate
1701 5349 1834 5426 praefata
1855 5351 2036 5412 earumdem
2054 5365 2101 5410 se-

1357 5445 1403 5506 rie
1430 5443 1638 5522 praesentium
1673 5443 1870 5522 concedimus
1900 5450 1931 5504 et
1963 5441 2102 5521 imperti-

1357 5553 1438 5600 mur.

1396 5632 1414 5706 ἓ
1429 5631 1457 5692 3.
1476 5629 1544 5692 Non
1562 5629 1753 5692 obstantibus
1768 5631 1982 5693 lateranensis
1995 5631 2102 5695 Conci-

2131 531 2186 586 An.
2199 534 2230 587 0.
2255 534 2327 587 1719

2142 5657 2281 5704 contrariis
2296 5658 2335 5704 de-

1357 5725 1391 5786 lii
1412 5725 1581 5786 novissime
1601 5724 1744 5786 celebrati
1767 5725 1890 5786 decreto
1908 5727 2101 5788 notariorum
2121 5717 2202 5769 ‘⁰⁸⁸⁸-

1358 5835 1502 5894 numero,
1524 5819 1644 5880 etiamsi
1665 5818 1702 5879 ad
1722 5819 1814 5880 illum
1833 5822 1974 5883 nondum
1989 5822 2102 5882 deren-

1359 5921 1427 5976 tum
1448 5913 1497 5989 sit,
1521 5913 1570 5975 cui
1591 5929 1647 5991 per
1670 5917 1725 5976 hoc
1746 5915 1819 5982 atlas
1833 5931 1897 5977 non
1912 5913 2102 5978 intendimus
