4836 6998
159 2639 321 2687 conhrrnatio

108 2693 248 2740 relatarum
265 2704 322 2738 coo-

108 2749 283 2794 stitutionem.

955 557 1151 604 uunuulnrus
1173 553 1243 602 xlll.

330 686 449 744 caetero
460 679 662 754 assumendis,
672 680 851 742 auctoritate
864 679 1075 758 praesentium

330 777 498 838 districtius
510 775 1076 852 inhibemus,neoonsecratr'onismu·

331 887 390 932 nus
402 870 618 948 quoquomodo
630 870 790 948 recipiant,
802 877 968 948 antequam
983 867 1077 928 libros

331 971 362 1024 et
376 962 455 1024 bona
470 962 681 1040 contingentia
696 962 839 1024 ordinem
855 967 1076 1032 memoratum,

331 1071 409 1134 quae
436 1056 516 1135 apud
537 1071 589 1116 eos
616 1062 755 1133 tempore
775 1072 849 1117 suae
873 1052 1078 1134 promotionis

331 1149 445 1210 habere
455 1148 633 1224 contigerit,
645 1148 800 1226 prioribus
814 1155 845 1208 et
860 1145 1077 1220 conventibus,

333 1242 370 1303 de
391 1242 502 1319 quibus
522 1241 673 1320 assumpti
695 1240 835 1316 fuerunt,
857 1257 929 1304 cum
950 1238 1079 1316 integri·

334 1341 395 1396 tate
417 1334 591 1410 resignent,
616 1333 676 1395 nisi
702 1334 806 1396 forsan
830 1333 920 1396 iidem
944 1332 1077 1411 priores,

334 1428 371 1488 de
396 1443 548 1489 consensu
575 1428 715 1504 ipsorum
737 1435 964 1501 conventuum,
988 1441 1079 1487 usum

334 1521 460 1582 illorum
472 1521 506 1582 ad
522 1529 642 1583 certum
659 1529 781 1600 tempus
792 1521 835 1582 ois
847 1521 994 1582 duxerint
1009 1534 1079 1580 con-

334 1613 518 1676 cedendum.
541 1614 687 1694 Alioquin
706 1632 742 1678 uo
764 1615 828 1693 ipso
847 1615 884 1676 ab
897 1613 1082 1675 executione

334 1707 520 1785 pontificalis
541 1709 707 1770 ministerii
730 1709 877 1770 noverint
898 1724 932 1768 se
952 1722 1080 1786 suspen·

334 1817 393 1862 sos.
417 1801 502 1862 luter
524 1802 701 1864 huiusmodi
724 1809 829 1864 autem
850 1801 944 1864 libros
957 1815 1020 1862 non
1035 1797 1081 1860 ln·

334 1893 507 1970 telligimus
517 1895 737 1973 comprehendi
754 1893 955 1974 quaternulos
970 1899 1001 1954 31
1016 1891 1082 1954 11133

336 1985 489 2048 chartulas
512 1987 562 2048 vel
586 1987 797 2062 membranas,
821 1987 853 2047 13
876 1985 988 2064 quibus
1009 1983 1082 2045 dicti

336 2077 446 2141 fratres
474 2079 531 2140 sibi
553 2087 636 2142 certa
662 2080 807 2142 notabilia
835 2095 908 2142 curn
930 2077 1083 2158 aliquibus

337 2172 465 2248 privatis
485 2173 681 2234 sermonibus
702 2173 909 2250 collegerunt.

377 2263 463 2326 Nulli
484 2280 559 2342 ergo
579 2267 711 2328 omuino
734 2265 897 2328 hominurn
919 2273 977 2326 etr.

379 2359 489 2420 [latum
513 2357 1002 2433 11133311,33331333333113313
1027 2359 1083 2419 Oo-

339 2451 471 2514 minicae
493 2468 686 2526 ucccxvnr„
710 2469 738 2511 v.
765 2452 832 2514 idus
854 2451 1084 2529 iunii,pontif1-

340 2552 427 2608 catus
449 2547 547 2609 nostri
566 2562 647 2608 auno
669 2563 711 2606 xv.

381 2641 399 2715 ἓ
420 2640 448 2702 3.
465 2640 611 2714 Quamvis
622 2646 727 2702 autern
741 2639 1003 2718 praeinsertarum
1015 2655 1086 2716 apo-

339 2734 516 2796 stolicarum
532 2733 706 2794 litterarum
722 2740 863 2794 tenorem
876 2750 892 2792 3
907 2732 1085 2794 memoralis

340 2826 550 2903 regularibus,
574 2842 628 2904 pro
650 2827 762 2904 quibus
789 2835 992 2901 emanarunt,
1015 2825 1086 2886 reli·

341 2921 425 2997 giose
448 2920 595 2982 hactenus
613 2920 812 2982 observatum
834 2919 928 2982 fuisse
944 2928 974 2981 et
988 2919 1087 2980 adbuc

341 3014 497 3076 observari
520 3013 846 3091 minimevereamur·;
869 3013 1084 3086 nihilominus,

342 3107 501 3170 nonnullis
532 3107 620 3168 iustis
648 3113 679 3168 et
710 3108 855 3184 gravibus
887 3106 1009 3169 adducti
1040 3123 1087 3166 ra-

341 3201 488 3274 tionibus,
511 3199 547 3260 ad
571 3200 795 3262 obstruendum
817 3199 985 3274 fraudibus
1008 3215 1086 3278 quae

341 3293 444 3355 forsan
460 3294 491 3356 in
504 3305 664 3372 posterum
676 3295 827 3356 committi
837 3303 1086 3373 possent,quem-

342 3401 475 3464 cumque
496 3387 626 3462 aditum,
649 3388 771 3448 easdem
793 3387 958 3450 Alexandri
974 3397 1004 3450 31
1020 3389 1086 3452 (113,

1132 679 1232 740 sidere
1263 685 1410 756 possunt,
1435 685 1482 752 ot,
1513 679 1663 758 quidquid
1695 680 1876 760 acquirunt,

1133 771 1319 834 monasterio
1341 780 1372 834 et
1397 773 1499 834 Ordini
1529 775 1712 852 acquirunt,
1743 777 1879 838 1133333

1133 866 1247 944 absque
1268 865 1333 926 ullo
1354 865 1544 942 discrimine,
1561 870 1684 945 quando
1706 869 1742 928 ad
1763 870 1881 948 praela·

1134 969 1217 1024 turus
1239 961 1454 1023 ecclesiasticas
1468 970 1683 1036 assumuntur,
1696 965 1788 1036 hona,
1803 982 1881 1043 quae

1134 1062 1205 1116 anto
1220 1071 1328 1116 earum
1345 1057 1570 1118 assecutionem
1587 1057 1751 1131 habebant,
1775 1075 1879 1122 secum

1135 1145 1311 1224 adsportare
1331 1146 1534 1224 propriosque
1555 1147 1587 1207 in
1603 1163 1677 1208 rusus
1697 1157 1880 1210 convertere

1136 1255 1331 1318 nequaqnam
1354 1247 1493 1316 possunt,
1509 1241 1560 1302 sed
1580 1241 1767 1303 monasterio
1783 1251 1813 1304 et
1828 1242 1882 1304 Or·

1136 1331 1213 1406 diui,
1237 1331 1286 1394 cui
1308 1331 1455 1410 acquisita
1475 1339 1561 1407 sunt,
1584 1349 1621 1394 ex
1644 1334 1767 1410 integro
1787 1337 1881 1398 relin-

1136 1439 1231 1502 quere
1246 1441 1279 1486 ao
1293 1426 1453 1501 resignare
1474 1431 1640 1488 tenentur:
1665 1427 1881 1502 nibilominus,

1137 1516 1172 1576 ad
1194 1532 1421 1596 quamcumque
1436 1518 1674 1594 ambiguitatem
1694 1521 1883 1582 submoven-

1137 1609 1207 1670 dam
1228 1625 1262 1670 ac
1282 1610 1407 1688 penitus
1428 1626 1445 1670 3
1467 1611 1569 1673 medio
1591 1611 1769 1688 tollendam,
1782 1622 1881 1689 motu,

1137 1702 1265 1763 scientii
1287 1711 1317 1763 et
1342 1704 1501 1782 potestatis
1526 1705 1721 1782 plenitudine
1747 1707 1881 1783 paribus,

1139 1802 1323 1858 memoratas
1345 1796 1512 1859 Alexandri
1528 1808 1559 1860 et
1571 1797 1740 1861 Clementis
1760 1801 1885 1877 praede-

1138 1904 1293 1952 cessorum
1322 1889 1439 1952 litteras
1464 1898 1572 1952 tenore
1600 1893 1810 1968 praesentium
1832 1909 1893 1965 ex-¹

1140 1999 1244 2062 presse
1265 2000 1299 2044 33
1307 1982 1463 2045 tendimus
1477 2001 1510 2044 ac
1529 1984 1711 2062 ampliamus
1726 1987 1762 2046 ad
1776 2001 1884 2046 omnes

1139 2077 1233 2138 etiarn
1255 2083 1285 2138 et
1306 2076 1445 2154 singulos
1462 2077 1536 2138 alios
1554 2077 1718 2139 catholicae
1734 2078 1885 2140 Ecclesiae

1140 2170 1280 2246 Ordines,
1304 2171 1561 2248 congregationes
1582 2189 1614 2233 ac
1636 2172 1777 2234 instituta
1793 2191 1885 2250 regu-

1141 2263 1225 2338 laria,
1238 2265 1415 2338 monastica,
1428 2273 1458 2326 31
1473 2265 1530 2325 3113
1544 2281 1741 2344 quocumque
1756 2269 1886 2329 nomine

1141 2365 1172 2418 31
1188 2357 1278 2418 111313
1294 2363 1481 2435 333333313,
1499 2358 1587 2420 33113
1602 2374 1727 2436 prorsus
1742 2368 1882 2439 excepto,

1142 2451 1291 2528 aquibus
1313 2457 1343 2512 31
1365 2450 1402 2510 ab
1423 2467 1532 2512 eorum
1557 2451 1779 2528 professoribus
1800 2453 1885 2516 dein-

1142 2561 1211 2622 ceps
1240 2544 1325 2618 illas,
1355 2545 1388 2606 in
1418 2545 1562 2606 omnibus
1588 2551 1619 2606 et
1645 2545 1776 2622 singulis
1808 2563 1887 2625 quae

1142 2639 1296 2716 praesenti
1324 2638 1537 2700 constitutioni
1568 2654 1631 2699 non
1666 2639 1885 2714 adversantur,

1143 2731 1336 2794 exactissime
1363 2733 1519 2793 observari
1547 2732 1710 2806 volumus,
1741 2734 1888 2812 praecipi-

1143 2840 1213 2886 mus
1234 2832 1265 2886 et
1287 2823 1480 2898 mandamus,
1504 2825 1631 2903 perinde
1651 2826 1723 2887 acsi
1741 2825 1887 2904 ipsaemet

1143 2917 1262 2978 litterae
1278 2934 1293 2976 a
1308 2915 1449 2994 praefatis
1470 2915 1753 2995 praedecessoribus
1775 2919 1888 2979 nostris

1143 3025 1197 3088 pro
1217 3009 1351 3086 singulis
1366 3008 1432 3070 31113
1447 3008 1622 3085 Ordinibus,
1639 3011 1889 3086 congregationi-

1144 3103 1200 3163 bus
1221 3120 1254 3163 ac
1275 3103 1425 3164 institutis
1447 3101 1619 3180 praedictis,
1632 3119 1805 3182 eorumque
1820 3123 1888 3183 pro-

1142 3195 1307 3257 fessoribus
1339 3195 1601 3273 quibuscumque,
1634 3197 1732 3258 editae
1760 3207 1790 3258 31
1820 3216 1889 3277 333-

1144 3289 1297 3365 mulgatae
1318 3287 1464 3362 fuissent,
1489 3295 1521 3350 et
1546 3305 1608 3350 non
1634 3291 1723 3366 aliis,
1751 3308 1808 3354 uec
1830 3291 1890 3352 alio

1144 3385 1244 3444 modo.

1800 535 1856 606 371
1911 542 1962 598 Au.
1977 542 2006 592 O.
2028 539 2097 594 1725

343 3481 458 3542 mentis
479 3479 747 3558 praedecessorum
769 3481 886 3544 litteras
899 3498 971 3544 cum
987 3482 1086 3544 omni-

343 3572 442 3634 buset
453 3572 586 3648 singulis
598 3573 630 3635 iu
642 3573 685 3634 313
700 3575 850 3636 333133113
862 3574 1088 3636 confirmandas

344 3671 375 3725 et
397 3663 586 3726 innovandas
607 3683 673 3728 esse
694 3668 856 3742 duximus,
880 3675 972 3746 prout
1000 3675 1088 3730 motu

1184 3477 1252 3552 §ii
1277 3477 1444 3554 Cupientes
1472 3479 1599 3556 insuper
1628 3487 1662 3540 ut
1690 3481 1790 3542 omnis
1818 3498 1889 3543 ansa
1948 3492 2017 3538 ruam
2034 3493 2120 3538 renuo

1144 3581 1176 3633 et
1196 3571 1311 3633 occasio
1331 3571 1580 3650 quibuscumque
1601 3572 1720 3646 alienis,
1733 3574 1890 3636 extraneis
1909 3546 2121 3646 ssffi'fssbussbmff}

1146 3673 1198 3728 aut
1218 3663 1353 3726 subdolis
1386 3664 1610 3742 praedictarum
1640 3665 1815 3728 litterarum
1843 3667 1890 3728 in·
1909 3651 2035 3710 pontiaco.

156 4886 273 4932 1131333133
287 4894 330 4929 oa-

111 4939 331 4985 mmmmm·

110 5005 163 5039 nes
179 4993 329 5091 311333393-

112 5047 226 5093 larium
246 5049 281 5093 0r
307 5046 330 5090 i-

111 5111 172 5146 nes.

344 3757 480 3836 proprio,
502 3773 540 3818 ex
562 3760 645 3820 certat
665 3759 794 3822 scientia
815 3776 849 3821 ao
870 3761 989 3821 maturat
1015 3759 1089 3821 deli·

344 3849 503 3912 beratione
524 3853 654 3926 nostris,
678 3854 778 3931 deque
801 3853 984 3931 apostolicae
1005 3860 1090 3933 pote-

343 3943 430 4004 statis
450 3943 657 4022 pleoiludine,
680 3945 734 4006 hac
756 3947 859 4008 nostrat
875 3953 1024 4026 perpetuo
1039 3963 1089 4006 va-

344 4035 438 4100 lituri
458 4038 680 4100 constitutione
701 4037 767 4100 illas
782 4047 813 4100 et
828 4040 860 4100 in
883 4041 926 4101 eis
946 4047 1089 4102 contenta

345 4145 561 4208 quaecumque
581 4130 632 4208 (iis
655 4139 776 4194 tantum
798 4134 932 4213 exceptis
954 4150 1032 4211 quae
1049 4134 1092 4195 ei-

345 4221 416 4282 deru
437 4231 559 4284 nostrae
581 4224 797 4286 constitutioni
819 4226 1035 4300 adversantur,
1056 4233 1091 4288 ut

346 4309 1091 4398 inb·a)amplissimeconfirmamus,apprubamus

346 4424 379 4470 ac
399 4409 599 4483 innovamus,
622 4419 668 4485 et,
692 4419 845 4487 quatenus
871 4429 948 4490 opus
969 4415 1019 4488 sit,
1042 4413 1091 4475 ad-

346 4517 454 4562 versus
480 4519 710 4582 quemcumque
732 4521 797 4566 non
825 4521 916 4568 usum
938 4523 993 4567 seu
1019 4523 1091 4569 con-

349 4593 480 4656 trarium
494 4599 598 4670 usum',
615 4597 668 4674 qui
683 4612 808 4674 quoquo
824 4598 915 4659 modo
930 4599 1092 4676 praetendi

347 4695 460 4766 posset,
489 4689 706 4765 restituimus,
733 4691 902 4769 pristinum
925 4693 1092 4754 instalum

347 4781 538 4860 reponimus,
560 4799 593 4844 33
614 4783 753 4861 plenarie
774 4784 975 4860 integramus.

388 4876 407 4950 g
427 4876 455 4934 l.
480 4875 653 4950 Praeterea,
666 4878 722 4938 etsi
738 4877 810 4938 33113
825 4887 942 4940 3333131
957 4879 1092 4942 saluber-

347 4969 461 5030 rimam
495 4969 723 5047 praedictarum
758 4971 934 5034 litterarum
968 4973 1094 5052 disposi-

349 5061 469 5124 tionem
500 5079 564 5124 non
585 5064 621 5124 ad
643 5079 696 5124 eos
718 5065 893 5140 dumtaxat,
916 5065 952 5126 de
982 5067 1093 5145 quibus

348 5155 500 5234 loquitur,
522 5155 575 5216 sed
597 5157 634 5218 ad
655 5157 817 5220 universos
839 5159 931 5220 etiam
953 5159 1025 5221 alios
1047 5175 1094 5222 re·

350 5249 472 5326 31113333
493 5249 622 5312 Ordines
644 5251 812 5328 pertinere,
835 5268 907 5314 cum
932 5252 1008 5312 ratio
1030 5253 1095 5314 voti

349 5341 496 5404 solemnis
517 5345 715 5422 paupertatis,
730 5345 780 5405 cui
802 5345 854 5405 illa
875 5345 966 5408 unice
987 5345 1096 5406 inniti-

351 5443 418 5510 tur,
441 5436 557 5514 vigeat,
588 5437 753 5516 locumque
781 5439 890 5500 habeat
922 5439 1095 5516 generatim

350 5529 464 5608 absque
485 5529 548 5592 ulla
562 5545 687 5608 prorsus
708 5531 879 5594 differentia
901 5531 933 5592 iu
953 5532 1096 5593 omnibus

351 5622 528 5700 Ordinibus,
551 5639 687 5701 quorum
701 5623 886 5702 professores
901 5624 1009 5686 eodem
1024 5641 1098 5704 pau·

351 5715 479 5794 perlatis
500 5723 572 5777 voto
590 5717 759 5795 aequaliter
780 5717 1030 5794 obstringuntur,
1046 5719 1097 5778 ad·

351 5825 461 5888 eoque,
488 5810 567 5873 sicut
588 5809 682 5872 iidem
703 5809 889 5889 professores
911 5811 1096 5874 indiscrimi-

354 5904 452 5966 natim
474 5904 552 5966 nihil
577 5905 739 5984 proprium
767 5904 923 5982 possident
953 5923 1009 5968 nec
1030 5923 1098 5986 pos-

1147 3757 1419 3836 terpretationlbus
1443 3758 1652 3836 praecidatur,
1676 3759 1891 3838 Ordinumque

1146 3850 1340 3927 regularium
1375 3866 1648 3930 quorumcumque
1682 3853 1891 3930 praefatorum

1147 3943 1344 4006 indemnitati
1373 3944 1495 4024 plenius
1523 3945 1616 4006 ctiam
1646 3955 1737 4025 atque
1766 3947 1891 4009 uberius

1147 4036 1398 4112 3333311333311,
1423 4045 1522 4112 motu,
1551 4040 1679 4101 scientia
1707 4047 1891 4119 313313313-

1147 4130 1187 4192 113
1208 4129 1405 4209 plenitudine
1426 4130 1590 4208 similibus,
1613 4133 1757 4196 omnibus
1779 4139 1809 4194 et
1830 4133 1891 4194 sin-

1148 4221 1229 4298 gulis
1240 4221 1437 4300 regularibus
1449 4225 1587 4304 personis
1602 4226 1826 4304 cuiuscumque
1838 4227 1892 4290 Or-

1148 4315 1238 4390 dinis,
1255 4319 1515 4393 ‚congregationis
1536 4335 1570 4380 ac
1590 4318 1738 4394 instituti,
1755 4327 1892 4397 313333-

1149 4410 1259 4486 133133,
1282 4426 1360 4488 quae
1382 4427 1397 4470 a
1418 4411 1506 4477 nobis
1517 4421 1547 4472 31
1561 4429 1576 4471 a
1592 4411 1730 4474 Romano
1745 4411 1893 4474 Pontifice

1149 4521 1204 4583 pro
1237 4513 1377 4584 ternpore
1405 4507 1557 4568 existente
1584 4507 1620 4568 ad
1652 4505 1891 4584 patriarchatus,

1149 4597 1436 4676 archiepiscopatus,
1452 4598 1652 4677 episcopatus,
1668 4599 1715 4659 vel
1731 4616 1893 4676 quascum-

1149 4707 1211 4767 que
1231 4691 1303 4750 alias
1318 4691 1505 4768 praelaturas
1519 4701 1549 4752 et
1566 4691 1733 4769 dignitates
1754 4693 1893 4754 ecclesia-

1149 4783 1237 4844 sticas
1250 4782 1281 4842 13
1294 4790 1453 4860 posterum
1464 4792 1673 4859 assumentur,
1689 4793 1797 4846 tenore
1808 4800 1894 4863 prae·

1150 4876 1287 4936 sentium
1307 4875 1502 4938 strictissime
1523 4877 1738 4940 interdicimus
1759 4879 1897 4940 3313131-

1150 4969 1274 5044 bemus,
1302 4985 1353 5030 33-
1372 4985 1479 5031 secum
1500 4970 1674 5051 absportare
1700 4972 1896 5052 propriisque

1151 5063 1257 5124 usibus
1278 5062 1427 5142 applicare
1451 5065 1582 5126 audeant
1604 5064 1715 5140 libros,
1738 5066 1894 5144 33333133,

1151 5154 1278 5229 credita,
1300 5157 1436 5234 deposita
1458 5164 1490 5218 et
1511 5156 1590 5218 bona
1616 5157 1738 5218 mobilia
1758 5175 1813 5218 seu
1839 5157 1897 5219 im-

1152 5249 1276 5310 mobilia
1302 5251 1526 5328 cuiuscumque
1557 5251 1680 5326 generis
1708 5257 1739 5311 et
1769 5252 1894 5330 speciei,

1152 5357 1230 5419 quae
1250 5356 1301 5402 eos
1324 5349 1460 5422 tempore
1482 5359 1555 5404 suae
1576 5345 1779 5422 promotionis
1801 5361 1896 5424 penes

1151 5452 1184 5496 se
1213 5435 1261 5497 vel
1289 5436 1364 5498 alios
1397 5437 1508 5498 hahere
1539 5437 1722 5513 contigerit,
1756 5439 1896 5516 33333113

1153 5527 1329 5590 1133313331
1357 5529 1509 5606 scriptis,
1534 5530 1674 5620 propriis
1697 5531 1896 5592 irtdumcntt's

1153 5627 1182 5682 ct
1205 5617 1376 5693 breviario·
1397 5622 1450 5683 sed
1472 5639 1507 5684 ea
1528 5625 1644 5698 omnia,
1659 5624 1762 5685 statim
1778 5641 1898 5686 333333

1153 5715 1341 5806 promotioni
1355 5718 1582 5791 consenserint,
1600 5723 1630 5777 et
1645 5725 1810 5796 antequam
1824 5731 1898 5808 qon-

1152 5809 1332 5870 serrationis
1354 5825 1470 5872 munus
1491 5810 1670 5888 suscipiant,
1687 5811 1839 5888 superiori
1854 5809 1896 5870 lo-

1156 5902 1210 5964 cali
1233 5911 1263 5965 et
1277 5905 1410 5983 capitulo
1426 5905 1578 5982 coenobii,
1591 5911 1763 5968 conventus
1779 5905 1897 5968 331313-
