4866 6980
302 556 355 616 tn.
371 563 400 616 o.
422 563 491 616 reve
541 560 579 631 tq

519 702 656 766 malitate
682 707 845 782 acceptata,
875 694 992 779 obliget
1018 700 1157 765 absolute
1177 707 1209 762 et
1229 699 1263 762 in

520 805 622 860 totum
644 812 752 859 omnes
766 799 802 860 ad
817 797 990 876 parendum
1004 803 1036 857 et
1050 794 1085 856 ad
1102 795 1264 858 incursum

520 906 704 970 poenarum:
734 905 790 953 nos
819 889 906 951 enim
933 893 1133 968 praeceptum
1158 887 1264 950 buius-

520 981 602 1045 modi
618 983 723 1046 baberi
738 983 882 1046 volomus
896 999 952 1062 pro
967 982 1106 1059 legitime
1122 981 1265 1044 intimato

520 1078 665 1140 omnibus
686 1077 874 1158 presbyteris
902 1075 1096 1155 regularibus
1116 1089 1265 1154 suprano·

520 1170 656 1246 minatis,
680 1177 710 1233 et
726 1171 898 1248 unicuique
913 1185 1034 1245 eorum,
1051 1185 1088 1232 eo
1103 1168 1168 1248 ipso
1183 1168 1263 1248 quod

520 1264 691 1343 praeposito
712 1263 912 1343 provinciali,
935 1270 987 1326 aot
1015 1263 1103 1325 alteri
1124 1263 1191 1326 eius
1220 1263 1264 1324 vi·

520 1357 704 1434 cesgerenti,
720 1358 785 1419 sive
800 1357 971 1420 rectoribus
985 1357 1200 1434 collegiorum,
1213 1365 1265 1419 aut

519 1451 743 1529 superioribus,
757 1467 953 1530 quocumque
967 1451 1096 1514 nomine
1110 1450 1265 1530 appellen-

522 1551 584 1619 tur,
607 1543 787 1608 intimatum
815 1545 920 1607 luerit.
945 1545 994 1622 Et,
1017 1551 1170 1624 qnatenus
1192 1543 1265 1607 inti-

520 1639 692 1700 mationem
703 1637 881 1702 huiusmodi
893 1639 984 1700 modo
995 1638 1182 1718 praescripto
1196 1653 1266 1716 per-

519 1731 667 1794 sonaliter
682 1731 749 1793 sreri
769 1733 930 1796 commode
945 1747 1008 1794 non
1023 1732 1197 1810 possedisti
1213 1731 1264 1796 lli-

521 1825 595 1888 carii
621 1824 786 1906 Apostolici
814 1833 868 1888 aut
893 1841 1003 1889 eorum
1030 1826 1193 1905 provicarii
1215 1827 1266 1888 vel

521 1921 658 1984 ministri
673 1927 812 1998 utsupra
833 1920 971 2000 deputati
992 1920 1196 1995 arbitrentur,
1212 1920 1265 1982 fiat

522 2014 572 2076 illa
593 2032 648 2094 per
675 2015 852 2076 affixionem
872 2017 907 2078 ad
932 2015 1034 2076 valvas
1065 2014 1265 2078 ecclesiarum

521 2125 575 2172 seu
595 2109 760 2171 domorum
786 2108 971 2172 clericorum
996 2125 1051 2172 seu
1072 2109 1264 2188 presbytero·

521 2219 593 2266 rum
614 2203 805 2280 regularium
826 2202 924 2266 dictae
945 2203 1103 2266 societatis
1130 2202 1208 2264 lesu.
1232 2201 1265 2265 Si

521 2305 625 2359 autem
647 2305 678 2359 et
698 2297 732 2359 in
753 2297 812 2358 boc
832 2296 872 2359 sit
892 2296 993 2374 aliqua
1015 2295 1189 2371 difficultas,
1213 2295 1265 2358 liat

521 2391 623 2452 allrrio
636 2391 672 2452 ad
687 2390 790 2452 valvas
806 2390 1004 2452 ecclesiarum
1026 2405 1080 2451 scu
1102 2391 1265 2452 domorum

520 2485 749 2563 praedictorum
781 2483 974 2545 vicariorum
1006 2481 1263 2562 Apostolicorum,

519 2593 575 2640 seu
596 2593 705 2640 eorum
720 2575 976 2656 provicariorum,
992 2584 1024 2639 et
1037 2591 1160 2654 semper
1174 2573 1265 2637 unica

520 2671 676 2733 intimatio
701 2669 840 2733 eiusdem
866 2670 1039 2750 praecepti,
1070 2685 1266 2749 quocumque

520 2767 611 2828 modo
639 2764 727 2840 lacta,
749 2765 816 2828 sive
836 2780 891 2844 per
917 2765 1091 2843 praelatum
1112 2763 1265 2843 praeposi-

522 2869 591 2922 tum
613 2857 802 2936 generalem,
825 2860 891 2920 sive
911 2873 967 2938 per
989 2859 1124 2921 Vicarios
1139 2858 1265 2936 Aposto-

521 2953 604 3028 licoS,
627 2953 693 3014 sive
724 2967 779 3032 per
800 2967 909 3016 eorum
935 2953 1106 3032 deputatos,
1134 2951 1266 3014 sufficiat

521 3055 551 3109 et
573 3046 688 3123 obliget
718 3061 827 3108 omnes
847 3044 883 3106 ad
910 3045 1140 3108 observantiam
1169 3044 1266 3123 ipsius

521 3140 675 3220 praecepti
701 3141 791 3202 etad
819 3155 932 3219 poenas
960 3137 1168 3218 infrascriptae
1190 3138 1267 3199 irre·

521 3233 712 3296 missibiliter
732 3231 943 3294 incurrendas.

304 3342 503 3410 ompesmrssto-
561 3328 580 3403 5
601 3327 630 3390 3.
654 3327 697 3388 Aa
717 3334 753 3389 ut
767 3325 918 3388 eiusmodi
935 3320 1189 3399 dissensionibus,
1207 3324 1266 3386 dis·

291 3400 504 3509 Εῗζξζῑζξξῆᾓᾟῖ
521 3421 605 3485 sidiis
626 3427 657 3483 et
677 3419 817 3482 scissuris
838 3435 909 3481 ansa
932 3419 964 3480 in
986 3417 1130 3480 futurum
1151 3417 1265 3495 praeci-

291 3505 504 3552 m⁰¹¹¹¹¹¹¹¹¹¹¹¹¹¹³'
523 3518 624 3591 datur,
647 3515 752 3578 eodem
773 3513 954 3576 auctoritate
969 3513 1081 3574 barum
1095 3510 1177 3573 serie
1196 3526 1266 3589 per-

291 3559 370 3606 nibus
397 3568 503 3604 suorum

291 3613 454 3712 gqggiigggffl
472 3615 506 3710 ἓξ
523 3616 617 3689 petuo
641 3609 807 3671 statuimus
826 3615 857 3668 et
878 3607 1067 3682 ordinamus
1098 3612 1133 3668 ut
1158 3621 1266 3667 omnes

292 3719 444 3831 pgsggbgpso
456 3729 506 3764 cer·
524 3711 555 3766 et
571 3703 689 3781 singuli
702 3701 897 3764 ecclesiastici
912 3708 975 3762 tarn
989 3700 1158 3762 saeculares
1173 3715 1265 3779 quam

304 3787 312 3819 l
434 3807 438 3817 .

524 3892 595 3966 tuti,
618 3891 712 3953 etiam
739 3888 910 3967 praedictae
937 3887 1096 3952 societatis
1118 3887 1197 3962 lesu,
1220 3903 1266 3949 re-

525 3985 663 4062 gulares,
690 3983 723 4044 in
745 3981 898 4062 praedicta
919 3997 1015 4058 regna
1037 3989 1068 4043 et
1095 3981 1267 4059 provincias

524 4081 562 4141 ab
583 4093 691 4141 eorum
712 4075 922 4156 superioribus
949 4075 1034 4137 missi
1055 4083 1087 4137 et
1106 4075 1265 4150 mittendi,

523 4174 589 4234 sive
604 4189 620 4233 a
634 4170 785 4250 praedicta
796 4168 1045 4246 congregatione
1056 4168 1266 4231 cardinalium

525 4265 656 4344 negotiis
671 4263 886 4343 Propagandae
899 4261 987 4325 ridei-
1007 4262 1265 4341 praepositorum,

525 4360 575 4422 vel
596 4358 725 4438 ipsamet
740 4357 818 4430 Sede
833 4355 1004 4434 Apostolica
1020 4355 1157 4434 deputati
1171 4363 1203 4418 et
1217 4356 1269 4417 de-

524 4452 670 4533 putandi,
697 4451 764 4513 sive
783 4451 877 4512 etiam
901 4451 1038 4512 cuiusvis
1060 4449 1144 4510 tituli
1169 4448 1268 4524 magis

524 4545 711 4627 privilegiati
726 4561 759 4606 ac
772 4543 897 4624 speciali
908 4552 939 4605 et
948 4543 1165 4624 specialissima
1180 4557 1268 4604 men-

523 4643 608 4704 tione
628 4640 714 4716 digni
735 4645 788 4700 ant
810 4637 959 4700 facultatis
979 4638 1086 4714 vigore
1107 4637 1169 4698 illic
1190 4636 1269 4698 exis-

524 4742 604 4810 tant,
626 4733 677 4795 vel
697 4733 730 4794 in
753 4731 897 4794 tutorum
914 4731 1086 4806 extiterint,
1102 4730 1269 4803 subintra-

524 4828 644 4907 scriptis
655 4826 773 4905 poenis,
781 4826 993 4886 iuramentum
1005 4825 1088 4887 iuxta
1101 4824 1267 4886 lormulavn

525 4923 557 4984 in
570 4920 866 5000 caloopvaesentium
876 4919 1050 4980 litterarum
1058 4919 1267 4980 annotandum

525 5018 557 5078 in
579 5015 720 5079 manibus
741 5012 938 5092 superiorum
956 5028 1028 5074 suae
1049 5011 1221 5088 religionis,
1237 5019 1268 5073 et

525 5111 640 5172 iterum
667 5108 699 5168 in
726 5107 868 5168 manibus
890 5105 1002 5168 llirarii
1028 5105 1211 5184 apostolici,
1235 5105 1266 5166 in

525 5203 613 5264 cuius
633 5200 845 5264 iurisdictione
858 5214 1056 5277 quocumque
1074 5199 1164 5260 titulo
1185 5213 1268 5259 com-

527 5300 749 5370 morabuntur,
763 5297 829 5358 sive
844 5297 910 5358 eius
924 5295 1097 5374 provicarii,
1121 5303 1173 5357 aut
1194 5295 1268 5356 alte·

525 5394 590 5456 rius
611 5393 648 5453 ab
668 5409 704 5454 oo
725 5390 874 5470 deputati,
890 5397 1043 5468 praestare
1065 5389 1195 5451 omnino
1217 5390 1268 5451 do-

525 5487 617 5548 beant
637 5493 668 5547 et
688 5493 871 5561 teneantur;
885 5485 926 5546 ita
942 5491 988 5559 ut,
1005 5489 1077 5544 ante
1092 5483 1269 5562 praestatio·

527 5595 600 5641 nem
608 5579 774 5640 iuramenti
783 5579 959 5640 huiusmodi
971 5577 1267 5655 etsubscriptionem

526 5674 584 5735 sub
604 5672 710 5734 eidem
731 5671 876 5747 termula,
891 5671 929 5732 ab
949 5685 1139 5750 unoquoque
1153 5670 1207 5748 qui
1223 5669 1268 5732 iu·

527 5773 704 5829 ramentum
720 5766 822 5844 ipsum
836 5765 1023 5846 praestiterit
1037 5765 1159 5844 proprii
1171 5780 1268 5827 manu

528 5861 708 5936 taciendam,
731 5859 824 5922 nullis
850 5859 979 5921 omnino
1005 5858 1200 5920 facoltatibus
1222 5858 1267 5920 uti

528 5955 668 6032 valeant,
690 5955 740 6016 sed
763 5953 860 6032 quoad
892 5969 958 6028 eos,
988 5959 1108 6032 practer
1134 5959 1164 6014 et
1186 5951 1267 6014 ultra

1039 575 1103 628 lllll·
1128 577 1219 628 rond.
1242 573 1282 626 ΒΕ
1304 574 1332 626 P·
1357 574 1385 626 Β.
1411 577 1493 626 PARS
1515 571 1537 625 l.

524 3797 688 3861 cuiuslibet
708 3795 843 3868 Ordinis
859 3794 1108 3872 congregationis
1129 3801 1160 3855 et
1180 3793 1281 3856 insti·

2094 547 2148 610 Aa.
2162 553 2193 609 0.
2214 553 2285 607 teta

1319 713 1432 779 poenas
1446 698 1625 778 praedictas,
1642 709 1750 760 omnes
1764 702 1795 758 et
1809 693 1951 772 singulae
1972 689 2064 756 lacul-

1320 801 1396 857 tates
1418 793 1614 869 huiusmodi,
1636 793 1702 855 sive
1722 809 1738 852 a
1762 793 1866 855 sancta
1887 792 1966 860 Sede
1986 790 2066 869 Apo-

1319 885 2065 966 mmmmmfflfflmwmb

1320 979 1399 1056 lesu,
1411 981 1476 1042 sive
1498 980 1557 1042 alio
1578 997 1775 1060 quocumque
1791 980 1894 1056 titulo,
1910 987 2063 1058 utsupra,

1319 1075 1413 1136 etiam
1424 1075 1601 1154 particulari
1612 1075 1741 1138 nomine
1755 1091 1928 1152 concessae,
1944 1082 2065 1138 cessent

1320 1169 1448 1230 omnino
1469 1183 1503 1229 ac
1529 1167 1647 1231 nullius
1668 1169 1788 1231 roboris
1816 1176 1908 1247 atque
1934 1168 2065 1231 abolitae

1319 1261 1382 1323 sint
1404 1269 1435 1324 et
1456 1277 1521 1324 esse
1542 1270 1745 1336 censeantur,
1772 1261 1893 1324 etiamsi
1918 1277 1974 1340 per
1995 1277 2064 1342 apo

1319 1355 1438 1416 stolicas
1459 1355 1492 1416 in
1513 1355 1610 1417 simili
1631 1355 1729 1418 torma
1741 1356 1847 1418 Brevis
1861 1356 1978 1419 litteras
1992 1373 2064 1419 con-

1321 1464 1421 1510 cessae
1441 1447 1569 1524 luerint‚
1582 1449 1642 1512 nisi
1663 1449 1696 1510 in
1717 1450 1760 1512 eis
1776 1451 1929 1528 praesenti
1953 1453 2067 1513 consti-

1322 1541 1435 1604 tutioni
1456 1541 1489 1604 in
1511 1543 1611 1622 specie
1625 1550 1656 1605 et
1672 1543 1861 1606 nominatim
1882 1544 2064 1621 derogatum

1320 1635 1501 1714 reperiatur.
1532 1636 1630 1701 Huius
1655 1643 1761 1701 antem
1789 1637 1958 1700 iuramenti
1978 1655 2064 1718 prae-

1320 1729 1460 1792 stationis
1487 1738 1519 1792 et
1544 1730 1777 1810 subscriptionis
1808 1732 2063 1811 exequutionem,

1321 1824 1420 1900 quoad
1446 1823 1571 1886 clericos
1592 1824 1659 1886 sive
1686 1825 1881 1905 presbyteros
1908 1827 2065 1904 regulares

1321 1915 1418 1978 diotae
1439 1915 1615 1994 societatis,
1641 1919 1815 1998 specialiter
1841 1921 2066 1984 committimus

1321 2015 1351 2071 et
1372 2008 1592 2074 demandamus
1613 2012 1731 2075 dilectis
1759 2014 1874 2092 pariter
1895 2015 1967 2078 filiis
1992 2016 2066 2078 visi·

1321 2103 1411 2165 latori
1432 2111 1462 2166 et
1482 2106 1660 2183 praepositis
1682 2107 1921 2186 provincialibus
1940 2110 2067 2189 provin·

1321 2196 1439 2259 ciarum
1460 2197 1600 2277 laponiac
1628 2207 1659 2262 et
1685 2200 1831 2264 Sinarum
1852 2203 1991 2266 eiusdem
2013 2204 2066 2267 So·

1320 2291 1453 2368 cietatis,
1482 2307 1567 2355 nunc
1594 2300 1625 2354 et
1652 2310 1707 2372 pro
1735 2302 1876 2374 ternpore
1908 2298 2065 2360 existenti-

1321 2385 1394 2460 bus,
1430 2386 1483 2465 qui
1517 2387 1616 2464 primo
1647 2387 1859 2452 iuramentum
1887 2391 2065 2454 huiusmodi

1320 2484 1476 2556 praestare
1506 2487 1538 2541 et
1568 2479 1651 2543 illius
1685 2479 1839 2545 termulae
1872 2485 2067 2546 subscribere

1322 2572 1531 2648 tenebuntur,
1554 2575 1612 2636 sub
1639 2574 1755 2636 eisdem
1776 2577 1901 2656 poenis,
1924 2593 1999 2656 quas
2020 2578 2066 2640 in-

1321 2673 1448 2728 current
1479 2675 1542 2728 tam
1573 2665 1646 2731 dicti
1675 2668 1817 2731 visitator
1840 2679 1872 2733 et
1902 2671 2065 2750 praepositi

1320 2760 1524 2837 provinciales
1534 2762 1561 2822 si
1575 2761 1738 2839 negligent
1759 2763 1883 2827 obedire
1897 2773 1929 2827 et
1949 2765 2066 2827 tormo-

1321 2853 1382 2915 lam
1410 2855 1594 2932 praedictam
1622 2855 1822 2920 interioribus
1849 2858 1995 2922 intimare
2015 2875 2067 2922 eo·

1321 2962 1454 3026 rumque
1466 2948 1679 3011 iuramentum
1690 2957 1721 3012 et
1732 2950 1990 3030 subscriptionem
2002 2954 2065 3016 eri-

1321 3055 1395 3117 gere
1410 3049 1441 3102 et
1456 3057 1528 3104 curn
1547 3041 1660 3104 ellectu
1674 3042 1799 3119 babere,
1815 3061 1908 3124 quam
1930 3046 2065 3124 religiosi

1321 3133 1510 3213 quicumque
1524 3142 1559 3198 ut
1573 3152 1676 3215 supra,
1690 3137 1742 3215 qui
1759 3138 1861 3200 iurare
1872 3147 1903 3202 et
1913 3139 2066 3205 formulae

1321 3227 1490 3305 praedictae
1510 3230 1704 3294 subscribere
1724 3233 1949 3296 detrectabunt.

1360 3323 1379 3397 ᾖ
1406 3324 1434 3382 b.
1459 3322 1569 3386 Omnia
1591 3340 1666 3386 vero
1687 3325 1860 3388 iuramenta
1875 3329 2063 3404 huiusmodi,
2148 3335 2299 3398 iuramenta

1322 3431 1376 3494 per
1396 3433 1609 3496 quoscumque
1633 3419 1857 3497 missionarios,
1879 3429 1942 3486 tam
1963 3439 2066 3486 saecu·
2083 3392 2299 3498 {furansffissssssfff

1321 3510 1416 3586 lares,
1445 3527 1538 3589 quam
1560 3513 1697 3575 cuiusvis
1725 3513 1865 3590 Ordinis,
1897 3531 2063 3594 congrega·
2083 3496 2296 3606 ffiffiffissj

1321 3604 1428 3680 tionis,
1450 3613 1482 3666 et
1502 3605 1657 3681 instituti,
1683 3607 1776 3670 etiam
1799 3607 1957 3671 Societatis
1978 3611 2063 3686 lesu,
2083 3603 2202 3702 ssfgssffiu}
2220 3613 2298 3712 {2}ss

1321 3697 1492 3774 regulares,
1517 3699 1712 3762 inmanibus
1740 3710 1985 3766 memoratorum
2012 3703 2066 3766 Vi·
2084 3709 2297 3774 raucasqurae-

1321 3792 1475 3854 carlorum
1510 3793 1756 3872 Apostolicorum
1777 3811 1833 3858 seu
1860 3807 1970 3860 eorum
1995 3813 2064 3876 pro·
2082 3763 2296 3870 ἓῗιῗέἓέἶῗῑῗιὲῗὲ

1322 3885 1510 3948 vicariorum
1538 3886 1588 3948 vel
1613 3887 1745 3949 aliorum
1767 3888 1804 3950 ab
1824 3889 1868 3951 eis
1894 3892 2064 3970 respective
2083 3871 2177 3971 {2023}
2199 3870 2296 3916 ΝΜ

1322 3979 1569 4058 deputandorum
1583 3981 1663 4043 sicut
1677 3983 1889 4060 praemittitur
1909 3991 2064 4063 praestan·
2205 3987 2207 3994 '

1319 4069 1369 4149 da,
1385 4081 1546 4154 postquam
1560 4076 1785 4155 subscriptione
1801 4079 1920 4141 munita
1935 4079 2063 4155 luerint,

1322 4167 1373 4230 vel
1387 4168 1496 4232 saltem
1510 4169 1685 4245 authentica
1701 4171 1827 4234 illorum
1842 4174 1993 4252 exempla,
2009 4191 2066 4254 per
2138 4250 2140 4252 ,

1321 4263 1445 4325 eosdem
1466 4262 1602 4325 vicarios
1623 4267 1810 4344 Apostolicos
1830 4269 1865 4330 ad
1882 4270 2064 4346 praedictam

1324 4357 1603 4434 Gongrcgationem
1616 4359 1824 4422 Cardinalium
1839 4363 1972 4438 negotiis
1994 4363 2066 4424 Pro-

1323 4451 1477 4529 pagandae
1497 4451 1593 4527 Fidei,
1618 4453 1826 4530 quantocitius
1848 4455 1913 4516 sieri
1939 4458 2064 4534 poterit,

1323 4543 1585 4606 transmittantur.
1598 4547 1744 4620 Quinimo
1754 4547 1927 4626 superiores
1942 4565 2065 4628 quoque

1323 4639 1491 4715 regulares,
1513 4653 1627 4717 nempe
1648 4639 1821 4701 visitatores
1841 4648 1872 4701 et
1893 4643 2065 4720 provincia-

1323 4731 1366 4794 les
1387 4732 1528 4810 laponiae
1542 4738 1573 4793 et
1588 4731 1747 4808 Sinarum,
1765 4741 1827 4794 tam
1848 4734 1945 4797 dictae
1967 4735 2066 4798 Socie-

1324 4826 1393 4887 tatis
1414 4827 1493 4900 lesu,
1515 4841 1608 4904 quam
1629 4825 1760 4888 aliorum
1775 4830 1960 4906 quorumvis
1980 4830 2067 4893 Ordi-

1324 4935 1416 4994 num,
1438 4919 1731 4996 congregationum,
1756 4921 1987 4999 institutorum,
2010 4941 2065 5002 pro

1323 5019 1463 5092 tempore
1484 5014 1662 5089 existentes,
1683 5015 1742 5077 sub
1762 5015 1877 5078 eisdem
1895 5017 2002 5095 poenis
2023 5025 2066 5078 te-

1324 5113 1458 5168 neantur
1479 5122 1541 5168 non
1570 5107 1673 5169 solum
1694 5108 1906 5171 iuramentum
1933 5111 2067 5187 praedic-

1325 5209 1392 5262 tum
1422 5207 1576 5278 praestare
1603 5201 1635 5262 in
1663 5202 1806 5265 manibus
1836 5202 1952 5281 pariter
1981 5201 2066 5265 Vica-

1325 5295 1443 5357 viorum
1465 5294 1713 5372 Apostolicorum
1734 5295 1784 5357 vel
1810 5295 2065 5374 provicariorum,

1324 5388 1468 5467 illiusque
1491 5387 1642 5450 formulae
1668 5388 1878 5464 subscribere,
1900 5391 1951 5452 sed
1973 5390 2067 5452 etiam

1323 5481 1406 5544 illius
1418 5482 1654 5560 praestationem
1665 5489 1696 5543 et
1706 5481 1965 5560 subscriptionem
1978 5503 1994 5545 a
2005 5485 2068 5546 suis

1323 5577 1495 5653 respective
1508 5576 1637 5638 subditis
1652 5575 1788 5652 erigere,
1801 5591 1834 5637 ac
1844 5577 2020 5640 authentica
2035 5579 2068 5639 eal

1323 5684 1416 5747 super
1430 5685 1464 5731 re
1478 5669 1614 5731 conlecta
1632 5667 1823 5732 documento.
1836 5671 2069 5749 quamprimum

1324 5763 1536 5824 transmittere
1556 5761 1591 5822 ad
1612 5777 1683 5822 suos
1704 5763 1875 5840 respective
1895 5765 2069 5843 superiores

1324 5844 1617 5934 generales,quiilla
1628 5864 1817 5924 memoratae
1828 5858 2068 5936 congregationi

1324 5951 1533 6014 Gavtlinalinm
1553 5949 1658 6010 statim
1680 5951 1801 6012 tradere
1822 5950 1987 6013 debebunt.
