4878 6982
309 544 365 600 An.
380 546 410 599 O.
432 545 502 596 1704
551 551 611 614 232

328 3099 362 3142 ne
377 3095 514 3141 oblationi-

302 3149 351 3196 bus
372 3149 459 3194 minus
474 3159 514 3194 so·

531 682 682 763 praelatas
703 681 873 744 oblationes
887 680 966 741 bene
982 684 1115 756 peractas
1131 673 1281 748 docuisse,

532 775 697 838 credidisse
718 772 905 849 abantiquo
926 777 1077 848 tempore,
1098 773 1151 830 aut
1171 766 1281 827 saltem

532 867 669 929 linxisse.

296 958 512 1059 atnffbfrfnuffiff
571 960 630 1034 Qui
651 974 726 1020 reru
740 957 931 1019 atheisticam
946 953 1119 1016 doctrinam
1134 953 1283 1030 profiten-

300 1065 374 1111 uina.

531 1060 584 1115 tur
605 1057 636 1112 et
656 1057 845 1128 sequuntur,
875 1048 948 1110 licet
979 1047 1162 1108 eorumdem
1193 1043 1283 1122 spiri-

531 1154 623 1207 tuum
644 1143 839 1206 existentiam
872 1147 1001 1217 negent,
1025 1147 1129 1202 tamen
1151 1138 1281 1216 quadam

531 1238 671 1299 motione
691 1234 882 1314 sympatbica
902 1249 958 1311 per
976 1231 1211 1308 dispositionem
1226 1229 1283 1289 mi-

531 1330 638 1392 nistris
669 1329 704 1390 ad
735 1326 970 1388 sacrificandum
1004 1324 1055 1384 vel
1087 1321 1282 1384 offerendum

532 1422 749 1502 praescriptam
771 1419 845 1482 caeli
867 1423 971 1480 adrem
992 1415 1226 1488 tenuissimum,
1249 1413 1279 1473 in

532 1530 626 1594 quem
658 1513 876 1575 defunctorum
907 1510 1033 1588 spiritus
1061 1507 1175 1570 resolvi
1203 1523 1281 1566 asse-

531 1615 618 1680 runt,
642 1605 789 1668 concitari
810 1622 842 1666 ac
865 1602 984 1664 moveri
1005 1609 1036 1661 et
1054 1599 1280 1678 quodammodo

532 1698 644 1760 attrahi
664 1699 700 1758 ad
722 1696 909 1758 oblationem
931 1693 1102 1766 insinuant,
1124 1690 1208 1754 unde
1230 1690 1282 1750 be·

532 1791 646 1852 nesrcos
676 1790 813 1850 inlluxus
835 1803 907 1864 erga
929 1787 1094 1848 offerentes
1114 1785 1281 1846 adstantes-

532 1898 593 1960 que
608 1895 790 1960 prornanare
805 1879 927 1941 docent.
938 1879 1023 1951 Quod
1039 1877 1172 1938 inlertur
1187 1874 1280 1935 etiam

532 1989 572 2035 ex
592 1973 630 2034 iis
651 1988 728 2050 quae
749 1971 904 2032 habentur
926 1971 958 2031 iu
980 1969 1124 2032 extractis
1146 1983 1184 2029 ex
1204 1967 1282 2028 libro

531 2067 582 2128 cui
611 2065 721 2127 titulus
751 2064 928 2144 Confctcics
963 2062 1118 2123 Sirtorunt
1147 2059 1281 2136 pbiloso-

531 2157 626 2234 pbus,
649 2167 679 2219 et
701 2173 755 2235 per
776 2169 877 2234 patres
898 2154 1057 2218 societatis
1086 2154 1202 2214 iterum
1225 2152 1280 2212 im-

532 2250 655 2328 pressis
679 2267 710 2311 ac
733 2251 764 2310 in
786 2265 881 2325 parvo
902 2247 1007 2308 libello
1028 2263 1130 2308 sacrae
1146 2248 1282 2321 Congre-

533 2343 649 2419 gationi
662 2341 778 2404 oblatis.
793 2341 932 2402 Tandem
945 2338 1070 2417 praelati
1082 2339 1176 2409 atbei,
1191 2345 1281 2414 prout

531 2434 651 2514 antiqui
673 2449 793 2507 omues,
815 2433 872 2493 sub
895 2431 1024 2493 nomine
1042 2431 1128 2507 Qoey
1144 2432 1207 2492 Xio
1223 2430 1283 2508 spi-

532 2528 610 2589 ritus
633 2542 740 2589 omnes
762 2527 854 2587 etiam
879 2524 1112 2598 defunctorum,
1135 2525 1210 2586 dum
1232 2539 1281 2598 ge-

532 2621 637 2683 nerice
659 2637 711 2682 eos
732 2620 893 2694 designare
911 2617 962 2679 vel
978 2617 1142 2678 nominare
1157 2616 1280 2688 volunt,

532 2713 814 2792 comprehendunt,
837 2717 867 2772 et
889 2711 927 2772 de
948 2709 1089 2788 praelatis
1116 2709 1201 2784 (lucy
1218 2707 1278 2770 Xin

534 2806 678 2881 generice
700 2804 797 2867 multa
829 2802 982 2881 praeclara
1003 2801 1155 2874 referunt,
1178 2801 1281 2877 sicque

533 2897 654 2976 populis
674 2912 748 2972 erga
771 2896 841 2956 illos
868 2895 1013 2956 timorem
1040 2893 1155 2972 pariter
1177 2899 1207 2954 et
1229 2893 1282 2953 bo-

533 3006 645 3051 norem
666 2991 797 3052 suadent
817 2988 830 3068 (
850 2990 872 3065 ).

574 3085 700 3144 Praeter
720 3082 889 3160 praedictas
916 3080 1071 3141 solemnes
1100 3077 1281 3150 oblationes,

1054 560 1119 605 lun.
1144 557 1236 603 ebur.
1259 556 1300 600 DF.
1322 555 1350 600 P·
1374 555 1404 602 F·
1429 557 1511 602 PARS
1533 557 1555 600 1.

1336 672 1501 752 praecipue
1516 673 1547 734 in
1563 673 1668 736 rituali
1684 671 1745 736 llio
1761 673 1817 750 Ly,
1835 688 1873 734 ex
1887 672 1988 734 officio
2004 687 2088 750 spec-

1338 771 1391 839 tat,
1413 780 1537 827 summo
1558 780 1649 826 mane
1663 763 1774 826 debitis
1788 781 1821 826 ac
1835 763 1980 841 speciosis
1995 766 2089 826 vesti-

1336 860 1392 922 bus
1413 858 1552 933 indutae,
1576 857 1664 920 aedes
1691 857 1942 935 progenitoribus
1963 855 2085 930 dicatas,

1336 968 1369 1014 ac
1391 951 1489 1029 pridie
1510 967 1565 1030 pro
1587 966 1675 1012 more
1695 959 1829 1024 ornatas,
1850 950 2023 1027 respective
2037 947 2088 1009 ad-

1336 1053 1424 1118 eunt,
1447 1045 1478 1106 in
1502 1045 1545 1105 eis
1567 1060 1669 1105 coram
1687 1042 1804 1104 tabellis
1818 1043 2001 1104 eorumdem
2017 1057 2087 1120 pro-

1337 1137 1517 1211 genitorum
1538 1143 1605 1213 post
1627 1135 1819 1197 ablutionem
1840 1149 1992 1196 manuum
2014 1149 2085 1195 cum

1336 1229 1428 1289 variis
1451 1228 1702 1290 inclinationibus
1723 1233 1754 1288 et
1776 1227 2048 1302 genuflexionibus
2070 1242 2087 1288 e

1336 1320 1542 1382 tabernaculis
1563 1336 1618 1397 per
1646 1319 1806 1381 ministros
1837 1322 2013 1396 designatos
2035 1337 2087 1382 ex·

1336 1413 1440 1474 tractis
1462 1419 1492 1473 et
1512 1428 1605 1490 super
1634 1427 1773 1474 mensam
1796 1429 1851 1473 sen
1879 1412 1974 1473 altare
1994 1413 2088 1475 collo·

1336 1507 1421 1578 catis,
1444 1505 1542 1566 cereis
1563 1504 1708 1578 accensis,
1732 1503 1838 1564 odores
1859 1521 1893 1566 ac
1915 1505 2006 1566 thura
2020 1523 2086 1568 cne-

1337 1605 1474 1671 mansur,
1497 1598 1608 1659 vinum
1630 1597 1755 1670 libatur,
1772 1603 1802 1657 et
1820 1613 1914 1675 super
1927 1597 2086 1675 palearum

1336 1689 1534 1768 manipulum
1549 1689 1722 1752 ellunditur
1732 1690 1823 1767 (quae
1835 1691 2028 1751 caeremonia
2041 1691 2086 1750 in-

1337 1783 1414 1844 dicat
1437 1783 1621 1844 descensum
1641 1783 1833 1860 spirituum),
1854 1783 1973 1844 lructus
1995 1784 2085 1857 varii,

1337 1893 1370 1938 ac
1391 1877 1475 1954 potio
1499 1875 1565 1938 Cdo
1587 1875 1664 1936 dicta
1694 1875 1825 1938 offertur
1844 1891 1900 1938 seu
1921 1876 2087 1954 apponitur

1336 1985 1437 2030 coram
1460 1968 1596 2046 qualibet
1617 1985 1655 2029 ex
1677 1968 1792 2030 eisdem
1815 1967 1945 2041 tabellis,
1968 1983 2000 2030 ac
2023 1975 2088 2030 tau-

1337 2063 1418 2136 dem,
1441 2077 1512 2124 cum
1534 2061 1601 2122 aliis
1622 2061 1893 2136 genuflexionibus
1913 2069 1944 2122 et
1961 2060 2089 2122 inclina·

1339 2153 1484 2226 tionibus,
1507 2153 1667 2231 spiritibus
1688 2153 1873 2214 abeuntibus
1888 2154 2089 2232 quodammo-

1337 2247 1375 2306 do
1397 2245 1465 2306 vale
1486 2246 1611 2307 dicitur.

1378 2337 1412 2398 ln
1435 2337 1609 2415 plenilunio
1627 2354 1713 2411 vero,
1731 2338 1814 2400 iusta
1829 2353 1863 2398 ea
1879 2355 1958 2416 quae
1973 2339 2087 2402 baben-

1337 2438 1389 2492 tur
1411 2432 1443 2492 in
1465 2431 1570 2492 rituali
1594 2431 1654 2494 llio
1677 2433 1732 2507 tp,
1763 2431 1956 2492 caeremonia
1988 2439 2087 2492 estra-

1337 2523 1430 2586 bendi
1457 2523 1585 2585 tabellas
1607 2541 1623 2585 e
1645 2523 1849 2585 tabernaculis
1877 2540 1940 2585 non
1969 2525 2014 2598 lat,
2043 2525 2088 2584 vi·

1338 2633 1415 2678 uum
1437 2633 1500 2676 non
1529 2617 1706 2694 apponitur,
1727 2615 1781 2676 sed
1811 2616 1929 2678 lructus
1951 2625 1982 2678 et
2003 2618 2087 2694 potio

1340 2709 1418 2779 dtu,
1442 2717 1542 2770 cetera
1564 2717 1598 2769 ut
1621 2710 1652 2770 in
1675 2709 1839 2770 novilunio
1861 2719 2065 2786 peraguntur.

1378 2803 1508 2879 lnsuper
1530 2803 1637 2863 diebus
1659 2803 1745 2879 quasi
1767 2803 1900 2878 singulis
1922 2812 1952 2864 et
1975 2804 2007 2864 in
2022 2819 2088 2864 eer-

1338 2893 1375 2954 tis
1397 2893 1515 2956 casibus
1536 2910 1642 2956 coram
1664 2894 1782 2956 tabellis
1805 2895 1959 2972 praelatis,
1983 2896 2020 2957 ab
2041 2897 2088 2956 lris

1338 2986 1373 3046 ad
1400 3003 1476 3064 quos
1503 2993 1633 3064 spectat,
1663 2987 1880 3050 inclinationes
1902 2997 1933 3049 et
1955 2997 2089 3065 prostra-

1338 3079 1437 3142 tiones
1458 3079 1561 3140 rariae
1590 3081 1681 3153 siunt,
1705 3081 1875 3158 odoresque
1903 3081 2089 3160 quandoque

2118 530 2172 582 An.
2187 532 2217 584 O.
2240 530 2315 582 1704

1339 3179 1530 3244 cremantur,
1553 3172 1648 3233 cereis
1670 3171 1816 3233 accensis.

1378 3266 1527 3339 Tandem,
1551 3265 1699 3342 quisunt
1722 3266 1873 3328 tenuioris
1895 3265 2324 3364 f⁰s¹1¹¹¹²¹e¹1¹ffgslgss¹fss¹ffssss¹3

1336 3374 1401 3420 non
1422 3357 1555 3419 habeant
1576 3357 1664 3418 aedes
1685 3373 1740 3418 seu
1769 3359 1882 3437 templa
1911 3362 2089 3436 progenito·
2108 3372 2205 3425 ousae
2218 3372 2322 3418 narnus.

301 3203 515 3257 remoransacn·
533 3194 611 3255 quae
633 3177 713 3237 fiunt
736 3175 767 3237 in
789 3176 942 3235 honorem
970 3172 1192 3235 deiunctorum
1213 3187 1284 3248 pro·

297 3255 379 3302 ‘ihm'
533 3270 731 3346 genitorum,
764 3267 840 3328 aliae
871 3266 964 3326 etiam
996 3266 1100 3326 minus
1127 3264 1282 3325 solemnes

533 3361 716 3435 oblationes,
744 3374 865 3420 necnon
893 3358 946 3418 alii
976 3357 1055 3419 ritus
1076 3374 1109 3418 ac
1131 3372 1283 3418 caeremo-

531 3455 602 3515 niae
623 3454 737 3516 eisdem
761 3453 794 3513 in
816 3451 941 3514 aedibus
961 3467 1017 3512 seu
1039 3449 1163 3528 templis
1182 3449 1282 3511 diver-

532 3547 572 3609 sis
594 3545 668 3609 auni
690 3543 892 3622 temporibus,
915 3542 1098 3620 praesertim
1119 3541 1219 3620 prima
1234 3543 1282 3603 die

532 3639 606 3702 anni
627 3637 729 3712 sinici,
752 3638 784 3697 in
805 3635 945 3697 solstitiis
966 3651 1000 3696 ac
1020 3634 1153 3710 singulis
1169 3635 1283 3696 mensi-

533 3733 600 3806 bus,
624 3732 656 3793 in
678 3729 843 3791 novilunio
864 3729 980 3789 scilicet
1002 3735 1032 3789 et
1047 3727 1231 3805 plenilunio,
1249 3728 1280 3788 in

534 3827 685 3885 bonorem
707 3823 889 3884 eorumdem
911 3819 1129 3882 defunctorum
1151 3820 1218 3882 lieri
1235 3837 1282 3882 so-

532 3916 610 3978 lent.
635 3917 678 3977 De
699 3915 811 3993 quibus
834 3913 905 3974 licet
927 3911 1067 3974 vicarius
1089 3913 1282 3990 apostolicus

534 4009 664 4084 llaigrot
684 4007 858 4086 specilicam
873 4005 1068 4066 mentionem
1083 4021 1147 4067 non
1163 4005 1282 4080 lecerit,

533 4100 678 4179 expedire
699 4099 835 4171 videtur,
857 4098 896 4159 ob
918 4098 1070 4159 rationem
1096 4115 1188 4176 supra
1210 4099 1283 4160 alla-

535 4201 597 4255 tam
618 4193 671 4254 ubi
693 4194 730 4254 de
751 4189 957 4253 oblationibus
972 4191 1077 4252 minus
1092 4191 1281 4253 solemnibus

533 4286 683 4350 Conlucic
706 4285 773 4346 deri
793 4285 890 4345 solitis
912 4284 1027 4358 agitur,
1050 4291 1085 4345 ut
1106 4284 1201 4345 etiam
1215 4301 1282 4361 spe-

532 4379 607 4440 ciale
629 4378 803 4455 quaesitum
824 4374 874 4437 bic
893 4376 1085 4449 instituatur,
1101 4375 1198 4436 unde:

574 4488 621 4531 ιιι.
644 4469 825 4544 Quaeritur,
855 4485 894 4528 an
926 4468 1101 4529 christianis
1133 4467 1220 4529 liceat
1248 4469 1280 4530 in

532 4562 675 4641 praelatis
705 4561 830 4622 aedibus
855 4577 910 4624 seu
940 4561 1062 4637 templis
1092 4561 1281 4638 supradictas

533 4655 704 4717 oblationes
725 4655 829 4714 minus
850 4653 1005 4714 solemnes
1034 4653 1157 4726 ollerre,
1182 4653 1214 4713 in
1237 4655 1281 4714 eis

533 4747 727 4820 ministrare,
757 4762 812 4808 seu
844 4745 1074 4823 quomodolibet
1107 4745 1278 4820 inservire,

1337 3451 1422 3512 ribus
1443 3449 1597 3511 defunctis
1619 3451 1725 3523 dicata,
1750 3451 1782 3512 in
1804 3452 1946 3512 domibus
1963 3455 2089 3532 privatis

1337 3560 1440 3606 coram
1461 3543 1578 3604 tabellis
1593 3543 1776 3605 eorumdem
1793 3543 1823 3604 in
1839 3545 2021 3624 supradictis
2036 3564 2088 3609 an·

1337 3637 1369 3697 ni
1391 3635 1583 3713 temporibus
1604 3637 1774 3712 respective
1799 3637 1933 3698 accensis
1955 3639 2089 3700 candelis

1336 3745 1408 3790 curn
1438 3730 1538 3790 thuris
1565 3744 1620 3789 seu
1653 3730 1784 3790 odorum
1816 3731 1923 3792 sullrtu
1951 3731 2088 3794 cilerunt

1336 3839 1390 3884 seu
1422 3828 1582 3900 apponunt
1615 3835 1738 3896 carnes,
1771 3821 1899 3896 vinum,
1927 3824 2087 3901 potionem

1339 3915 1417 3986 Clau,
1446 3914 1566 3976 lructus
1587 3921 1618 3975 et
1643 3915 1700 3975 alia
1729 3914 1917 3990 huiusmodi,
1948 3917 2087 3992 genufle-

1337 4007 1492 4081 xionibus,
1515 4023 1570 4068 seu
1594 4007 1846 4069 inclinationibus
1863 4009 1957 4070 etiam
1972 4009 2086 4072 adbibi-

1338 4101 1386 4173 tis,
1411 4099 1524 4160 minori
1549 4107 1652 4160 tamen
1674 4114 1746 4159 cum
1767 4099 1973 4163 solemnitate.
1996 4101 2088 4164 Sinae

1336 4193 1422 4253 enim
1445 4192 1528 4253 domi
1550 4192 1759 4252 communiter
1775 4191 1889 4254 habent
1911 4192 2013 4255 locum
2034 4195 2088 4256 ali·

1336 4299 1442 4361 quem,
1473 4291 1629 4362 tamquam
1659 4283 1817 4358 lararium,
1848 4284 1902 4347 ubi
1929 4286 2022 4348 dictas
2045 4297 2089 4350 ta-

1337 4377 1429 4438 bellas
1461 4392 1532 4436 cum
1562 4377 1651 4437 solita
1683 4377 1883 4453 inscriptione
1915 4387 2085 4454 asservant,

1337 4485 1448 4546 easque
1479 4468 1610 4544 singulis
1642 4469 1748 4530 diebus
1776 4485 1864 4546 saepe
1884 4470 2031 4544 salutant,
2055 4489 2090 4534 ac

1336 4562 1426 4622 certis
1460 4561 1660 4638 temporibus,
1685 4561 1729 4623 uti
1757 4561 1874 4622 dictum
1904 4571 1960 4638 est,
1984 4579 2087 4625 corum

1330 4653 1452 4714 eisdem
1475 4653 1553 4713 ritus
1574 4670 1606 4714 ac
1627 4655 1834 4715 caeremonias
1856 4655 2003 4731 praelatas
2019 4673 2087 4736 per-

1337 4753 1444 4822 agunt.

532 4855 655 4900 necnon
691 4839 765 4899 alios
800 4838 879 4898 ritus
910 4845 941 4898 et
974 4835 1182 4898 caeremonias
1214 4816 1309 4916 per-l
1378 4840 1454 4900 ltem
1477 4838 1622 4900 Sinenses
1645 4839 1709 4900 lere
1732 4857 1839 4902 omnes
1862 4843 2087 4919 sepulclrraec-

530 4946 634 5008 agere.

572 5025 660 5085 Ratio
692 5023 865 5096 dubitandi,
897 5028 1019 5099 praeter
1047 5037 1180 5098 eaquae
1202 5023 1280 5083 dicta

531 5125 606 5180 sunt
628 5115 660 5176 in
678 5115 829 5192 superiori
846 5115 963 5175 ratione
978 5115 1014 5174 ad
1029 5113 1204 5190 quaesitum
1220 5132 1282 5176 res-

532 5215 624 5288 pectu
645 5207 853 5285 praelatorum
877 5205 1107 5279 defunctorum,
1129 5215 1187 5279 est,
1210 5208 1281 5284 quia

531 5301 713 5378 supradictis
747 5299 936 5374 temporibus
965 5300 1211 5376 uniuscuiusque
1241 5300 1281 5360 ln-

532 5393 637 5456 miliae
659 5409 807 5470 personae
834 5394 997 5469 utriusque
1023 5409 1126 5464 sexus,
1149 5393 1184 5451 ad
1206 5411 1281 5471 quas

531 5486 618 5548 iuxta
639 5485 864 5563 praescriptum
887 5484 917 5544 in
939 5481 1102 5544 ritualibus
1116 5484 1232 5558 sinicis,
1249 5501 1282 5546 ac

575 5750 607 5804 (nl
624 5751 756 5804 blaterans,
772 5753 836 5794 Htrt.
853 5753 935 5794 laertio.
951 5761 974 5805 p.
991 5752 1042 5803 1003
1059 5753 1157 5804 Sallen,
1170 5753 1236 5806 part.
1253 5763 1279 5806 ι.,

532 5826 587 5871 cap.
599 5825 699 5870 cavam,
713 5827 770 5871 pag.
783 5818 829 5870 ldl,
844 5815 889 5860 tabi
905 5819 993 5860 tamen
1009 5820 1087 5870 negat
1103 5829 1159 5861 esse
1174 5819 1280 5874 proprie

533 5881 677 5933 sacrificia:
692 5887 827 5926 Aruxasn.
843 5893 876 5926 nn
891 5885 1007 5936 linones,
1022 5883 1066 5926 lib.
1078 5895 1104 5938 1.‚
1119 5895 1172 5940 cap.
1185 5896 1279 5940 xxvia,

1339 4930 1481 4992 rumdem
1503 4933 1752 5008 progenitorum,
1776 4951 1854 5011 quac
1876 4935 1907 4997 in
1929 4936 2087 4998 montibus

1337 5039 1391 5085 seu
1413 5023 1486 5085 locis
1509 5025 1648 5100 praealtis
1680 5034 1765 5086 extra
1789 5028 1911 5087 rainonia
1933 5035 2018 5102 sunt,
2042 5045 2089 5089 se·

1339 5115 1399 5178 mel
1430 5117 1460 5176 in
1489 5133 1570 5177 ranno
1603 5117 1729 5192 adeunt,
1760 5119 1801 5179 ibi
1829 5121 2016 5182 oblationem
2046 5119 2088 5180 la-

1337 5209 1436 5282 ciunl,
1459 5209 1640 5286 apponendo
1671 5211 1785 5272 scilicet
1817 5227 1935 5286 carnes
1963 5214 2085 5288 vinum,

1338 5301 1468 5375 lructus,
1494 5304 1653 5378 pactionem
1678 5303 1755 5375 Clara,
1777 5313 1807 5365 et
1823 5305 1880 5365 alia
1896 5305 2086 5380 huiusmodi,

1337 5411 1408 5455 cum
1440 5395 1537 5455 solitis
1570 5397 1841 5471 genuflexionibus
1862 5405 1892 5458 et
1914 5397 2088 5459 inclinatio·

1339 5486 1449 5549 nibus:
1485 5488 1647 5564 aliquando
1680 5497 1785 5550 aulem
1817 5490 1988 5552 solemnius
2014 5489 2088 5552 llaec

1335 5763 1393 5808 pag.
1409 5756 1435 5798 88
1450 5756 1475 5798 et
1490 5756 1525 5809 89,
1541 5754 1586 5810 qui
1601 5753 1721 5810 loquitur
1735 5753 1766 5798 de
1782 5753 1928 5806 manchino:
1940 5756 1977 5798 bs
1988 5755 2086 5807 llanna,

1334 5819 1378 5862 lib.
1396 5831 1421 5874 ι.,
1443 5831 1578 5877 cap.x1v.,
1600 5820 1642 5866 lol.
1661 5823 1706 5872 1⁷05,
1728 5820 1773 5876 qui
1795 5819 1896 5876 puriter
1917 5819 2037 5876 loquitur
2055 5820 2087 5864 de

1334 5886 1476 5931 Tunclrino.
