4878 6982
316 573 370 639 Αιί.
385 585 415 638 o.
437 586 506 640 trae

358 1101 393 1144 be
407 1098 518 1144 admini-

304 1151 519 1198 strationeetdis-

303 1205 455 1260 pensatione
471 1205 518 1250 bo-

304 1268 404 1305 norum.

320 3343 355 3385 lle
363 3339 521 3389 alienatione

309 3393 442 3441 bonoram.

560 589 618 653 198

538 729 736 792 ritativorum
761 731 1047 798 tractamentorum,
1067 728 1159 800 prout
1180 721 1282 782 lauda·

538 823 641 884 biliter
665 837 763 899 usque
785 833 871 880 nunc
891 817 1092 896 practicatum
1117 814 1188 889 fuit,
1212 829 1283 876 cum

538 931 615 993 opus
636 915 693 977 boc
708 915 747 976 sit
761 913 903 992 proprius
918 919 949 974 et
970 909 1170 988 principalius
1191 907 1283 968 buius

538 1007 675 1069 instituti
696 1009 794 1084 usque
809 1023 824 1066 a
839 1005 998 1085 primaeva
1019 1019 1072 1063 sua
1088 1000 1281 1063 fundatione.

578 1118 632 1162 vn.
657 1099 765 1163 Omnia
792 1100 869 1161 bana
893 1105 959 1160 tum
989 1095 1114 1158 mobilia
1136 1101 1203 1156 tum
1225 1101 1285 1154 sta·

538 1195 609 1256 bilia
631 1193 845 1273 provenientia
872 1208 887 1252 a
911 1191 1017 1268 legatis
1045 1190 1102 1268 piis
1130 1193 1182 1249 aut
1203 1186 1283 1248 elee-

537 1288 686 1366 mosynis,
709 1286 806 1348 aliave
828 1285 885 1346 alia
906 1293 1002 1362 parte,
1026 1281 1283 1344 administrentur

537 1380 574 1442 ab
596 1379 775 1441 officialibus
795 1377 1051 1454 congregationis
1073 1373 1230 1437 destinatis
1247 1372 1284 1433 ab

538 1473 621 1534 illius
641 1471 863 1550 superioribus,
887 1477 918 1532 et
938 1469 1142 1532 adhibeantur
1163 1483 1218 1528 seu
1233 1481 1283 1544 ap-

538 1567 694 1645 plicentur
716 1565 796 1626 ultra
817 1563 1020 1625 necessariam
1041 1561 1174 1622 fratrom
1188 1567 1219 1620 et
1240 1575 1285 1620 sa·

537 1661 699 1722 cerdotum
730 1657 976 1720 necessariorum
1004 1653 1284 1718 substentationem

537 1770 594 1832 pro
604 1751 755 1814 beneficia
768 1751 979 1824 infirmorum,
989 1747 1282 1820 convalescentium,

538 1847 733 1922 aliorumque
755 1859 925 1923 pauperum
948 1843 1151 1905 attinentium
1174 1840 1209 1900 ad
1231 1843 1284 1900 ito·

537 1939 672 2018 spitalia;
695 1947 724 2000 et
739 1938 763 1999 si
780 1938 917 1999 redditus
938 1943 990 1998 ant
1005 1937 1220 2013 eleemosynae
1234 1951 1283 1995 su-

538 2032 787 2111 perabundarent
799 2031 830 2092 in
846 2029 948 2108 aliquo
963 2029 1119 2108 hospitali,
1132 2027 1284 2106 applicen-

539 2134 592 2188 tur
614 2127 646 2187 in
669 2123 856 2186 beneficium
878 2123 1011 2184 aliorum
1038 2137 1211 2200 pauperum
1232 2137 1286 2182 ve-

538 2220 748 2281 recundorum
761 2216 981 2292 indigentium,
995 2216 1080 2276 iuxta
1096 2217 1284 2293 prudentem

538 2312 742 2374 directionem
757 2309 860 2371 fratris
881 2309 1006 2370 maioris
1022 2307 1187 2386 generalis,
1204 2306 1286 2368 eius-

538 2421 599 2482 que
620 2403 883 2478 consiliariorum
897 2417 955 2463 nec
970 2395 1078 2462 iratres
1094 2400 1206 2462 babere
1217 2415 1286 2478 pos·

538 2497 613 2571 sint,
630 2512 687 2559 nec
707 2497 910 2574 praetendant
932 2509 998 2555 rem
1020 2494 1154 2572 aliquam
1170 2494 1202 2554 in
1218 2509 1302 2572 par<

539 2589 672 2664 ticulari,
694 2589 747 2649 sed
770 2603 878 2650 amnes
902 2589 1009 2649 vivant
1026 2587 1057 2648 in
1073 2585 1207 2664 perfecta
1222 2587 1285 2647 vitai

538 2681 713 2756 communi,
737 2699 773 2743 eo
800 2679 890 2743 modo
919 2697 980 2758 qua
1004 2680 1223 2758 praescribitur
1251 2679 1283 2740 in

538 2775 670 2838 decretis
691 2775 861 2838 Clementis
882 2774 974 2848 Vlll.,
991 2782 1021 2836 et
1043 2775 1229 2852 praecipitur
1251 2775 1284 2835 in

539 2867 624 2929 Bulla
647 2869 732 2929 Pauli
748 2867 805 2946 v.;
828 2869 925 2944 legata
942 2869 990 2946 pia
1005 2883 1078 2929 curn
1096 2867 1285 2944 obligatione

539 2960 752 3023 celebrationis
763 2961 929 3022 missarum
942 2967 1141 3039 acceptentur
1152 2968 1182 3022 et
1190 2959 1284 3022 adim-

539 3054 684 3132 pleautur
705 3055 790 3116 iuxta
811 3054 943 3115 formam
964 3054 1212 3132 praescriptama
1234 3054 1285 3114 de-

538 3148 630 3208 cretis
652 3147 765 3210 Urbani
789 3147 866 3210 lllll.
892 3149 935 3209 De
957 3145 1104 3209 celebrat.
1126 3147 1225 3219 nuiss,
1252 3155 1285 3208 et

539 3255 555 3300 a
577 3239 663 3302 Bulla
683 3241 865 3303 sanctissimi
888 3239 1006 3302 domini
1028 3241 1137 3303 nostri.

579 3333 734 3396 v1n.Nec
763 3334 1027 3396 administratores
1058 3335 1211 3396 bonorum
1233 3333 1286 3394 bo-

539 3429 696 3508 spitalium
718 3428 860 3502 istorum,
874 3433 926 3488 aut
947 3428 1123 3506 superiores
1145 3427 1284 3502 illorum,

538 3531 592 3584 aut
613 3523 697 3584 ullus
718 3521 850 3599 quilibet
873 3521 1131 3598 congregationis
1145 3521 1286 3598 superior

539 3616 633 3694 possit
655 3632 688 3676 ea
716 3615 850 3676 alienare
881 3615 996 3692 absque
1022 3613 1145 3675 licentii
1175 3614 1285 3676 saltem

539 3709 703 3784 l'lrvlinarii,
726 3709 846 3770 servata
862 3708 958 3770 farma
984 3708 1060 3768 iuris
1082 3716 1112 3770 et
1127 3723 1285 3769 sacrorum

539 3815 711 3878 cananum3
734 3802 787 3880 qtd
810 3801 988 3864 tlrdinerias
1009 3802 1041 3862 in
1065 3801 1218 3863 dicturum
1235 3801 1286 3862 ba-

539 3912 652 3958 norum
665 3895 851 3956 alienatione
864 3893 1062 3971 interponere
1075 3895 1188 3972 poterit
1199 3911 1285 3955 suam

539 3991 754 4055 auctoritatem
767 3998 925 4066 tamquam
935 3987 1093 4066 delegatus
1106 3988 1192 4052 Sedis
1207 3991 1286 4066 Apa-

539 4087 681 4158 stolicae,
704 4089 805 4144 stante
826 4098 889 4142 non
911 4081 989 4142 facili
1013 4080 1047 4141 ad
1075 4084 1215 4145 eamdem
1237 4099 1285 4144 re·

539 4197 643 4242 cursu.
664 4177 775 4239 Nullus
798 4175 963 4254 recipiatur
978 4175 1284 4252 incongregatione,

540 4274 599 4335 nisi
621 4288 692 4334 cum
715 4270 837 4332 licentia
856 4268 957 4330 fratris
972 4269 1097 4330 maioris
1119 4269 1284 4344 generalis,

540 4375 570 4428 et
592 4367 701 4428 babeat
714 4365 825 4426 saltem
840 4379 936 4424 annas
951 4365 1059 4426 decem
1074 4371 1104 4424 et
1120 4373 1188 4424 octo
1203 4377 1286 4424 com-

539 4461 649 4539 pletos,
672 4465 703 4520 et
725 4473 788 4520 non
809 4457 1022 4536 plusquamad
1039 4457 1287 4534 minusquadra·

541 4555 638 4632 ginta,
662 4552 721 4613 nisi
742 4553 821 4613 foret
836 4565 967 4629 persona
988 4550 1108 4628 pietatis
1119 4549 1287 4626 singularis

540 4653 593 4708 aut
614 4660 744 4721 magnae
766 4643 926 4719 utilitatis3
951 4643 1076 4704 nullum
1098 4642 1206 4702 babeat
1228 4641 1286 4702 im·

539 4737 756 4818 pedimentum
778 4735 1023 4809 canonicum,sit
1045 4735 1147 4796 animo
1169 4743 1199 4796 et
1221 4751 1286 4795 cor·

540 4847 614 4910 pore
635 4831 714 4892 bene
746 4829 921 4907 dispositas,
946 4836 980 4890 ut
1000 4845 1034 4889 se
1057 4835 1156 4890 tatum
1186 4829 1287 4906 impli-

540 4939 608 4987 care
629 4923 724 5002 possit
739 4923 771 4984 in
787 4921 939 4983 auxilium
950 4923 1087 4984 cuiusvis
1102 4921 1224 4997 generis
1242 4923 1288 4982 in-

541 5019 716 5078 firmorum.
731 5015 930 5093 Recipiantur
944 5015 1068 5088 novitii,
1081 5021 1286 5078 coricurrente

539 5109 648 5171 maiori
670 5116 757 5186 parte
778 5117 923 5170 votorum
945 5107 1155 5187 professarum
1177 5109 1287 5170 damus

540 5203 722 5276 novitiatus,
746 5217 824 5280 qnae
837 5217 902 5262 esse
917 5201 1027 5264 aebeat
1049 5203 1158 5264 domus
1173 5201 1204 5264 S.
1215 5201 1289 5279 Hip-

540 5295 648 5374 polyti.
666 5295 782 5357 Poterit
799 5301 901 5355 tamen
916 5294 1010 5355 frater
1024 5295 1123 5355 maior
1136 5293 1288 5369 generalis

540 5405 613 5449 cnm
635 5387 776 5450 unanimi
798 5401 923 5448 assensu
939 5393 970 5447 et
984 5386 1113 5448 arbitrio
1135 5387 1200 5448 eius
1215 5402 1287 5446 cou-

540 5481 729 5542 siliariorum
741 5481 895 5542 destinare
907 5479 1040 5558 aliquam
1053 5481 1144 5542 aliam
1159 5481 1286 5542 damam

542 5571 686 5650 praiaco
715 5573 913 5646 norinatim,
935 5573 961 5632 si
983 5573 1021 5633 ob
1047 5573 1195 5634 ntaiorem
1219 5572 1289 5633 reli-

541 5665 641 5741 gionis
656 5667 906 5745 propagationem
922 5663 949 5726 id
967 5667 1175 5728 necessarium
1194 5666 1285 5728 foret.

541 5757 611 5819 Non
633 5760 751 5837 possint
772 5759 884 5820 novitii
906 5760 1062 5822 removeri
1084 5777 1098 5819 a
1120 5761 1211 5821 domo
1233 5775 1289 5821 no-

583 5970 612 6030 (l)
627 5971 717 6018 Potius
732 5970 787 6027 aaa
800 5973 840 6019 vel
856 5983 946 6027 anam.

1061 599 1125 648 lan.
1150 601 1240 647 PONT.
1265 601 1305 646 bt:
1327 602 1355 646 P.
1379 601 1407 646 F.
1433 603 1514 649 PARS
1537 605 1557 650 1.

1339 721 1465 784 vitiatus
1487 723 1546 786 nisi
1561 732 1628 804 post
1644 726 1883 804 professionem,
1909 727 2015 790 nullus
2036 726 2087 788 ad-

1339 815 1483 879 mittatur
1510 820 1546 880 ad
1568 819 1807 897 professionem,
1830 821 1889 882 nisi
1915 821 2019 884 denua
2039 839 2087 885 ac·

1338 915 1476 985 captatus
1506 910 1636 974 fuerita
1663 914 1781 976 duobus
1811 914 1911 975 tertiis
1939 921 2085 978 votorum

1340 999 1471 1064 fratrum
1499 1003 1707 1082 professorum
1728 1005 1839 1070 domus
1866 1007 1951 1070 illius
1972 1007 2005 1068 in
2027 1024 2085 1086 qua

1341 1094 1526 1160 novitiolam
1547 1099 1621 1174 agit,
1643 1107 1674 1161 et
1696 1099 1882 1164 novitiatnm
1910 1101 2010 1177 egerit
2030 1117 2086 1179 per

1340 1203 1458 1251 annum
1481 1189 1643 1266 integrum
1664 1197 1695 1252 et
1711 1207 1774 1253 non
1796 1193 2022 1271 interruptum,
2040 1193 2084 1254 iu·

1342 1289 1390 1344 xta
1405 1299 1528 1346 sacrum
1544 1284 1719 1346 Concilium
1735 1285 1966 1348 Tridentinnnt.
1984 1287 2085 1349 Unus·

1339 1376 1469 1454 quisque
1490 1377 1635 1438 emittere
1660 1377 1782 1440 debebit
1808 1378 2031 1456 professionem
2052 1381 2084 1443 in

1341 1467 1482 1530 manibus
1508 1468 1610 1531 fratris
1632 1470 1755 1531 maioris
1784 1471 1950 1546 generalis,
1976 1481 2028 1534 aut
2050 1473 2085 1534 il·
2115 1474 2119 1504 ³

1341 1559 1411 1634 lias,
1434 1561 1483 1622 oui
1506 1563 1543 1624 ab
1570 1563 1679 1624 eodem
1703 1561 1768 1625 talis
1796 1563 1915 1626 functio
1941 1581 2086 1642 expresse

1337 1655 1500 1716 commissa
1522 1655 1627 1730 fuerit,
1643 1663 1674 1717 et
1696 1655 1892 1734 professionis
1914 1657 2012 1719 forma
2027 1659 2086 1720 erit

1339 1763 1486 1825 sequens:
1512 1748 1548 1808 fn
1570 1751 1699 1812 tremine
1727 1750 1781 1814 SS.
1811 1750 1997 1822 Trinitatis,
2025 1751 2087 1814 Pa·

1341 1841 1412 1911 tris,
1425 1848 1456 1902 et
1469 1839 1561 1913 Filii,
1575 1848 1605 1903 et
1619 1842 1764 1920 Spiritus
1777 1843 1900 1906 Sancti.
1914 1845 1979 1924 Epo
1992 1843 2030 1906 N.
2043 1843 2083 1906 N.

1341 1935 1427 2016 fortia
1458 1937 1698 2013 professionem,
1729 1943 1758 1998 et
1783 1939 1938 2014 promitto
1971 1937 2033 1999 Dea
2055 1947 2085 2002 et

1341 2028 1497 2106 gloriosae
1530 2029 1652 2110 l'irpini
1675 2038 1704 2092 et
1727 2029 1874 2092 omnibns
1905 2030 2033 2094 Sanctis
2055 2041 2085 2095 et

1340 2127 1461 2184 nestrae
1483 2124 1635 2194 caritati,
1659 2125 1768 2204 frater
1789 2123 1827 2186 N.
1852 2127 1960 2204 frater
1981 2127 2087 2188 maior

1341 2214 1513 2292 generalis,
1537 2217 1674 2294 aliisque
1699 2219 1815 2279 cestris
1837 2217 2084 2290 successoribus,

1341 2309 1537 2380 castitatem,
1561 2317 1798 2387 paupertatem,
1827 2311 2086 2390 hospitalitatem

1340 2409 1538 2478 perpetuant,
1552 2411 1583 2464 et
1601 2401 1812 2466 obedientiam
1827 2406 1924 2468 tacta
1940 2408 2085 2484 requiam

1342 2492 1454 2555 Sancti
1486 2497 1665 2574 Augustini
1692 2503 1722 2558 et
1750 2499 1998 2560 constitutiones
2030 2498 2087 2562 Or·

1341 2586 1428 2647 dinis
1462 2587 1624 2650 Caritatis
1659 2589 1690 2652 S.
1715 2590 1892 2668 Hippolyti,
1926 2607 2024 2669 usqae
2045 2591 2086 2655 ad

1341 2685 1482 2740 laertem.

1382 2790 1425 2834 xx.
1451 2775 1558 2837 Vestes
1574 2776 1743 2838 exteriores
1759 2775 1891 2839 fratrum
1902 2793 2010 2840 omnes
2025 2778 2087 2841 sint

1341 2866 1378 2928 de
1400 2868 1462 2928 unt
1477 2877 1507 2930 et
1522 2868 1629 2930 eadem
1649 2885 1694 2944 re,
1711 2886 1749 2930 ex
1771 2887 1873 2948 panno
1894 2871 2006 2933 caloris
2020 2888 2088 2951 per·

1341 2961 1382 3036 di,
1405 2961 1536 3039 simplici
1557 2971 1589 3026 et
1612 2963 1685 3038 vili,
1715 2971 1746 3024 et
1767 2965 1897 3041 exiguae
1921 2980 2085 3043 expensae,

1342 3054 1373 3114 iu
1395 3053 1494 3115 forma
1515 3071 1593 3134 quae
1605 3055 1650 3136 (l)
1666 3065 1788 3134 gestant
1802 3059 1839 3120 de
1851 3058 2021 3136 praesenti;
2040 3065 2086 3119 tn-

1342 3147 1408 3210 nica
1429 3155 1535 3224 tangat
1556 3149 1722 3224 calcaneos
1736 3152 1892 3232 caputium
1906 3151 1946 3211 sit
1961 3151 2086 3214 unitum

1340 3241 1521 3319 scapularia,
1538 3251 1568 3303 et
1583 3244 1640 3304 boc
1661 3243 1788 3306 brevius
1809 3245 1914 3306 tunica
1934 3259 1988 3305 sex
2009 3245 2087 3321 digi-

1342 3333 1391 3408 tis,
1414 3333 1543 3412 pallium
1571 3335 1695 3397 brevius
1716 3337 1896 3416 scapularia,
1926 3337 2025 3416 pileus
2047 3338 2088 3398 si·

1341 3426 1424 3487 milis
1455 3427 1500 3488 illi
1532 3443 1625 3506 quem
1657 3436 1778 3505 gestant
1809 3429 1921 3492 fratres
1949 3429 2087 3492 minores

1341 3517 1441 3581 Sancti
1463 3521 1628 3595 Francisci,
1651 3523 1742 3584 calcei
1765 3522 1897 3598 grandes
1917 3530 1949 3583 et
1969 3523 2086 3602 simpli-

1341 3628 1408 3686 ces,
1436 3614 1573 3676 cinctura
1599 3631 1653 3676 sea
1677 3630 1754 3676 zona
1776 3632 1814 3676 ex
1841 3615 1923 3678 corio
1952 3615 2034 3693 larga
2055 3623 2086 3678 et

1342 3705 1442 3782 longa.
1477 3707 1601 3768 Faciant
1627 3707 1825 3787 resplendere
1850 3716 1987 3770 sanctam
2013 3724 2087 3786 pau-

1341 3806 1492 3876 pertatem
1508 3797 1541 3860 in
1556 3799 1689 3876 fabricis,
1702 3801 1798 3876 cellis,
1811 3801 2085 3880 suppellectilibus,

1341 3893 1436 3966 victa,
1454 3899 1484 3954 et
1500 3891 1532 3954 in
1548 3894 1693 3956 omnibus
1707 3895 1772 3956 aliis
1793 3896 1900 3970 rebus,
1924 3895 2087 3957 recordan-

1340 3985 1378 4046 do
1400 3985 1482 4063 qnod
1505 3986 1628 4047 illoram
1652 3987 1790 4050 redditus
1811 3996 1885 4048 sant
1907 4003 2015 4048 ornnes
2036 4003 2085 4048 or-

1340 4077 1436 4138 dinati
1457 4079 1494 4140 ad
1516 4079 1703 4141 beneficium
1725 4096 1907 4159 pauperum.

1380 4187 1411 4231 x.
1434 4170 1550 4234 Omnes
1571 4179 1634 4233 tam
1656 4173 1832 4251 superiores
1843 4189 1937 4252 quam
1959 4175 2084 4237 inferio-

2116 589 2170 641 An.
2185 589 2219 640 C.
2246 581 2335 636 1700

2134 2800 2168 2843 lle
2184 2797 2297 2844 babitu.

2140 4203 2174 4246 lte
2188 4198 2286 4246 mensa
2304 4205 2337 4247 et

1340 4279 1398 4338 reS,
1421 4279 1494 4326 cum
1514 4266 1580 4326 sani
1594 4273 1679 4342 sunt,
1700 4269 1862 4330 comedant
1877 4269 1909 4330 in
1923 4270 2084 4332 communi
2103 4253 2232 4300 0111111111·

1341 4357 1519 4432 refectorio,
1543 4367 1573 4420 et
1594 4361 1734 4421 contenti
1755 4361 1817 4421 sint
1845 4361 2023 4426 iisdemmet
2043 4363 2084 4426 ci-

1341 4451 1396 4526 bis,
1410 4453 1525 4530 absque
1538 4452 1668 4514 alicuius
1682 4454 1727 4514 rei
1740 4454 1922 4517 differentia.
1933 4458 1968 4518 ln
1979 4460 2085 4521 mensi

1341 4556 1526 4628 perpetuum
1549 4555 1579 4610 et
1601 4547 1840 4626 indispensabile
1862 4551 1903 4613 sit
1923 4552 2084 4616 silentium

1340 4658 1410 4704 cum
1433 4641 1566 4703 lectione
1583 4641 1736 4703 librorum
1751 4644 1980 4723 spiritualium,
2004 4664 2085 4711 nun·

1341 4750 1434 4812 quam
1454 4733 1565 4796 iratres
1584 4743 1780 4798 emaneante
1798 4738 1889 4800 domo
1904 4741 2085 4803 comedendi

1340 4828 1440 4901 causi,
1453 4828 1553 4889 mttlto
1574 4829 1680 4892 minas
1702 4828 1886 4905 dormiendi,
1910 4833 1969 4893 nisi
1985 4833 2016 4894 in
2033 4833 2087 4894 ali-

1341 4937 1401 5000 quo
1433 4921 1604 4984 inevitabili
1626 4938 1714 4984 casu:
1739 4931 1769 4984 et
1795 4923 1827 4984 in
1850 4925 1907 4985 boc
1927 4924 1967 4986 sit
1997 4925 2086 4989 valde

1340 5021 1448 5077 cautus
1468 5014 1618 5092 superior.
1645 5015 1678 5076 ln
1700 5016 1843 5079 domibus
1857 5017 1944 5078 istius
1963 5017 2086 5081 Ordinis

1342 5114 1489 5186 perpetua
1510 5107 1551 5169 sit
1571 5108 1723 5182 clausura,
1740 5125 1798 5172 uec
1814 5126 1953 5188 unquam
1969 5111 2086 5174 intrare

1341 5201 1458 5280 possint
1479 5200 1622 5262 feminae.

1382 5309 1426 5353 xt.
1452 5293 1538 5356 Ultra
1560 5293 1701 5357 mandata
1723 5301 1837 5358 statuta
1859 5297 1903 5376 (2)
1925 5298 1962 5359 ab
1984 5297 2086 5360 Eccle-

2124 5319 2180 5380 ΙΙ[νυ
2197 5319 2334 5375 operibus

1340 5387 1395 5461 sii,
1408 5387 1557 5448 servanda
1573 5405 1644 5450 cam
1660 5389 1746 5452 omni
1763 5391 1986 5467 punctualitate
2000 5401 2031 5453 et
2046 5391 2086 5452 ri·
2105 5382 2161 5428 ¹³¹¹*

1343 5493 1428 5554 gare,
1446 5479 1587 5542 ieiunant
1608 5481 1718 5543 fratres
1740 5481 1884 5544 omnibus
1906 5481 2013 5545 diebus
2035 5498 2086 5544 ve-

1343 5574 1425 5633 neris
1457 5573 1553 5634 totius
1579 5575 1669 5649 anni,
1695 5585 1724 5638 et
1753 5577 1785 5637 in
1817 5577 1963 5638 Adventu
1994 5577 2087 5638 etiam

1342 5665 1449 5728 diebus
1471 5665 1562 5728 lunae
1585 5675 1614 5728 et
1636 5669 1795 5742 mercurii,
1818 5668 1843 5729 si
1865 5669 1904 5730 ab
1925 5669 2090 5731 infirmita-

1344 5766 1405 5822 tem
1421 5765 1473 5822 aat
1488 5760 1770 5823 extraordinarium
1785 5759 1921 5822 laborem
1936 5777 1999 5822 non
2015 5760 2089 5824 fuis-

1311 5975 1316 6031 1
1382 5975 1411 6032 (2)
1427 5977 1525 6020 Forsan
1540 5977 1768 6023 monasteriae.
