4836 6998
110 541 211 596 11110.
233 541 301 594 1731

140 691 209 742 onae
226 688 314 734 omnia

97 753 146 840 Bor
167 742 189 787 S.
209 743 232 786 S.
255 753 314 788 cou-

118 799 243 842 rmantur.

135 2822 229 2868 darunt
245 2818 311 2864 litte·

98 2883 186 2917 rarum
221 2873 311 2922 obser-

96 2927 194 2972 vantia.

146 4032 308 4078 Obstantium

97 4087 237 4144 derogatio.

995 557 1138 602 exedens
1160 556 1216 604 ΧΠ.

372 681 390 756 5
411 682 441 744 2.
466 682 546 745 Cum
567 681 778 757 1111111111
798 695 854 758 pro
874 686 960 756 11111
975 677 1078 740 dilecti

333 773 389 834 lilii
411 775 555 837 moderni
576 774 687 853 prioris
703 772 856 850 generalis
870 772 1010 834 eiusdem
1025 771 1078 834 Or·

331 866 413 928 dinis
441 868 529 928 nobis
556 868 688 929 subinde
716 865 894 944 expositum
919 865 990 939 luit,
1013 866 1077 942 ipse

331 961 491 1024 decretum
507 959 696 1032 huiusmodi,
712 975 773 1035 quo
789 957 910 1019 firmius
921 958 1076 1032 subsistat,

331 1053 510 1132 apostolicae
531 1052 774 1116 cenurmationis
806 1058 928 1112 nostrae
950 1051 1078 1127 patroci-

332 1147 384 1208 nio
405 1145 592 1207 communiri
607 1159 807 1221 summopere
821 1143 989 1204 desideret:
1009 1159 1076 1216 nus,

332 1239 434 1317 ipsum
461 1239 597 1316 priorem
627 1237 805 1312 generalem
833 1235 1014 1312 specialibus
1035 1234 1077 1295 11-

332 1329 457 1390 vuribus
479 1337 510 1390 et
539 1328 645 1405 gratiis
667 1328 810 1406 prosequi
833 1327 985 1400 volentes,
1010 1334 1077 1388 eta

331 1420 501 1498 quibusvis,
514 1429 587 1495 etc,
600 1418 1077 1496 excommunicationis,suspen-

331 1513 425 1574 sionis
454 1519 484 1572 et
509 1512 685 1586 interdicti,
715 1511 843 1588 aliisque
867 1511 1077 1573 ecclesiasticis

330 1605 506 1678 sententiis,
520 1604 657 1666 censuris
679 1611 710 1664 et
730 1604 849 1680 poenis,
866 1604 962 1664 aiure
976 1604 1025 1664 vel
1041 1604 1077 1664 ab

333 1697 471 1772 bomine,
485 1697 594 1774 quavis
616 1697 773 1758 occasione
789 1697 846 1758 vel
854 1698 942 1758 causa
958 1697 1035 1770 latis,
1052 1697 1077 1757 si

332 1791 443 1869 quibus
458 1789 687 1867 quomodolibet
714 1790 877 1850 innodatus
895 1790 1013 1864 existit,
1040 1791 1075 1850 ad

331 1884 474 1944 ellectum
490 1882 699 1960 praesentium
714 1882 873 1944 dumtaxat
887 1899 1079 1960 consequen·

331 1978 418 2050 dum,
434 1976 545 2038 lrarum
560 1975 639 2036 serie
650 1975 842 2036 absolventes
857 1983 888 2036 et
901 1975 1077 2038 absolutum

332 2069 395 2130 iore
417 2078 588 2140 censentes,
604 2067 876 2145 supplicationibus
891 2069 958 2130 eius
977 2069 1076 2129 nomi·

331 2178 372 2223 ue
392 2161 480 2222 nobis
500 2160 663 2238 superboc
683 2160 846 2222 humiliter
862 2162 1009 2239 porrectis
1031 2162 1076 2222 in·

331 2254 447 2328 clinati,
463 2253 624 2314 decretum
640 2254 879 2330 praeinsertum,
896 2254 1076 2316 auctoritate

331 2347 505 2424 apostolici,
519 2353 627 2406 tenore
640 2347 860 2423 praesentium,
875 2347 1076 2424 approbamus

331 2446 362 2500 et
383 2440 613 2512 confirmamus,
631 2439 738 2516 illique
753 2439 938 2500 inviolabilis
960 2449 1079 2516 aposto-

331 2532 405 2593 licae
429 2532 583 2593 firmitatis
605 2533 700 2592 robur
727 2533 904 2607 adiicimus;
930 2532 1012 2593 salva
1034 2541 1078 2594 ta-

332 2641 403 2686 men
419 2641 542 2702 semper
559 2625 591 2686 11
606 2625 780 2702 praemissis
794 2627 973 2686 auctoritate
990 2641 1076 2704 prae-

331 2719 427 2779 dictae
452 2718 707 2794 Congregationis
730 2718 952 2779 cardinalium.

370 2813 389 2886 5
409 2811 437 2872 3.
463 2812 681 2884 DecernenteS,
697 2811 817 2871 easdem
835 2819 1010 2888 praesentes
1026 2811 1075 2872 lit-

332 2913 410 2965 teras
434 2919 558 2981 semper
586 2906 708 2978 sirmas,
741 2903 855 2964 validas
884 2911 914 2964 et
940 2903 1075 2965 efficaces

330 2997 462 3059 existere
484 3005 514 3058 et
529 2996 606 3071 iore,
629 3013 762 3074 suosque
784 2997 937 3074 plenarius
951 3006 982 3057 et
998 2999 1076 3058 inte·

329 3103 400 3164 gros
422 3087 548 3149 allectus
573 3088 678 3149 sortiri
702 3096 732 3149 et
757 3089 911 3162 obtinere,
941 3105 974 3150 ac
1004 3089 1074 3163 illis,

329 3179 363 3240 ad
394 3197 471 3258 quos
496 3187 611 3257 spectat
633 3188 664 3242 et
683 3181 831 3258 spectabit
862 3181 894 3242 in
920 3180 1074 3255 loturum,

330 3273 507 3350 plenissime
529 3271 708 3347 suffragari,
732 3281 763 3334 et
783 3273 819 3333 ab
841 3273 884 3332 eis
906 3273 1076 3350 respective

330 3365 553 3426 inviolabiliter
574 3365 742 3440 observari,
762 3366 866 3444 sicque
882 3367 914 3427 in
930 3367 1077 3443 praemis·

328 3459 369 3519 sis
393 3475 445 3536 per
472 3474 684 3536 quoscumque
714 3459 826 3520 iudices
854 3459 1024 3519 ordinarios
1046 3467 1076 3519 et

329 3551 494 3627 delegatos,
511 3551 605 3612 etiarn
626 3567 786 3613 causarum
803 3551 904 3628 palatii
919 3551 1075 3628 apostolici

328 3643 494 3718 auditores,
512 3645 638 3704 iudicari
654 3653 685 3705 11
700 3644 823 3705 111111111
846 3645 1015 3716 deberetis
1037 3643 1078 3704 ir-

328 3737 425 3798 ritum
447 3743 478 3796 et
504 3736 607 3810 inane,
623 3737 648 3795 si
670 3753 758 3798 secus
782 3751 874 3812 super
896 3736 943 3796 bis
964 3754 979 3798 a
1002 3753 1077 3813 111

327 3845 433 3905 quam,
447 3830 555 3906 quavis
570 3830 761 3903 auctoritate,
777 3829 911 3890 scienter
923 3829 972 3890 vol
989 3829 1077 3905 igno-

327 3931 445 3996 ranter,
467 3924 632 3998 contigerit
654 3925 809 3984 attentari.

367 4019 386 4092 5
407 4018 435 4077 q,
459 4016 528 4078 Nou
550 4017 741 4078 obstantibus
756 4016 1030 4078 constitutionibus
1046 4025 1076 4078 et

327 4109 572 4170 ordinationibus
593 4109 783 4185 apostolicis,
806 4124 946 4182 necnon,
970 4118 1075 4188 quate-

327 4217 387 4264 nus
415 4217 492 4278 opus
518 4202 575 4275 sit,
604 4200 676 4262 dicti
705 4200 844 4274 Ordinis,
874 4203 968 4262 etiam
995 4203 1075 4262 iura-

326 4301 445 4368 mento,
462 4293 698 4354 confirmatione
712 4293 886 4370 apostolica,
903 4294 952 4354 vel
969 4295 1075 4370 quavis

327 4385 552 4446 111-11111111Ιί11
576 4386 735 4459 roboratis,
752 4387 874 4446 statutis
895 4395 926 4447 et
947 4403 1075 4448 consue·

327 4479 503 4552 tudinibus,
538 4477 707 4555 privilegiis
736 4495 871 4555 quoque,
895 4479 1023 4540 indultis
1045 4491 1075 4540 et

327 4572 440 4634 litteris
461 4571 632 4648 apostolicis
654 4571 685 4631 in
712 4571 902 4632 contrarium
932 4573 1075 4648 praemis-

326 4680 432 4724 sorum
454 4663 685 4740 quomodolibet
707 4665 868 4737 concessis,
885 4665 1074 4724 confirmatis

327 4765 358 4817 et
379 4756 550 4832 innovatis,
573 4755 686 4834 quibus
713 4756 857 4816 erunibus
879 4765 910 4817 et
930 4757 1073 4832 singulis,

326 4849 454 4909 illorum
479 4857 600 4909 tenores
622 4849 834 4926 praesentibus
857 4865 911 4926 pro
933 4849 1024 4926 plene
1043 4859 1075 4910 et

326 4941 517 5002 sullicienter
537 4940 687 5018 expressis
709 4942 797 5001 acad
825 4942 955 5003 verbum
979 4943 1076 5002 inser-

328 5034 366 5094 tis
388 5034 545 5108 babentes,
569 5034 628 5094 illis
650 5034 722 5093 eliis
744 5035 777 5094 in
797 5050 853 5096 suo
876 5035 985 5094 robore
1008 5051 1074 5111 per-

328 5125 493 5199 mansuris,
516 5127 550 5186 ad
574 5127 813 5202 praemissorum
839 5126 994 5200 ellectum,
1023 5127 1075 5186 bac

327 5218 394 5280 vice
415 5219 585 5293 dumtaxat,
612 5219 782 5296 specialiter
803 5227 834 5280 ct
859 5235 1002 5297 expresse
1025 5221 1075 5280 de·

326 5327 488 5387 1111111
512 5313 683 5390 ceterisque
697 5313 860 5374 contrariis
876 5313 1075 5391 quibuscum-

327 5418 398 5482 que.

368 5498 478 5560 Datum
510 5498 640 5574 Romae,
669 5498 748 5576 apud
776 5499 806 5562 S.
832 5499 956 5560 Mariam
983 5499 1074 5560 Maio-

327 5607 405 5664 rem‚
428 5591 486 5652 sub
506 5591 622 5652 annulo
644 5592 811 5667 Piscatoris,
835 5593 882 5654 die
907 5609 970 5652 xxx.
995 5593 1075 5670 apri-

328 5683 364 5744 lis
386 5683 786 5762 uncexxx1.,pontil1catus
808 5685 904 5745 nostri
927 5702 1009 5745 auno
1032 5703 1052 5744 x.

368 5901 398 5958 (l)
413 5903 451 5946 Ex
464 5901 568 5958 Regasl.
584 5900 612 5946 in
626 5901 701 5947 arch.
717 5903 789 5946 Brev.

1480 675 1530 740 rv.
1610 767 1615 778 ¹

1136 860 1310 943 Certfirrrt'ut
1333 863 1446 926 literas
1462 862 1581 926 Urbani
1606 861 1741 926 111111
1761 875 1882 921 succes-

1171 973 1292 1028 suram,
1309 971 1365 1032 pro
1381 954 1625 1018 necessitatibus
1648 955 1803 1016 Lucerum
1825 953 1880 1015 Su·

1174 1065 1303 1110 crurum
1326 1047 1524 1110 Hierusalem
1545 1047 1600 1126 (1).

1333 1216 1519 1284 exedens
1543 1217 1601 1285 ΡΡ.
1619 1217 1677 1284 llll.

1272 1338 1310 1406 ad
1330 1338 1460 1406 laturam
1486 1339 1529 1405 rei
1557 1338 1737 1406 memoriam.

1172 1513 1338 1578 Salvatoris
1359 1523 1390 1576 et
1404 1514 1521 1576 domini
1543 1515 1640 1576 nostri
1663 1516 1728 1576 lesu
1753 1512 1878 1585 Gbristi,
1927 1516 2072 1563 uxoratum.

1132 1606 1184 1682 qui
1200 1623 1255 1682 pro
1272 1607 1398 1667 numani
1412 1607 1534 1682 generis
1549 1607 1763 1684 redemptione
1774 1621 1806 1664 se
1816 1604 1880 1663 exi-

1134 1699 1264 1772 nanivit,
1282 1698 1377 1760 lactus
1399 1699 1545 1760 obediens
1566 1700 1713 1776 usquead
1731 1705 1877 1770 mortem,

1133 1792 1231 1865 ricae,
1259 1791 1331 1852 licet
1354 1792 1520 1865 immeriti,
1544 1799 1691 1867 gerentes
1714 1791 1745 1852 in
1774 1791 1877 1864 terris,

1134 1885 1216 1945 inter
1231 1883 1416 1961 multiplices
1431 1885 1687 1962 gravissimasque
1698 1883 1878 1961 apostelicae

1132 1977 1292 2038 servitutis
1320 1993 1419 2050 curas,
1444 1977 1475 2038 in
1497 1992 1565 2038 eam
1594 1977 1757 2054 praecipue
1778 1985 1877 2053 pasto·

1133 2068 1203 2128 ralis
1231 2068 1435 2130 solicitudinis
1460 2069 1619 2144 vigilantia
1648 2069 1876 2142 incumbimus,

1133 2169 1167 2222 ut
1190 2162 1267 2222 tanti
1289 2169 1321 2222 et
1343 2169 1404 2222 tam
1433 2162 1563 2223 salubris
1596 2161 1734 2238 mysterii
1767 2177 1878 2222 monu-

1133 2261 1247 2327 menta,
1272 2271 1349 2331 quae
1365 2255 1397 2314 in
1413 2255 1536 2315 civitate
1552 2254 1743 2315 Hierusalem
1759 2261 1789 2314 et
1804 2253 1878 2314 locis

1131 2346 1358 2407 circumvicinis
1372 2354 1456 2421 sunt,
1480 2353 1715 2420 conserventur,
1733 2355 1763 2406 et
1779 2345 1876 2420 uruni,

1132 2454 1191 2515 qua
1214 2437 1279 2498 sieri
1302 2445 1427 2516 poterit,
1450 2438 1556 2498 maiori
1580 2438 1815 2500 honorificentia
1831 2453 1877 2498 re·

1132 2530 1284 2592 colantur.

1171 2624 1190 2696 5
1213 2623 1239 2681 l.
1265 2624 1343 2686 Cum
1367 2626 1470 2700 itaque
1485 2623 1557 2684 alias
1579 2623 1658 2685 lelic.
1677 2639 1737 2684 rec.
1755 2623 1877 2684 Urbano
1897 2642 2021 2742 rusufflss
2035 2643 2065 2689 11
2082 2643 2109 2690 tn

1133 2715 1208 2792 Papa
1231 2713 1308 2775 lllll.
1339 2718 1563 2792 praedecessori
1591 2726 1698 2778 nostru
1725 2717 1875 2794 exposito,

1132 2809 1211 2884 quod
1241 2807 1385 2869 eeclesiae
1408 2815 1440 2868 et
1461 2809 1517 2868 alia
1539 2809 1602 2870 loca
1632 2810 1677 2886 pia
1699 2809 1730 2869 in
1753 2810 1877 2870 civitate

1133 2900 1322 2960 Hierusalem
1350 2907 1380 2960 et
1408 2900 1473 2960 aliis
1504 2901 1577 2961 locis
1606 2901 1719 2961 Terrae
1747 2901 1876 2962 Sanctae

1131 2993 1293 3052 existentia
1316 2991 1381 3052 lere
1395 2991 1496 3054 diruta
1510 3003 1611 3067 erant,
1628 3001 1669 3066 et,
1686 3009 1764 3070 quae
1779 2995 1878 3056 adbuc

1133 3085 1173 3145 ibi
1200 3083 1381 3159 existebant,
1405 3087 1591 3146 monasteria
1619 3101 1690 3145 aere
1717 3085 1818 3146 alieno
1840 3087 1878 3148 ob

1133 3175 1258 3252 impiam
1281 3175 1763 3252 1111111111,11111111111·111,11
1784 3177 1879 3238 schis-

1133 3268 1316 3328 maticorum
1340 3271 1547 3344 tyrannidem,
1572 3275 1602 3329 et
1625 3285 1678 3346 pro
1699 3277 1825 3336 sanctae
1844 3271 1877 3330 sx-

1132 3359 1180 3420 dei
1210 3359 1375 3420 catholicae
1407 3361 1439 3422 in
1468 3361 1510 3421 eis
1541 3361 1613 3422 locis
1644 3362 1878 3424 conservatione

1132 3462 1289 3514 contractu
1310 3454 1476 3514 admodum
1492 3463 1613 3528 gravata
1630 3455 1877 3531 reperiebantur,

1134 3547 1211 3607 idem
1229 3545 1370 3606 Urbanus
1385 3547 1598 3624 praedecessor
1613 3547 1807 3622 Patriarcbis,
1824 3546 1879 3608 ilr-

1132 3638 1342 3716 cbiepiscupis,
1354 3637 1509 3715 Episcopis
1520 3647 1551 3698 et
1562 3639 1629 3698 aliis
1645 3638 1782 3700 lucorum
1794 3641 1879 3702 01111-

1133 3731 1238 3804 111111,
1249 3747 1370 3791 necnon
1386 3732 1530 3792 omnibus
1543 3739 1575 3791 et
1589 3731 1720 3808 singulis
1731 3749 1879 3810 quorum-

1132 3823 1179 3882 vis
1194 3824 1357 3898 Ordinem,
1373 3825 1662 3900 congregationum,
1676 3835 1706 3888 et
1722 3813 1879 3888 instituto-

1133 3932 1204 3977 rum
1219 3916 1412 3993 regularium
1435 3916 1630 3992 generalibus
1645 3922 1834 3982 cummiserit
1849 3931 1880 3984 et

1132 4009 1339 4083 mandaverit,
1367 4019 1401 4070 ut
1426 4013 1461 4072 ad
1487 4011 1591 4072 minus
1620 4014 1736 4074 duabus
1762 4015 1879 4076 vicibus

1132 4102 1279 4180 quolibet·
1290 4119 1382 4176 annu,
1399 4104 1558 4165 Adventus
1581 4113 1611 4167 et
1626 4107 1880 4183 Quadragesimae

1134 4195 1333 4271 temporibus,
1348 4203 1410 4256 tam
1423 4212 1477 4273 per
1489 4198 1576 4258 verbi
1594 4201 1644 4261 Dei
1659 4203 1878 4277 praedicatores

1132 4289 1163 4348 in
1186 4289 1249 4348 suis
1263 4290 1354 4349 sacris
1369 4292 1579 4366 concionibus,
1597 4311 1690 4372 quam
1707 4297 1879 4358 111111111-

1133 4381 1187 4440 bus
1203 4391 1233 4442 et
1248 4381 1460 4444 functionibus
1471 4386 1611 4462 publicis,
1624 4391 1818 4452 necessitates
1830 4407 1880 4453 eo-

1132 4477 1276 4536 rumdem
1297 4493 1455 4538 sacrorum
1473 4493 1750 4546 monumentorum
1767 4487 1878 4564 populu

1131 4570 1261 4646 proponi
1274 4573 1521 4634 etcorurnendari
1532 4587 1677 4640 11111111
1690 4590 1719 4641 11
1730 4579 1878 4655 lacerent,

1132 4669 1162 4721 et
1183 4662 1255 4722 alias
1276 4672 1367 4740 prout
1390 4665 1422 4725 iu
1445 4666 1539 4743 ipsius
1566 4669 1680 4732 Urbani
1703 4675 1877 4748 praedeces-

1131 4755 1207 4814 soris
1229 4755 1325 4816 literis
1352 4759 1482 4836 desuper
1508 4761 1540 4822 iu
1566 4763 1660 4824 simili
1683 4765 1779 4827 lorma
1806 4769 1877 4830 Bre-

1132 4847 1178 4906 vis
1199 4847 1248 4907 die
1270 4850 1360 4910 tertia
1382 4849 1529 4913 lebruarii
1552 4871 1728 4918 uuuxxxxv.
1757 4862 1878 4938 expedi·

1133 4941 1181 5014 tis,
1204 4958 1335 5018 quarum
1364 4950 1506 5006 tenorem
1529 4963 1583 5025 pru
1605 4966 1748 5028 expresso
1773 4955 1878 5016 baberi
1925 4933 1931 4946 ¹

1133 5035 1287 5109 volumus,
1310 5037 1435 5098 uberius
1460 5041 1657 5120 continetur3
1673 5055 1715 5120 et,
1732 5046 1877 5125 sicutpro

1132 5135 1217 5204 parte
1234 5129 1338 5190 dilecti
1361 5131 1416 5191 lilii
1436 5132 1613 5194 Emanuelis
1628 5138 1806 5200 uernamtez
1829 5141 1878 5202 del

1132 5221 1199 5295 llio,
1222 5221 1346 5284 lectoris
1370 5225 1503 5300 iubilati,
1532 5231 1727 5291 exsecretarii
1751 5248 1879 5307 genera·

1132 5315 1168 5376 lis
1183 5318 1305 5379 Urvlinis
1330 5317 1461 5378 fratrum
1484 5319 1639 5382 lilinorum
1655 5321 1757 5385 Sancti
1783 5327 1877 5387 Fran-

1131 5409 1201 5470 cisci
1223 5409 1261 5470 de
1282 5409 1481 5473 Observantia
1511 5425 1762 5492 nuncupatorum
1791 5425 1821 5478 et
1844 5419 1875 5480 in

1132 5502 1266 5562 Romana
1283 5503 1374 5564 Curia
1395 5507 1596 5566 commissarii
1617 5515 1649 5568 et
1672 5513 1876 5586 procuratoris

1132 5593 1285 5669 generalis
1300 5595 1547 5672 Terraesanctae,
1564 5599 1651 5660 nobis
1670 5617 1772 5680 nuper
1786 5619 1877 5680 expu-

1131 5687 1226 5747 111111
1241 5686 1312 5760 luit,
1331 5688 1404 5764 ipse,
1421 5705 1481 5766 quo
1494 5691 1644 5768 praelatae
1661 5693 1776 5756 Urbani
1792 5712 1876 5774 prae·

1803 534 1861 598 4ἳῖ
1913 533 2010 586 11110.
2032 535 2099 588 1731
