1290 1819
551 174 583 186 tun.
596 175 641 186 rom.
654 175 674 186 uz
684 174 698 186 P<
711 174 725 186 r.
738 174 779 186 tuns
791 174 801 186 Ι.

333 205 373 220 idem
384 207 399 220 et
410 205 426 220 in
437 208 465 220 nos
479 204 548 224 obsequii
562 204 611 219 vestri
622 204 664 219 testi-

334 232 361 244 um
372 228 471 248 praestitisse,
482 230 529 247 atque
542 227 587 243 nobis
598 227 664 246 misisse,

333 251 421 271 ntelligant,
433 253 478 271 prout
490 251 505 266 in
514 251 579 266 Domino
588 251 635 266 ctiam
643 253 665 266 at-

333 275 376 290 etiam
390 274 489 290 obtestamur.
504 274 551 290 Porro
566 275 605 290 hanc
616 278 664 290 unam

333 298 425 317 letegendae
432 298 501 313 veritatis
508 298 555 317 viam,
563 302 613 313 unum
621 301 664 317 prae-

333 325 347 337 m
358 321 376 337 ad
383 321 496 337 obstruendum
504 326 520 337 os
528 321 627 341 loquentium
635 321 665 336 ini-

336 347 396 360 vosmet
407 344 452 360 facile
462 349 554 364 cognoscere
565 349 597 360 non
605 345 664 360 dubita-

344 372 392 387 quare
402 368 497 388 pontificiam
511 368 613 387 voluntatem,
624 370 664 383 cete-

336 395 346 407 n
357 391 373 407 in
384 395 412 406 vos
422 395 514 411 propensam
526 392 575 410 magis
585 391 664 411 magisque

344 414 441 433 devincietis,
448 415 461 430 si
469 414 560 433 industriae,
568 414 664 434 cogitationi,

333 442 340 453 o
356 438 424 458 (lenique
438 440 490 453 vestro
501 438 533 453 vim
544 438 601 454 addatis
612 441 664 453 exent-

333 465 362 477 nec
372 466 408 477 sane
416 465 495 480 veremur,
504 462 542 482 quin
550 466 584 477 eam
592 466 664 477 reveren-

344 489 391 505 quam
401 485 503 505 suscipientes
513 485 599 505 episcopale
606 489 664 501 munus

340 508 355 524 S.
367 508 402 524 Sedi
413 510 429 524 et
443 509 531 528 apostolicis
544 509 620 524 mandatis
630 512 664 528 spo-

333 532 371 551 istis,
383 533 410 548 bac
421 534 472 547 tamen
488 534 574 552 opportuna
585 532 665 548 occasione

333 556 381 571 caturi
397 555 492 571 luculentius
507 556 557 574 eritis,
568 557 585 571 ut
598 559 636 575 quos
647 555 664 571 ad

333 581 398 594 uentum
413 579 523 598 proferendum
539 583 567 594 vos
582 579 624 594 adire
638 579 665 594 ob-

333 603 388 622 gimus,
400 606 419 618 ex
429 602 469 618 tacto
479 603 527 618 etiam
539 605 591 618 vestro
602 602 665 619 obedire

333 626 375 646 xeptis
388 626 445 641 nostris
459 626 516 641 arctius
529 626 637 646 impellantur;
649 630 665 642 ac

335 661 339 668 ‚
348 649 444 665 venerabiles
454 649 513 668 iratres,
522 649 538 665 in
546 652 639 669 perpetuum
650 654 665 664 a-

333 677 338 688 3
346 673 395 688 nostri
403 673 459 692 pignus
466 673 564 692 apostolicam
571 673 666 689 benedictio-

339 698 437 715 peramanter
447 696 552 716 impertimur.

333 721 367 735 tum
381 719 446 738 Romae.
459 719 498 739 opud
514 719 529 735 S.
542 719 605 735 Mariam
619 720 665 735 Maio-

340 742 370 758 sub
380 742 439 758 annulo
449 743 534 761 Piscatoris.
545 743 570 759 die
581 747 616 758 xiii.
628 743 665 759 maii

333 770 399 785 xxxix„
410 766 507 786 pontificatus
516 766 566 782 nostri
573 771 615 782 anno
622 771 644 782 rx.

451 837 505 853 Xle.

333 884 380 899 irmat
398 884 480 899 decretum
496 884 566 903 capituli
584 884 665 904 qemi-atis

333 907 379 923 *dinis
389 907 499 923 Eremitarum
510 907 566 923 Sancti
574 907 665 927 Anqum‘m'

333 935 340 946 o
357 930 452 950 prohibetur
466 931 516 950 recipi
530 930 595 946 mutatos
606 933 621 946 et
633 935 665 946 me-

333 958 358 969 zos
368 954 396 974 (¹).

388 996 480 1013 otemens
492 996 522 1013 ΡΡ.
535 996 564 1013 ΧΙΙ.

363 1027 382 1044 ad
392 1027 458 1044 futuram
469 1027 491 1044 rei
502 1027 592 1044 memoriam.

333 1072 345 1087 Ι.
359 1072 418 1091 Exponi
429 1072 473 1087 nobis
487 1075 537 1091 nuper
551 1071 587 1087 tecit
600 1071 665 1087 dilectus

343 1096 411 1115 Ignatius
422 1095 484 1114 Fadilla,
496 1095 544 1110 irater
551 1099 623 1115 expresse
631 1099 665 1115 pro-

333 1123 340 1134 s
351 1121 367 1134 et
378 1119 393 1134 in
407 1119 449 1134 sacra
465 1118 542 1137 theologia
558 1118 637 1138 magister,
649 1123 665 1134 ac

333 1142 380 1158 inciae
392 1142 479 1158 Mexicanae
492 1142 553 1158 Ordinis
563 1142 664 1158 eremitarum

333 1165 344 1181 ti
355 1166 438 1184 Augustini
452 1167 550 1185 procurator,
562 1165 602 1185 quod
614 1165 630 1181 in
642 1169 665 1181 ca-

333 1193 341 1204 u
352 1188 421 1208 generali
432 1189 468 1204 dicti
479 1188 541 1204 Ordinis
556 1193 607 1208 nuper
617 1189 633 1204 in
644 1188 666 1204 ci-

333 1216 339 1227 e
350 1212 446 1227 Ariminensi
458 1212 541 1230 celebrato,
553 1212 594 1227 inter
603 1212 631 1227 alia
639 1212 665 1227 de-

344 1240 351 1250 n
363 1235 448 1250 venerabili
459 1235 506 1250 fratre
517 1235 579 1251 Nicolao
591 1235 665 1255 Episcopo

333 1262 350 1273 'to
361 1260 398 1274 tunc
409 1258 445 1274 dicti
456 1258 516 1274 Ordinis
531 1258 605 1277 magistro
619 1262 665 1277 gene-

333 1282 396 1300 :onditay
408 1282 508 1301 approbatum
520 1282 549 1297 tuit
560 1281 598 1297 illud
607 1282 665 1297 tenoris

333 1305 406 1325 zequitur,
418 1305 497 1321 videlicet:

336 1356 352 1367 m
363 1353 461 1371 compertum
471 1352 497 1371 sity
508 1356 589 1368 summum
600 1352 666 1368 dedecus

333 1379 353 1390 ne
364 1375 435 1394 religioni
443 1375 504 1394 inferriy
511 1376 524 1390 si
531 1379 551 1391 ex
559 1375 623 1394 ignobili
631 1375 666 1391 vul-

333 1399 340 1414 tl
355 1398 397 1414 illam
410 1399 521 1417 admittantur,
535 1399 562 1418 qui
577 1399 593 1414 in
604 1399 665 1414 saeculo

334 1422 420 1437 inhonestis
431 1424 447 1437 et
457 1422 544 1441 depravatis
557 1422 626 1437 moribus
640 1423 666 1438 de-

335 1449 361 1461 um
373 1449 473 1461 communem
483 1447 570 1464 merentur,
579 1445 665 1461 cuiusmodi

339 1472 394 1484 omnes
405 1468 428 1483 illi
439 1468 465 1488 qui
476 1468 524 1488 vulgo
535 1468 605 1484 mutatos
612 1471 628 1484 et
635 1473 665 1484 me-

335 1523 354 1533 nx
361 1523 412 1536 nagan.
420 1522 434 1534 in
441 1522 479 1534 Areu.
487 1523 523 1534 Brev.

692 204 743 219 stilos
750 204 854 223 appellantur,
861 204 939 224 nimisque
946 204 1020 220 indecens
1028 205 1068 220 exis?

693 227 758 243 timetur
769 228 809 247 quod
821 227 851 246 isti.
862 228 951 243 animarum
962 228 1036 248 regimini
1044 228 1068 244 in-

692 251 789 270 cumbentes,
800 251 900 271 superiorum
909 252 953 267 sedes
963 255 1038 271 occupare
1047 252 1068 267 si-

694 276 758 289 nantur:
770 274 823 290 stricte
835 275 943 294 praecipimus,
955 275 984 291 sub
994 275 1049 295 poenis
1059 280 1067 291 a

693 297 750 313 nostris
761 298 907 317 constitutionihuS,
919 301 958 318 parti
970 303 994 318 11.y
1006 303 1039 319 cap.
1048 303 1066 318 1,,

693 325 709 336 ιι,
718 325 738 336 iv.
748 323 763 336 et
770 325 812 340 νιιι.,
820 324 874 337 contra
885 322 960 338 inhabiles
968 322 1066 342 recipientes.

693 346 710 359 ut
721 344 758 360 talos
769 344 872 364 imposterum
880 345 898 361 ad
906 345 976 361 habitum
986 346 1067 365 religionis

693 371 725 382 non
740 367 850 387 admittantur3
861 369 875 384 si
885 372 923 384 vero
937 371 990 384 contra
1002 369 1031 384 noc
1042 369 1067 384 de-

693 392 753 406 cretum
764 391 811 411 recipi
819 391 901 411 aliquando
911 392 1000 411 contigerit,
1006 392 1067 407 irritam

693 415 708 429 et
719 414 779 429 nullam
793 414 826 434 ipso
836 415 875 431 iacto
887 415 995 435 receptionem
1005 417 1021 431 et
1032 419 1067 435 pro-

693 436 775 452 fessionem
787 437 820 453 tore
830 438 933 454 declaramus:
947 442 979 454 non
991 439 1033 454 enim
1044 440 1068 454 est

692 460 754 476 animus
764 461 845 480 religionis
856 461 890 477 illos
900 462 983 477 admittere
991 464 1007 477 et
1017 462 1067 477 veluti

693 483 732 499 filios
738 483 800 502 habere,
806 488 845 504 quos
851 485 935 504 respublica
941 485 1023 501 saecularis
1030 487 1068 501 tam-

693 510 740 526 quam
750 507 823 523 infamiae
834 508 870 523 nota
879 508 940 524 affectos
951 508 1044 527 contemnit.
1052 511 1068 524 ot

693 530 713 545 ob
723 530 800 550 propriam
812 531 888 547 vilitatem
899 531 918 547 ab
928 532 982 547 officiis
994 532 1067 547 nonorifi-

693 553 714 568 cis
725 553 798 569 excludit.
810 554 906 574 Quapropter
916 555 990 571 omnihus
1001 555 1016 570 in
1026 555 1068 570 iutu-

693 580 729 592 rum
740 577 831 596 religionem
843 578 936 597 ingressuris
946 580 983 594 ante
993 579 1068 598 receptio-

694 603 730 615 nem
741 600 758 616 ad
770 600 840 617 habitum
851 603 866 617 et
877 601 990 621 professionem
1000 602 1029 618 hoc
1040 606 1067 618 no-

693 625 744 639 strum
760 625 850 640 mandatum
866 625 942 641 notificari
958 626 1066 646 praecipimus.

694 647 770 663 Similiter
775 648 875 667 prohibemus
882 648 931 664 diclos
936 649 1007 664 mutato:
1014 651 1030 665 et
1037 653 1068 665 me-

693 670 743 685 nizo«
756 671 775 690 (si
786 671 813 691 qui
824 671 840 687 in
851 671 890 687 dicta
904 672 982 691 provincia
993 672 1024 688 iarn
1034 673 1067 689 lue-

694 693 726 709 rint
736 694 805 714 admissi)
815 695 887 715 deinceps
897 695 915 711 ad
926 695 974 711 officia
985 700 1021 712 cum
1031 696 1068 712 cura

694 717 781 733 animarum
795 718 860 737 assumi.
872 719 900 734 suh
915 719 969 739 poenis
982 719 1015 739 ipso
1028 719 1067 735 tacto

694 741 792 757 incurrendis
803 742 880 758 nullimtis
890 742 972 758 electionis
979 745 1006 759 aut
1017 744 1067 759 nomi-

694 765 767 784 nationis,
778 767 799 784 εἰ,
811 766 861 785 quoad
872 765 947 785 eligentes
958 768 974 782 et
985 767 1068 783 nominan-

694 790 722 807 tes,
729 788 820 808 privationis
827 789 869 804 vocis
876 789 934 805 activae
941 792 957 805 et
965 790 1033 809 passivae
1040 794 1068 810 per

693 811 794 831 decennium,
802 812 843 832 quod
851 812 889 828 olim
899 813 985 833 respective
993 813 1011 829 ad
1019 814 1068 829 dictos

694 834 760 850 mulatos
770 837 870 855 praeceptum
883 836 912 852 ruit
922 840 930 851 a
941 838 995 852 nostro
1006 837 1069 856 praed&

693 862 753 874 cessure
760 858 844 878 Fulgentio
853 859 942 875 Travalloni
953 860 969 875 iu
977 860 1009 875 suis
1016 860 1067 876 decre-

694 881 713 897 tis
723 885 764 897 anno
776 886 888 898 nocnxxxvnr
900 887 927 903 pro
938 883 978 899 clieta
988 884 1067 903 provincia

693 905 774 925 expeditis.

713 952 722 971 ἓ
732 953 747 969 2.
760 953 800 969 Cum
811 955 870 973 autem,
880 953 921 969 sicut
933 954 983 970 dictus
998 954 1067 974 ignatius

694 976 737 991 nobis
747 976 813 992 subinde
823 977 879 997 exponi
888 977 929 996 iecit,
941 978 979 997 ipse,
987 978 1067 994 decretum

693 999 788 1018 huiusmodi,
800 1004 831 1019 quo
838 1000 899 1016 firmius
909 1001 982 1017 subsistat
990 1003 1005 1017 et
1015 1005 1067 1017 serve-

694 1024 719 1037 tur
729 1023 802 1041 exactius,
811 1024 902 1043 apostolicae
909 1024 1031 1040 confirmationis
1039 1028 1066 1040 no-

693 1047 734 1061 strae
743 1046 829 1065 patrocinio
834 1047 929 1063 oemmuniri
935 1052 1035 1068 summopere
1042 1047 1067 1063 de-

692 1069 757 1085 sideret:

713 1093 744 1112 53.
751 1093 787 1112 Nos,
793 1093 842 1113 ipsum
847 1094 924 1113 ignatium
930 1095 1021 1114 specialibus
1026 1095 1067 1111 favo—

693 1116 736 1132 ribus
743 1119 759 1132 et
766 1117 820 1136 gratiis
827 1118 899 1138 prosequi
911 1118 987 1138 volentes,
995 1121 1011 1134 et
1018 1124 1025 1134 a
1034 1120 1068 1139 qui-

693 1140 746 1155 onsvis
757 1141 926 1161 excommunicationis.
937 1142 1043 1162 suspensionis
1052 1145 1068 1158 et

694 1163 777 1182 interdicti,
789 1163 853 1184 aliisque
864 1165 970 1181 ecclesiasticis
979 1166 1067 1185 sententiis,

693 1187 762 1202 censuris
773 1189 788 1202 et
799 1187 858 1207 poenis,
869 1192 876 1203 a
887 1188 921 1204 iure
932 1189 958 1204 vel
968 1189 987 1205 ab
997 1189 1066 1208 homine.

693 1210 747 1229 quavis
757 1211 836 1226 occasione
849 1212 874 1227 vel
884 1212 929 1227 causa
939 1212 979 1231 latis,
987 1213 1000 1228 si
1011 1213 1068 1232 quihus

693 1234 808 1253 quomodolibet
816 1235 898 1250 innodatus
905 1235 963 1254 existit.
969 1236 987 1251 ad
994 1236 1067 1252 effectum

693 1257 799 1276 praesentium
810 1257 889 1273 dumtaxat
899 1259 1032 1278 consequendum,
1041 1259 1068 1274 ha-

694 1284 730 1296 rum
740 1281 780 1296 serie
792 1281 890 1297 absolventes
904 1283 919 1297 et
932 1282 1021 1298 absolutum
1035 1282 1068 1298 tore

693 1306 783 1323 censentes.
801 1305 939 1324 supplicationibus
955 1306 988 1321 eius
1004 1305 1068 1321 nomine

694 1327 738 1343 nobis
749 1332 795 1348 super
807 1328 836 1344 boc
846 1328 927 1344 humiliter
938 1329 1012 1348 porrectis
1023 1329 1067 1345 incli-

694 1351 734 1369 nati,
749 1351 829 1367 decretum
847 1353 971 1371 pmeinsertum,
985 1357 1001 1368 :te
1015 1353 1067 1368 omnia

694 1376 709 1389 ct
719 1374 781 1393 singula
792 1374 808 1390 in
819 1379 838 1390 eo
848 1377 927 1394 contenta,
938 1380 946 1390 a
957 1376 1035 1395 praedicto
1042 1376 1068 1391 Ni—

694 1397 736 1413 cotan
751 1398 825 1418 Episcopo
836 1401 852 1413 et
863 1399 937 1417 magistro
952 1399 1021 1418 generali
1031 1403 1067 1415 con-

694 1421 733 1439 dita,
744 1423 760 1437 et
770 1426 778 1436 a
789 1422 856 1441 capitulo
872 1422 941 1441 generali
955 1422 1032 1442 praedicto
1043 1426 1068 1442 ap-

693 1444 762 1464 probata,
771 1445 862 1460 auctoritate
869 1445 955 1465 apostolica,
964 1447 1018 1461 tenore
1025 1449 1068 1465 prae-

694 1468 771 1487 sentium,
783 1468 885 1488 approbamus
894 1470 910 1484 et
921 1469 1038 1488 continuamus,
1050 1469 1067 1484 il—

1082 170 1110 184 Διι.
1117 171 1134 184 C.
1145 171 1182 184 173⁹

1107 957 1188 973 rroeumqr

1076 970 1187 1000 creissac

1076 997 1149 1013 «tuentum,
1152 999 1186 1012 patu

1076 1011 1154 1022 murtrum-1.

1077 1101 1186 1127 „cant-2³⁰¹*
