4866 6980
346 568 399 624 An.
414 572 444 625 G.
466 573 533 626 1679

349 3803 383 3845 be
399 3799 541 3846 lectoribus.

564 705 662 784 poeni
677 707 875 769 inhabilitatis
889 705 926 769 ad
937 709 1087 771 recensita
1102 707 1210 782 officia,
1224 723 1307 786 prae·

563 799 657 861 dictes
679 817 785 864 cursus
806 800 840 862 in
861 801 1018 880 provincial
1039 802 1122 877 Quiti
1153 801 1309 880 complere

563 899 738 956 teneantur.
763 895 801 956 Et
828 894 864 956 ad
892 895 1048 958 vitandam
1077 911 1204 958 omnem
1232 896 1308 956 irre·

564 985 733 1061 gularitatis
754 989 962 1067 suspicionem
983 989 1015 1051 in
1036 989 1128 1052 sacris
1149 987 1308 1050 ordinibus

562 1079 773 1156 suscipiendis,
795 1082 999 1160 praecipimus
1020 1088 1050 1144 et
1066 1081 1248 1144 mandamus
1263 1097 1309 1142 re-

564 1177 701 1238 verendo
723 1177 903 1255 provinciali
917 1193 972 1240 seu
987 1179 1099 1240 rectori
1114 1177 1307 1257 provinciali,

564 1285 686 1332 necnon
708 1270 894 1350 cuicumque
921 1271 1096 1334 delinitorio
1117 1271 1210 1334 etiam
1231 1270 1310 1348 capi-

566 1363 622 1424 tuli
643 1364 840 1441 provincialis
871 1365 1009 1428 eiusdem
1041 1365 1217 1443 provinciae
1237 1364 1308 1440 Qui-

564 1455 659 1517 tensis
680 1473 764 1520 nune
786 1465 816 1519 et
837 1475 892 1538 pro
921 1467 1060 1537 tempore
1090 1459 1306 1532 existentibus

563 1550 621 1610 sub
641 1551 748 1628 poenis
769 1552 949 1628 privationis
971 1552 1133 1629 utriusque
1154 1551 1239 1614 vocis
1254 1566 1308 1629 per

564 1643 762 1718 decennium,
778 1654 824 1718 ut,
837 1646 871 1707 ad
887 1661 1018 1707 canones
1033 1644 1214 1706 sacrosancti
1229 1644 1307 1707 Gon-

564 1736 626 1798 cilii
648 1738 835 1813 Tridentini,
858 1740 1008 1817 religiosis
1036 1739 1161 1801 alterius
1183 1739 1309 1816 provin-

564 1830 638 1906 ciae,
657 1831 752 1894 etiam
773 1849 845 1895 cum
860 1832 981 1904 licentia
994 1849 1123 1896 suorum
1139 1833 1308 1911 provincia·

564 1924 643 1987 lium
669 1927 704 1988 ad
738 1927 826 1988 istam
858 1927 1038 2002 Quitensem
1071 1927 1307 2000 divertentibus,

564 2017 651 2079 nullo
682 2018 774 2080 modo
801 2019 987 2082 dimissorias
1008 2022 1044 2083 nd
1065 2021 1189 2082 ordines
1209 2035 1308 2081 saeros

562 2111 781 2190 suscipiendos,
804 2113 924 2176 etiamsi
946 2113 978 2174 in
994 2115 1037 2175 eis
1052 2115 1165 2177 initiati
1179 2114 1307 2188 fuerint,

562 2203 600 2266 de
621 2214 723 2267 cetero
751 2205 936 2284 concedant;
968 2224 1040 2270 cum
1066 2207 1243 2270 huiusmodi
1265 2206 1310 2268 di·

562 2297 721 2360 missoriae
742 2316 757 2358 a
779 2299 910 2378 propriis
932 2309 962 2362 et
983 2317 1046 2362 non
1066 2301 1103 2362 ab
1116 2300 1225 2362 alienis
1240 2315 1309 2378 prc-

562 2391 744 2454 vinoialibus
766 2392 977 2455 concedendae
1001 2401 1086 2455 sunt.
1110 2395 1310 2454 Animarum·

562 2500 623 2562 que
650 2493 808 2563 praeterea
838 2485 931 2548 saluti
962 2487 1168 2562 consulentes,
1191 2487 1230 2548 ob
1252 2487 1308 2548 im-

562 2592 687 2639 manem
708 2584 808 2639 terrae
829 2579 985 2658 marisque
1005 2580 1181 2642 distantiam
1202 2580 1238 2642 ab
1253 2581 1308 2642 hac

561 2669 698 2731 flomanai
720 2669 822 2745 Curii,
844 2671 979 2748 benigne
1010 2673 1208 2735 concedimus
1229 2673 1308 2750 patri

562 2763 743 2841 provinciali
763 2781 818 2826 seu
839 2767 952 2827 rectori
980 2765 1161 2844 provinciali
1182 2774 1213 2828 et
1234 2766 1307 2828 deli-

563 2857 830 2920 nitoribusetiam
851 2859 977 2937 capituli
1005 2859 1116 2936 privati
1137 2861 1308 2938 praedictae

563 2950 738 3029 provinciae
757 2951 923 3028 Quitensis
947 2968 1031 3016 nunc
1052 2961 1083 3014 et
1097 2969 1153 3031 pro
1168 2961 1308 3033 tempore

562 3043 776 3118 existentibus,
801 3053 836 3108 ut
857 3045 1015 3122 religiosos
1046 3063 1117 3108 suos
1148 3055 1306 3126 apostatas,

563 3137 683 3198 etiamsi
703 3155 719 3198 a
740 3138 840 3199 multo
868 3145 1007 3217 tempore
1028 3146 1059 3200 et
1080 3140 1161 3202 ultra
1189 3157 1307 3202 annum

562 3237 767 3306 aconventu,
790 3231 840 3294 vel
867 3231 962 3293 etiam
983 3251 999 3293 a
1020 3233 1188 3311 provincial,
1212 3235 1308 3295 immo

562 3331 593 3385 et
614 3341 631 3385 a
652 3323 814 3401 religione,
845 3341 908 3387 non
937 3335 1040 3388 tamen
1062 3343 1078 3386 a
1099 3328 1170 3401 fide,
1193 3336 1308 3407 aposta·

564 3419 708 3493 laverint,
731 3419 868 3497 recipere
896 3421 1024 3498 possint,
1046 3422 1175 3482 servatis
1204 3429 1307 3484 tamen

562 3515 662 3592 quoad
672 3521 773 3576 cetera
788 3514 1036 3592 dispositionibus
1051 3523 1227 3578 nostrarum
1237 3532 1307 3578 con-

562 3607 774 3683 stitutionum,
790 3614 867 3686 part.
884 3625 941 3683 v1.,
957 3623 1020 3686 cap.
1039 3625 1119 3683 ιιι,
1136 3610 1174 3670 de
1192 3617 1309 3688 aposta-

564 3702 602 3763 tis
624 3703 816 3780 recipiendis.

604 3813 702 3858 ιινιι.
726 3796 766 3857 Ut
787 3795 927 3858 debitum
945 3796 1119 3858 studiorum
1135 3797 1308 3875 praemium

563 3890 762 3952 benemeritis
783 3889 983 3964 retribuatur,
1006 3889 1211 3968 praecipimus
1226 3892 1308 3969 quod

562 3983 594 4044 in
618 3983 763 4045 lectorem
785 3982 900 4044 artium
921 3983 1027 4044 nullus
1049 3985 1086 4044 de
1106 3991 1210 4044 cetero
1224 4001 1308 4045 assu-

562 4083 675 4151 matur,
698 4077 758 4137 nisi
778 4077 874 4155 prius,
890 4093 945 4153 ρει·
968 4077 1127 4153 integrum
1143 4077 1308 4138 biennium

561 4171 674 4232 artium
701 4171 736 4232 ad
770 4170 884 4244 minus,
916 4177 948 4230 et
980 4186 1034 4248 per
1065 4170 1308 4247 quadriennium

562 4263 734 4338 theologiae
763 4263 958 4324 scholasticae
989 4264 1129 4326 cursibus
1160 4265 1307 4342 peractis,

561 4355 720 4434 praevium
742 4355 917 4432 rigorosum
931 4373 1060 4418 examen
1076 4373 1130 4436 per
1145 4357 1308 4436 oppositio-

562 4465 634 4509 nem
656 4448 796 4510 leotionis
817 4449 1065 4527 vigintiquatuor
1089 4450 1239 4512 horarum
1259 4467 1307 4513 co-

563 4557 627 4601 ram
648 4549 735 4618 patre
756 4541 946 4619 provinciali,
972 4543 1131 4620 superiore
1152 4545 1308 4606 ordinario

561 4641 749 4708 conventus,
779 4635 931 4710 magistris
953 4653 969 4696 a
991 4637 1146 4714 provincial
1174 4645 1308 4716 accepta·

564 4728 612 4801 tis,
635 4728 808 4789 studiorum
830 4735 970 4804 regente,
991 4729 1155 4791 lectoribus
1179 4739 1240 4792 tam
1261 4749 1308 4792 ac-

563 4821 696 4882 tualibus
716 4837 808 4899 quam
831 4821 975 4896 iubilatis,
998 4831 1028 4884 et
1048 4824 1224 4884 studiorum
1246 4842 1308 4886 ma-

563 4915 659 4991 gistro
679 4915 796 4990 subeat,
820 4933 863 4989 ac,
886 4917 1078 4992 argumentis
1099 4918 1269 4994 satisfactis,
1292 4936 1308 4980 a

562 5009 671 5069 maiori
692 5015 778 5085 parte
799 5009 1023 5088 praediqtorum
1039 5017 1161 5087 patruni
1178 5027 1232 5089 ρει·
1246 5013 1309 5074 suf-

563 5101 657 5177 fragia
678 5111 793 5164 secreta
816 5103 999 5181 approbatus
1020 5102 1130 5164 fuerit:
1156 5105 1238 5166 inter
1258 5122 1310 5184 ap-

564 5195 704 5272 probatos
725 5212 799 5256 vero
820 5196 930 5258 ceteris
949 5197 1163 5274 praestantior,
1179 5214 1234 5274 pro
1249 5199 1309 5276 pri-

563 5305 614 5349 mo
636 5289 751 5351 artium
773 5306 865 5351 cursu
882 5290 1011 5365 legendo
1027 5291 1210 5368 deputetur;
1227 5293 1309 5368 quod

561 5381 588 5441 si
609 5381 750 5460 aequales
771 5383 804 5444 in
835 5382 974 5444 doctrind
1005 5391 1201 5461 censeantur,
1230 5386 1309 5446 anti-

562 5475 652 5552 quior
674 5475 705 5536 in
727 5475 836 5537 studiis
857 5475 1058 5552 scholasticis3
1082 5483 1112 5537 et
1135 5479 1201 5540 dati
1223 5477 1309 5540 iniis

563 5569 757 5646 aequalitate,
788 5568 944 5646 antiquior
972 5571 1004 5631 in
1026 5559 1215 5648 professione
1242 5573 1309 5634 aliis

564 5661 767 5739 praeferatur:
792 5663 827 5723 ad
850 5661 1015 5726 lectoratus
1038 5664 1144 5726 itidem
1161 5666 1308 5742 theologi-

563 5769 614 5814 cos
636 5753 717 5815 inter
739 5755 853 5817 artium
874 5755 1004 5817 lectores
1025 5756 1078 5818 ille
1105 5757 1206 5836 primo
1227 5775 1309 5821 assu·

564 5856 667 5909 matur
688 5848 741 5926 qui
769 5849 922 5927 antiquior
943 5859 989 5910 est
1016 5850 1048 5912 in
1072 5850 1204 5913 lectione
1224 5853 1309 5915 scho-

564 5939 682 6020 lastici3
699 5942 731 6004 in
746 5943 844 6020 quasi
859 5958 946 6020 pares
960 5943 1033 6019 sint,
1046 5944 1099 6022 qui
1114 5944 1198 6022 prius
1214 5944 1310 6010 lector

1082 591 1147 636 ibit.
1171 591 1262 636 honr.
1287 591 1327 636 hit
1348 591 1377 636 P·
1401 591 1430 637 F·
1455 592 1537 637 PARS
1559 591 1580 634 1.

1363 707 1457 771 fuerit
1478 709 1655 784 institutus;
1678 718 1709 769 et
1730 709 1755 770 si
1777 709 1918 788 aequales
1939 710 1971 774 in
1987 710 2110 774 institu-

1366 804 1449 865 tione
1481 803 1693 876 inveniantur,
1716 803 1791 864 ordo
1821 810 1965 866 servetur
1995 804 2109 884 proles-

1363 895 1475 958 sionis:
1500 896 1529 958 ei
1551 911 1637 971 vero,
1653 897 1707 974 qui
1728 896 1853 958 inverso
1868 897 1977 959 ordine
1991 914 2007 958 a
2022 897 2110 960 uobis

1364 989 1549 1068 praescripto
1569 989 1606 1050 ad
1634 987 1756 1050 lectoris
1788 1005 1904 1052 munus
1935 998 2110 1070 assumptus

1363 1080 1469 1156 fuerit,
1502 1097 1602 1143 annus
1633 1081 1684 1144 vel
1715 1082 1801 1156 anni,
1824 1081 1936 1160 quibus
1957 1091 2038 1144 artes
2059 1083 2109 1144 vel

1364 1174 1551 1250 theologiam
1571 1181 1624 1236 aut
1646 1182 1811 1252 utramque
1831 1175 2007 1238 facultatem
2024 1175 2111 1254 lege-

1363 1267 1403 1328 rit
1424 1283 1479 1330 seu
1501 1268 1649 1342 docuerit,
1667 1267 1755 1329 nullo
1771 1269 1861 1329 modo
1876 1275 2108 1346 computentur,

1364 1376 1466 1438 neque
1496 1361 1667 1438 computari
1699 1361 1826 1438 possint,
1855 1378 1911 1439 pro
1932 1363 2110 1438 magisterio

1362 1453 1543 1516 obtinendo.

1405 1562 1518 1608 ιιιιιι.
1542 1548 1645 1610 Patres
1667 1549 1846 1624 definitorii‚
1868 1551 1962 1612 etiam
1984 1550 2109 1628 capituli

1364 1641 1570 1719 provincialis,
1598 1642 1656 1703 sub
1686 1643 1783 1720 poeni
1815 1643 1995 1721 privationis
2027 1645 2110 1706 vocis

1363 1733 1477 1795 activae
1499 1741 1530 1796 et
1551 1735 1686 1812 passivae
1706 1749 1761 1812 per
1776 1735 2030 1814 quinquennium
2044 1737 2110 1816 ipso

1363 1825 1441 1890 lacto
1462 1827 1658 1902 incurrendi,
1682 1828 1770 1890 nullo
1797 1831 1944 1892 modoad
1967 1831 2111 1908 magiste-

1363 1920 1447 1982 rium
1468 1921 1562 1982 etiam
1572 1937 1638 1998 ¹pro
1654 1922 1754 1999 primo
1770 1922 1835 1984 loco
1850 1929 1993 1986 vacaturo
2007 1931 2110 2002 postu·

1364 2013 1430 2074 lent
1452 2013 1502 2075 vel
1523 2022 1678 2092 exponant
1691 2029 1776 2090 eum,
1793 2017 1846 2094 qui
1861 2031 1915 2094 per
1930 2023 1998 2079 octo
2012 2034 2110 2080 annos

1363 2107 1477 2170 artium
1499 2115 1530 2169 et
1553 2108 1724 2185 theologiae
1744 2126 1853 2171 cursus
1870 2111 2008 2174 docendo
2023 2117 2053 2172 et
2068 2111 2110 2174 le-

1364 2203 1464 2277 gendo
1486 2201 1571 2280 prius
1592 2217 1656 2263 non
1670 2201 1888 2280 compleverit:
1905 2220 2007 2283 neque
2024 2221 2111 2267 eum·

1363 2293 1434 2356 dem
1455 2294 1505 2355 vel
1525 2295 1622 2356 alium
1643 2311 1873 2374 quemcumque
1894 2312 1949 2374 pro
1964 2299 2110 2374 magistro

1364 2387 1458 2448 etiam
1479 2389 1617 2466 primum
1639 2389 1742 2451 focum
1759 2397 1938 2452 vacaturum
1953 2399 2111 2470 acceptent

1362 2498 1417 2544 seu
1439 2482 1599 2560 recipiant,
1623 2482 1693 2558 uisi,
1715 2483 1869 2561 praedicto
1890 2491 2031 2563 temporo
2050 2485 2112 2549 lec-

1366 2573 1460 2634 toriae
1480 2574 1646 2652 completo‚
1676 2575 1793 2636 litteras
1824 2576 1988 2653 originales
2015 2579 2111 2655 magi·

1362 2667 1447 2728 sterii
1463 2683 1566 2730 coram
1580 2669 1757 2730 definitorio
1772 2670 1962 2733 exhibuerit:
1977 2673 2013 2734 ad
2025 2689 2110 2750 prae-

1363 2767 1539 2824 sentaturae
1560 2777 1635 2824 vero
1657 2764 1799 2840 gradum,
1815 2765 1873 2826 sub
1894 2763 1999 2827 eidem
2015 2769 2111 2844 poenai

1363 2856 1555 2934 privationis,
1590 2857 1752 2919 neminem
1783 2857 1952 2936 postulent,
1981 2868 2034 2922 aut
2056 2877 2110 2940 pro

1363 2955 1556 3027 praesentato
1587 2957 1745 3029 acceptent
1775 2967 1830 3013 seu
1852 2951 2014 3031 recipiant,
2037 2955 2109 3028 nisi,

2140 567 2193 620 An.
2209 569 2239 622 d.
2264 567 2343 620 1679

2161 1547 2196 1590 lte
2210 1543 2354 1600 magistris

2128 1597 2353 1656 etpraesentatis

1363 3042 1502 3104 cursibus
1523 3042 1740 3122 philosophicis
1759 3053 1789 3106 et
1805 3045 1995 3122 theologicis,
2012 3055 2047 3108 ut
2060 3065 2110 3109 su·
2164 3078 2169 3086 ·

1363 3151 1415 3213 pra
1437 3135 1469 3197 in
1491 3136 1613 3198 decreto
1642 3137 1699 3199 sub
1730 3152 1818 3198 num.
1844 3152 1945 3214 xxva,
1969 3138 2130 3217 expletis,-

1363 3245 1417 3289 sen
1447 3228 1537 3290 ferias
1568 3229 1857 3307 quadragesimales,
1881 3236 1915 3294 ut
1937 3237 2058 3306 vocant,
2080 3239 2111 3294 et

1362 3323 1435 3384 alios
1457 3323 1655 3403 particulares
1686 3339 1845 3386 sermones
1877 3325 2109 3402 praedicaverit,

1363 3417 1541 3496 litterasque
1570 3425 1820 3496 praesentaturos
1841 3426 1913 3481 ante
1933 3421 2111 3497 acceptatio-

1364 3527 1437 3575 nem
1457 3529 1512 3574 seu
1526 3512 1736 3590 receptionem
1750 3521 1854 3573 coram
1868 3512 2044 3574 definitorio
2059 3530 2110 3573 ει-

1363 3607 1498 3670 hibuerit
1520 3605 1700 3683 originales:
1732 3606 1857 3668 irritum
1878 3613 1909 3668 et
1930 3607 2025 3668 inane
2046 3607 2110 3685 ipso

1361 3701 1440 3762 lacto
1461 3709 1492 3762 et
1513 3700 1628 3778 absque
1649 3699 1706 3760 alii
1720 3699 1927 3762 declaratione
1941 3699 2109 3764 decernen-

1364 3802 1418 3867 tes,
1441 3794 1467 3854 si
1486 3809 1573 3855 secus
1601 3792 1761 3870 superbis
1789 3793 1900 3870 quovis
1929 3796 2020 3856 modo
2042 3794 2109 3856 fieri

1362 3887 1413 3948 vel
1432 3888 1578 3948 attentari
1600 3886 1777 3962 contigerit.

1402 3995 1490 4040 ιιιι.
1509 3979 1555 4041 dd
1569 3979 1750 4056 extirpanda
1765 3979 1909 4041 radicitus
1925 3980 2028 4043 litium
2040 3997 2109 4058 ger·
2141 3999 2176 4042 ne
2193 3997 2349 4053 praecauen-

1363 4074 1445 4134 mina
1467 4089 1544 4150 quae
1565 4073 1644 4134 circa
1663 4073 1891 4150 praecedentiae
1906 4073 1980 4136 oriri
1994 4075 2107 4149 solent,

1361 4167 1553 4229 declaramus
1574 4165 1654 4246 quod
1676 4167 1914 4244 exprovincielis
1934 4175 1966 4230 et
1985 4184 2110 4246 exprae-

1361 4261 1465 4322 sidens
1494 4267 1558 4322 toto
1589 4259 1640 4320 illo
1672 4259 1887 4336 quadriennio,
1910 4278 1972 4338 quo
2000 4261 2109 4322 imme-

1361 4352 1441 4414 diate
1462 4353 1591 4414 absoluti
1618 4359 1692 4414 sunt
1719 4352 1782 4413 suis
1804 4352 1840 4413 ab
1862 4353 1968 4416 ciliciis
1991 4371 2109 4431 respec-

1363 4446 1437 4520 tive,
1452 4461 1524 4508 cum
1539 4446 1640 4508 adbuc
1653 4448 1690 4507 de
1705 4461 1832 4523 corpore
1847 4446 2018 4509 ‹lebnitorii
2033 4448 2107 4522 sint,

1362 4537 1507 4600 ounrdem
1538 4539 1639 4600 locum
1670 4539 1783 4616 ubique
1811 4549 1842 4600 et
1863 4541 2109 4618 praecedentiam

1363 4634 1487 4708 habent,
1515 4649 1606 4711 quam
1640 4633 1751 4694 habent
1786 4635 1864 4696 intra
1895 4633 2109 4698 delinitorium

1361 4727 1611 4804 congregationis
1633 4727 1834 4788 intermediae
1851 4746 1888 4789 ει
1904 4729 2109 4791 declaratione

1362 4821 1613 4884 reverendissimi
1625 4821 1842 4884 Lanlr·ancoriii
1852 4839 1908 4901 pro
1923 4825 2028 4884 eaidenl
2040 4841 2110 4902 pro-

1362 4917 1463 4978 vincial
1483 4916 1634 4990 emanata,
1659 4917 1688 4975 in
1712 4917 1808 4994 eaque
1830 4932 1887 4976 usu
1910 4917 2042 4994 recepti,
2058 4919 2107 4978 do-

1362 5011 1511 5072 clarantes
1534 5017 1649 5083 tamon,
1666 5012 1758 5086 quod,
1776 5017 1927 5072 transacto
1944 5011 2110 5088 quadrien·

1363 5104 1426 5177 nio,
1449 5104 1481 5164 in
1503 5119 1564 5180 quo
1595 5112 1670 5164 sunt
1701 5103 1878 5164 immediate
1908 5104 2049 5180 absoluti,
2072 5105 2109 5166 ad

1363 5197 1607 5274 praecedentiam
1626 5203 1656 5256 et
1679 5197 1780 5258 locum
1795 5213 1832 5257 ει
1848 5197 2109 5261 constitutionum

1364 5297 1440 5367 part.
1465 5307 1526 5366 ιιι.,
1550 5308 1612 5370 cap.
1639 5307 1704 5351 ιιι.
1729 5291 1845 5353 eisdem
1876 5291 1947 5352 aliis
1969 5293 2108 5355 debitum

1363 5385 1468 5446 reduci
1501 5392 1678 5460 teneantur,
1702 5393 1805 5463 prout,
1833 5384 1891 5446 sub
1919 5387 2026 5463 poenis
2048 5387 2109 5464 pri-

1363 5478 1494 5540 vationis
1527 5481 1608 5540 vocis
1630 5486 1660 5540 et
1683 5479 1740 5540 loci
1771 5495 1826 5555 per
1856 5479 2109 5558 quinquennium

1363 5573 1428 5650 ipso
1448 5572 1535 5634 facto.
1555 5572 1760 5646 incurrendis,
1785 5573 1988 5650 praecipimus
2010 5575 2111 5635 omni-

1363 5667 1418 5728 bus
1439 5675 1470 5728 et
1491 5667 1622 5743 singulis
1643 5666 1820 5727 huiusmodi
1843 5667 1992 5743 patribus,
2016 5669 2109 5730 etiam

1362 5760 1478 5838 eisqui
1507 5767 1579 5820 anto
1612 5759 1703 5820 huius
1734 5759 1849 5820 decreti
1880 5761 2109 5823 emanationem

1363 5855 1403 5914 ita
1424 5853 1553 5915 absoluti
1576 5855 1761 5926 extiterunt,
1785 5859 1820 5913 ut
1841 5869 1913 5915 cum
1935 5853 2046 5916 effectu
2062 5873 2108 5917 re·

1362 5948 1528 6023 ducantur:
1553 5962 1616 6007 non
1647 5945 1840 6008 obstantibus
1861 5947 2109 6028 quibuscumque

2128 4051 2178 4096 tiis.
