4844 6990
340 574 395 632 An.
410 576 440 632 O.
462 570 531 632 1735
581 561 638 644 460

559 737 631 784 rum
653 717 825 792 commodo,
841 717 970 796 paterni
991 715 1117 780 caritate
1132 733 1165 778 ac
1180 716 1306 795 provida

559 814 709 894 pontificii
742 812 840 874 nostri
867 811 992 872 solertia
1021 811 1117 886 magis
1146 810 1306 888 magisque

559 909 591 968 in
614 907 677 968 dies
698 905 862 968 consulere
883 903 1035 978 volentes,
1052 913 1082 966 et
1096 905 1304 976 attendentes

560 1001 641 1077 quod
664 999 865 1074 italo-graeci
892 997 1017 1060 illarum
1042 997 1197 1084 partium,
1220 1003 1251 1057 et
1274 997 1305 1056 iu

556 1091 754 1166 ilossanensi,
769 1087 959 1164 Cassauensi,
976 1090 1181 1152 bisinianensi
1198 1097 1228 1151 et
1243 1089 1305 1150 llu-

560 1186 714 1261 glouensi,
738 1186 865 1264 aliisque
894 1185 1055 1262 utriusque
1078 1183 1198 1246 Siciliae
1225 1181 1305 1243 ultra

560 1287 591 1339 et
611 1286 699 1339 extra
720 1279 854 1340 Pharum
877 1277 967 1354 regni
985 1277 1175 1356 dioecesibus
1190 1275 1307 1350 degen-

561 1377 624 1445 tes,
653 1387 816 1449 sacrosque
842 1369 968 1431 ordines
995 1368 1149 1447 suscipere
1176 1375 1207 1428 et
1228 1368 1306 1428 ritus

560 1465 714 1528 addiscere
731 1465 898 1538 inhiantes,-
909 1479 964 1541 pro
980 1463 1068 1525 dictis
1081 1461 1242 1522 ordinibus
1257 1477 1308 1522 su-

560 1557 724 1636 scipiendis
746 1557 920 1635 ritibusque
942 1555 1102 1633 praedictis
1116 1554 1306 1616 addiscendis

560 1651 597 1712 ad
618 1649 732 1712 Urbem
755 1659 892 1715 nostram
914 1648 1057 1712 accedere
1079 1654 1253 1724 coguntur,
1276 1653 1307 1708 et

560 1757 617 1802 nos
639 1742 712 1804 dum
737 1741 948 1804 cardinalatus
960 1742 1078 1802 bonore
1100 1739 1305 1816 fulgeremus,

562 1841 592 1896 et
614 1835 744 1910 Collegit
766 1835 951 1898 Graecorum
966 1836 1002 1897 de
1018 1833 1101 1896 Urbe
1123 1832 1307 1912 protectoris

561 1943 697 1989 munere
730 1927 952 2004 fungeremur,
986 1929 1117 1989 iuvenes
1150 1944 1187 1990 ex
1219 1925 1307 1987 dictis

561 2021 751 2084 dioecesibus
767 2039 822 2100 pro
838 2023 996 2084 ordinibus
1018 2021 1194 2084 huiusmodi
1214 2019 1307 2082 susci-

561 2116 682 2194 piendis
694 2117 731 2178 ab
742 2133 850 2177 eorum
867 2117 1038 2195 respective
1055 2116 1150 2194 patria
1161 2131 1225 2176 non
1241 2114 1308 2175 sine

561 2210 643 2284 duri,
666 2209 809 2286 longaevi
831 2215 861 2271 et
888 2209 1050 2288 periculosi
1077 2209 1200 2271 itineris
1226 2207 1306 2268 lasti-

559 2302 611 2363 dio
641 2310 888 2382 sumptuumque
919 2303 1079 2382 dispendio
1109 2303 1305 2374 accedentes,

560 2403 655 2473 prout
675 2398 818 2458 accedere
839 2404 996 2472 coguntur
1015 2397 1051 2458 de
1072 2396 1238 2474 praesenti,
1261 2393 1306 2453 ri-

559 2487 718 2564 debamus,
736 2498 766 2552 et
781 2490 888 2551 defixis
909 2505 1133 2568 saepenumero
1148 2505 1240 2566 super
1255 2503 1306 2548 eos

559 2583 597 2643 ab
617 2583 739 2644 itineris
755 2584 931 2647 huiusmodi
952 2584 1111 2648 aerumnis
1125 2581 1306 2660 defatigatos

559 2685 683 2740 nostrae
705 2677 912 2739 miserationis
934 2676 1030 2738 oculis
1045 2677 1181 2740 divinam
1200 2678 1307 2754 depre-

560 2773 705 2834 cabamur
726 2771 909 2846 bonitatem,
925 2777 960 2831 ut
982 2770 1027 2830 eis
1048 2771 1220 2848 pretiosum
1243 2771 1305 2832 lau-

560 2869 707 2932 dabilium
729 2865 954 2928 desideriorum
970 2879 1098 2926 snorum
1121 2864 1305 2925 assecuturis

559 2962 702 3025 bravium
714 2957 956 3021 commodiorem
971 2965 1111 3019 sternere
1123 2957 1306 3032 dignaretur

559 3057 652 3118 uiam.
675 3056 867 3131 Quapropter
888 3059 1014 3112 aeterna
1037 3051 1155 3112 bonitas
1177 3049 1306 3110 univer·

558 3165 623 3215 sam
645 3150 777 3212 familiae
798 3161 872 3209 suae
892 3161 999 3208 curam
1020 3151 1142 3206 nostrae
1164 3144 1304 3206 commit-

561 3254 624 3307 tere
647 3244 770 3320 dignata
792 3249 838 3304 est
865 3239 1055 3312 infirmitati,
1083 3237 1303 3316 primodictnm

561 3337 734 3413 Collegium
755 3335 809 3407 sic,
833 3339 868 3394 ut
889 3331 1075 3408 praelertur,
1096 3330 1252 3391 ereximus
1275 3335 1304 3388 et

559 3430 765 3502 instituimus,
786 3429 821 3489 ad
844 3423 1035 3487 commodius
1058 3432 1090 3484 et
1112 3421 1230 3485 felicius
1244 3421 1306 3499 pri-

559 3523 684 3585 modicti
707 3520 836 3596 Collegit
858 3519 1004 3596 illiusque
1026 3517 1235 3578 Alumnorum
1258 3530 1305 3575 re·

559 3619 665 3696 gimen
686 3615 794 3677 sedulo
816 3613 1046 3686 incumbentes,
1070 3619 1101 3672 et
1125 3609 1213 3685 vigili
1235 3623 1304 3686 apo-

557 3704 1305 3780 stolicaenostraesolicitudinistudioquodcum-

558 3819 619 3881 que
633 3801 875 3864 incommodum
897 3813 929 3860 ac
951 3797 1146 3875 dispendium
1163 3796 1259 3857 abeis
1274 3803 1305 3858 et

559 3905 654 3973 geute
674 3891 855 3956 huiusmodi
871 3899 1012 3952 avertere
1033 3891 1178 3967 cupiente
1199 3889 1304 3950 auimo

508 4021 509 4024 π
558 3988 774 4063 revolventes;
797 3984 924 4063 quodsi
946 3984 1031 4046 iuxta
1053 3982 1204 4044 laudabile
1225 3999 1305 4044 non·

559 4081 721 4144 nullorum
734 4093 828 4140 veun.
841 4077 974 4138 iratrum
987 4083 1166 4136 nostrorum
1179 4073 1210 4138 S.
1221 4075 1255 4136 e.
1267 4076 1301 4136 n.

559 4173 769 4236 Cardinalium
791 4169 969 4242 consilium,
984 4184 1065 4229 unus
1087 4185 1125 4229 ex
1146 4167 1304 4246 llrcbiepi·

478 4327 490 4350 ‚
557 4269 654 4345 scopis
668 4283 723 4328 seu
739 4265 895 4344 Episcopis
916 4261 1062 4340 praedicti
1084 4261 1163 4322 ritus
1184 4261 1302 4336 Graeci,

558 4359 636 4440 apud
658 4374 769 4420 eorum
789 4356 930 4418 ecclesias
951 4355 989 4415 ab
1003 4353 1178 4415 infidelium
1199 4361 1304 4432 tyran·

559 4453 632 4516 nide
659 4451 814 4524 detentas,
844 4447 1048 4527 personaliter
1076 4448 1212 4510 residere
1240 4461 1303 4508 non

558 4545 745 4620 valentibus,
770 4544 800 4605 in
829 4540 983 4622 praedicto
1005 4539 1116 4619 oppido
1148 4540 1250 4602 Ullaui
1273 4551 1304 4603 et

558 4639 638 4718 apud
659 4637 879 4717 primodictum
903 4634 1077 4710 Collegium
1099 4634 1304 4712 personaliter

557 4733 717 4804 resideret,
733 4747 766 4792 ac
788 4730 819 4790 in
841 4729 1017 4807 primodicti
1034 4728 1163 4804 Collegit
1177 4729 1303 4790 ecclesia

559 4823 709 4904 praedicta
732 4823 767 4882 ad
789 4822 890 4898 gentis
919 4821 1095 4883 huiusmodi
1117 4819 1301 4895 subsidium,

558 4916 924 4993 coarchiepiscoporum
946 4921 976 4974 et
1003 4913 1226 4992 Episcoporum
1249 4914 1304 4974 La-

559 5011 616 5072 tini
638 5011 716 5070 ritus
731 5011 762 5069 in
778 5008 859 5070 dicto
881 5021 978 5083 regno
996 5007 1199 5068 existentium
1222 5007 1303 5068 leva-

557 5119 643 5178 men,
665 5102 826 5180 apostolica
848 5101 1030 5161 auctoritate
1047 5117 1067 5180 a
1090 5099 1189 5174 nobis,
1207 5108 1241 5161 ut
1257 5100 1302 5162 in·

555 5196 603 5258 ira
624 5197 877 5270 constitueretur,
890 5212 922 5256 ac
944 5195 1164 5272 deputaretur;
1187 5193 1304 5255 eidem-

557 5306 618 5369 que
648 5289 888 5368 llrcbiepiseopo
907 5305 963 5350 seu
986 5287 1155 5366 Episcopo,
1184 5286 1227 5348 sic
1247 5303 1302 5364 pro

557 5392 699 5462 tempore
724 5381 893 5443 constituto
915 5389 945 5442 et
966 5383 1129 5458 deputato,
1152 5395 1207 5458 pro
1235 5381 1302 5442 eius

557 5492 694 5553 congrua
721 5475 949 5536 sustentatione
975 5481 1006 5534 et
1030 5473 1301 5552 infrascriptorum

557 5585 692 5632 onerum
713 5570 749 5631 ab
771 5584 818 5644 eo,
843 5574 877 5628 ut
898 5565 994 5640 inira,
1016 5569 1302 5644 supportandorum

556 5664 802 5741 supportatione,
825 5661 942 5722 dictum
964 5661 1200 5736 monasterium,
1217 5675 1302 5738 prae—

556 5763 605 5822 uia
628 5759 818 5836 intrascripta
840 5757 923 5818 illius
938 5758 973 5818 ad
988 5755 1174 5818 saecularem
1186 5762 1301 5818 statum

557 5853 743 5926 redactione,
761 5852 791 5912 in
814 5867 910 5912 unam
925 5850 1085 5912 abbatiam
1100 5849 1300 5924 saecularem,

558 5954 593 6015 ut
615 5944 705 6025 inira,
721 5945 918 6023 erigendum,
935 5945 1041 6007 eadem
1056 5942 1218 6024 apostolica
1232 5959 1301 6006 auc·

1079 593 1144 644 lUR·
1168 589 1260 643 rost.
1285 590 1325 642 DE
1346 596 1375 642 P.
1399 591 1428 642 F·
1453 597 1535 646 PARS
1557 596 1578 644 ῐ.

1363 719 1495 795 toritate,
1518 717 1662 782 similiter
1683 727 1718 783 ut
1739 719 1830 796 intra,
1848 731 1997 804 perpetuo
2011 725 2110 788 allice-

1363 821 1465 890 retur3
1489 829 1527 875 ex
1555 815 1778 876 constitutione
1799 825 1830 879 et
1856 817 2055 896 deputatione
2078 827 2108 882 et

1362 907 1523 969 allectione
1544 907 1716 985 praedictis,
1730 908 1857 987 aliisque
1873 927 1888 972 a
1904 912 1991 973 nobis
2013 921 2047 974 ut
2062 913 2110 976 in-

1362 999 1406 1060 ira
1432 999 1634 1061 decernendis
1667 1001 1945 1082 indulgemlisque,
1976 1006 2109 1069 salutare

1362 1093 1567 1172 divinumque
1589 1093 1691 1155 eidem
1710 1096 1795 1171 genti
1818 1097 1953 1160 oriretur
1973 1115 2110 1161 commo·

1362 1187 1437 1248 dum
1460 1187 1534 1248 illud
1558 1189 1639 1264 quod
1661 1195 1805 1250 aeternae
1826 1185 1934 1252 eorum
1950 1191 2043 1254 saluti
2059 1210 2110 1254 er-

1362 1281 1542 1358 pediturum
1564 1281 1630 1343 lore
1651 1281 1860 1365 conspicimus
1882 1285 1914 1346 in
1936 1285 2081 1348 Domino.

1402 1375 1421 1448 ἓ
1442 1375 1471 1436 2.
1495 1373 1685 1454 Quapropter
1700 1377 1884 1440 eorumdem
1900 1380 2110 1456 praedecesso-

2141 588 2201 644 An.
2218 589 2251 642 G.
2273 591 2334 644 1735

2139 1402 2346 1450 coneedltturta
2409 1379 2410 1446 Ῐ

1363 1485 1434 1529 rnm
1466 1478 1647 1531 nostrorum
1678 1485 1750 1546 erga
1782 1469 1860 1533 filios
1883 1473 1913 1536 S.
1938 1473 1974 1534 lt.
2007 1475 2110 1537 llatris
2129 1457 2347 1556 ssffl⁰⁸⁰⁶¹³²⁸³l

2148 1511 2237 1556 attam
2270 1511 2346 1556 colle-

1363 1561 1515 1623 Ecclesiae
1537 1563 1716 1624 obedientes
1744 1564 1926 1628 charismata
1953 1568 2110 1630 aemulan·
2129 1565 2174 1621 8¹⁰
2195 1565 2233 1610 ‘¹⁴³
2252 1564 2344 1612 [111ωο-

1363 1662 1420 1727 tes,
1442 1653 1631 1733 eosdemque
1653 1655 1732 1716 filios
1753 1656 1784 1717 in
1809 1661 2021 1723 amantissimo
2044 1673 2109 1725 tan-

1364 1754 1412 1808 tae
1433 1748 1540 1809 matris
1556 1747 1687 1823 gremio,
1704 1765 1781 1826 puro
1796 1749 1955 1830 solidoque
1970 1755 2110 1818 ecclesia-

1363 1839 1456 1900 sticae
1483 1839 1661 1918 disciplinae
1688 1859 1721 1903 ac
1747 1843 1825 1904 ritus
1852 1844 2000 1922 praedicti
2032 1847 2110 1911 lacte

1363 1932 1497 1992 enutriri
1521 1932 1714 1994 volentes'in
1736 1935 1879 2011 Domino,
1893 1947 1978 2000 motu
2002 1940 2108 2016 simili,

1364 2023 1484 2084 moriad
1513 2025 1642 2088 alicuius
1671 2027 1757 2089 nobis
1785 2045 1879 2106 super
1907 2033 1965 2094 troc
1983 2033 2110 2111 oblatae

1363 2117 1522 2194 petitionis
1544 2117 1734 2194 instantium,
1751 2123 1803 2183 sed
1819 2139 1857 2184 eu
1879 2125 1960 2186 certo
1982 2127 2110 2188 scientia

1363 2210 1511 2287 merique
1535 2211 1758 2275 deliberatione
1786 2217 1899 2278 nostris
1921 2219 2020 2297 deque
2040 2237 2111 2299 apo-

1362 2302 1487 2364 stolicae
1508 2307 1666 2382 potestatis
1687 2307 1893 2384 plenitudine,
1913 2311 1944 2372 et
1959 2328 1997 2373 ex
2018 2316 2110 2376 certis

1363 2395 1428 2455 aliis
1457 2396 1691 2460 rationabilibus
1712 2413 1746 2460 ac
1775 2401 1863 2463 nobis
1892 2405 1974 2466 notis
1999 2406 2108 2482 causis,

1363 2490 1586 2550 monasterium
1602 2492 1805 2568 praedictum,
1818 2495 1907 2556 cuius
1919 2496 2049 2573 tructus,
2063 2515 2112 2560 re-

1362 2581 1444 2643 ditus
1466 2591 1496 2644 et
1516 2593 1690 2660 proventus
1705 2586 1739 2648 ad
1762 2587 1956 2665 septuaginta
1978 2597 2040 2652 tres
2055 2593 2111 2653 llo-

1362 2689 1455 2736 renos
1475 2675 1541 2736 auri
1564 2693 1635 2738 cum
1657 2693 1721 2738 uuo
1742 2679 1835 2741 tertio
1856 2681 1983 2744 alterius
1998 2685 2108 2747 lloreni

1361 2767 1471 2828 similis
1493 2768 1524 2828 in
1551 2767 1637 2830 libris
1669 2771 1815 2834 Gamerae
1843 2776 2049 2854 Apostolicae,
2074 2786 2109 2841 ut

1362 2860 1456 2920 etiam
1477 2862 1662 2940 accepimus,
1686 2865 1780 2926 taxati
1802 2857 2015 2944 reperiuntur,
2034 2887 2111 2949 quo·

1362 2953 1408 3012 vis
1430 2955 1521 3016 modo
1543 2963 1596 3016 aut
1608 2971 1646 3016 ex
1661 2956 1788 3018 alterius
1803 2959 2027 3040 cuiuscumque
2041 2979 2109 3040 per-

1361 3046 1446 3122 sond,
1469 3063 1523 3107 seu
1545 3063 1600 3126 per
1627 3048 1762 3110 similem
1787 3051 1835 3111 vel
1858 3051 1949 3113 aliam
1979 3055 2110 3117 liberam

1360 3141 1533 3202 cessionem
1555 3140 1629 3201 dieti
1652 3140 1733 3203 Petri
1756 3143 1861 3204 Aloisii
1875 3145 2043 3209 cardinalis
2059 3150 2110 3211 vel

1361 3233 1496 3295 cuiusvis
1518 3233 1646 3294 alterius
1667 3233 1704 3295 de
1726 3235 1780 3297 illo
1796 3237 1941 3316 illiusque
1955 3241 2111 3317 regimine

1361 3333 1391 3386 et
1418 3324 1686 3388 administratione
1720 3327 1752 3388 in
1779 3329 1916 3392 Romana
1944 3333 2036 3395 Curia
2058 3335 2110 3397 vel

1360 3425 1446 3480 extra
1468 3435 1547 3494 eam,
1561 3420 1654 3481 etiam
1670 3437 1773 3482 coram
1795 3425 1914 3485 notario
1936 3426 2061 3503 publico
2075 3445 2109 3490 ac

1362 3511 1488 3573 testibus
1510 3520 1621 3590 sponte
1649 3513 1777 3589 laetam,
1800 3523 1853 3577 aut
1882 3519 2108 3581 assecutionem

1360 3603 1486 3666 alterius
1509 3605 1652 3667 beneficii
1674 3608 1868 3670 ecclesiastici
1883 3611 1990 3688 quavis
2005 3622 2110 3676 aucto-

1360 3697 1451 3760 ritate
1472 3698 1587 3775 collati,
1610 3705 1673 3762 uon
1695 3709 1800 3762 tamen
1817 3717 1871 3780 per
1892 3703 2010 3766 obitum
2025 3721 2109 3768 com·

1360 3790 1472 3853 menda
1503 3793 1655 3870 praedicta
1678 3804 1832 3870 cessante,
1865 3805 1963 3872 vacet,
1986 3800 2108 3862 etiamsi

1360 3891 1446 3945 tanto
1470 3893 1608 3964 tempore
1630 3889 1797 3963 vacaverit,
1813 3891 1895 3968 quod
1918 3891 1984 3953 cius
2005 3893 2107 3971 prori-

1359 3977 1404 4038 sio
1426 3979 1511 4039 iuxta
1534 3979 1749 4043 lateranensis
1774 3990 1886 4044 statuta
1908 3987 2032 4047 concilii
2053 3995 2107 4049 aut

1360 4071 1432 4132 alias
1453 4072 1611 4134 canonicas
1638 4075 1812 4137 sanctiones
1833 4079 1867 4139 ad
1894 4075 2007 4140 Sedem
2029 4082 2107 4159 Apo-

1359 4164 1498 4226 stolicam
1520 4165 1661 4242 legitime
1682 4165 1838 4243 devoluta,
1852 4169 1965 4248 illaque
1981 4187 2019 4232 ex
2034 4187 2107 4250 qua·

1360 4259 1407 4317 ris
1428 4273 1514 4320 causa
1526 4259 1561 4320 ad
1584 4259 1696 4322 Sedem
1713 4261 1852 4322 eamdem
1867 4263 2042 4340 specialiter
2056 4267 2106 4326 vel

1360 4351 1548 4425 generaliter
1570 4352 1741 4429 pertineat,
1771 4359 1802 4414 et
1824 4357 1862 4416 de
1885 4356 1936 4416 illo
1958 4358 2108 4419 consisto-

1360 4443 1479 4504 rialiter
1500 4444 1632 4523 disponi,
1649 4463 1682 4508 ac
1703 4447 1739 4508 ad
1762 4447 1839 4510 illud
1860 4449 1930 4526 quis
1951 4464 2007 4527 per
2027 4451 2108 4513 elec·

1362 4537 1479 4598 tionem
1513 4539 1629 4598 assumi
1661 4541 1877 4616 consueverit,
1911 4543 2004 4621 eique
2034 4561 2107 4606 cura

1360 4631 1453 4692 etiam
1475 4631 1727 4693 iurisdictioualis
1742 4633 1903 4697 immineat
1917 4638 2104 4714 animarum,

1360 4731 1391 4784 et
1410 4739 1504 4802 snper
1522 4724 1677 4800 regimine
1693 4735 1724 4787 et
1737 4725 2005 4792 administratione
2021 4746 2106 4808 prae·

1359 4816 1446 4878 dictis
1467 4817 1550 4878 iuter
1571 4817 1969 4896 aliquoslis,seuilloru1n
1991 4839 2106 4903 posses-

1359 4909 1457 4985 sorio,
1490 4910 1540 4971 vel
1568 4911 1653 4987 quasi
1685 4912 1839 4974 molestia:
1872 4915 1960 4977 cuius
1990 4923 2106 4979 statum

1360 5003 1477 5064 etiamsi
1500 5004 1716 5080 praesentibus
1744 5005 1849 5067 haberi
1873 5007 2023 5070 ¹volumus
2049 5011 2105 5088 p'ro

1358 5107 1501 5174 expresso
1523 5097 1654 5174 pendeat
1680 5097 1821 5159 indecisa.
1851 5097 1979 5162 Necnon
2001 5103 2033 5163 in
2055 5117 2105 5164 eo-

1358 5191 1428 5252 dem
1448 5189 1634 5251 Monasterio
1648 5189 1945 5268 illiusquelleclesia
1965 5193 2107 5257 Abbatia-

1358 5283 1390 5356 li,
1413 5299 1446 5344 ac
1466 5283 1532 5344 aliis
1555 5283 1711 5345 beneficiis
1733 5284 1953 5362 ecclesiasticis,
1978 5289 2105 5368 siquae

1357 5377 1431 5450 sint,
1454 5375 1492 5436 ab
1513 5391 1549 5436 eo
1570 5374 1827 5453 dependentibus,
1843 5377 2002 5456 Ordinem,
2018 5383 2118 5462 cuius,

1358 5468 1434 5530 illud
1456 5477 1487 5530 et
1508 5468 1559 5530 illa
1587 5469 1744 5546 existunt,
1774 5487 1963 5552 omnemque
1989 5481 2105 5538 statum

1359 5571 1389 5623 et
1410 5563 1575 5636 essentiam
1601 5561 1785 5639 RegulareS,
1808 5565 1955 5645 illiusque
1976 5567 2106 5630 titulum

1358 5655 1537 5718 collativum
1558 5655 1745 5732 regularem,
1757 5657 1836 5720 dicta
1857 5661 2022 5737 apostolica
2036 5677 2105 5724 auc·

1358 5749 1480 5810 toritate
1494 5757 1643 5828 perpetuo
1665 5751 1889 5828 supprimimus
1903 5759 1935 5814 et
1950 5755 2105 5832 extingui-

1358 5857 1439 5917 mus,
1462 5851 1494 5904 et
1514 5844 1550 5905 ad
1571 5842 1759 5905 saecularem
1781 5853 1898 5908 statum
1923 5845 2103 5924 redigimus,

1358 5935 1475 6000 dictum
1491 5937 1715 6000 monasterium
1729 5938 1785 6018 sic,
1800 5946 1836 6002 ut
1850 5940 2033 6022 praefertur,
2051 5957 2107 6024 per
