4844 6990
1010 590 1152 638 GLEHBNS
1172 591 1230 636 llll.

346 708 515 788 Religionis
536 710 724 774 amoenitate
746 727 829 774 novo
851 729 906 791 pro
927 711 1027 774 literis
1047 729 1091 774 sar

346 804 468 884 erisque
499 804 610 867 ritibus
636 823 669 867 ac
691 807 794 883 probis
825 807 964 869 moribus
985 806 1092 868 alendal

346 897 514 960 iuventute
539 899 571 960 in
597 899 716 976 irriguo
746 899 908 962 militantis
941 901 1093 964 Ecclesiae

345 1005 430 1067 agro,
452 1000 485 1053 et
505 993 688 1072 praesertim
710 992 741 1054 in
771 993 909 1056 eiusdem
939 993 1004 1069 agri
1025 1009 1094 1071 par-

346 1086 429 1148 tibus
451 1086 483 1148 in
504 1086 617 1165 quibus
642 1086 755 1148 diversi
781 1086 860 1148 ritus
891 1086 1093 1164 diversaeque

345 1177 470 1254 liuguae
492 1179 636 1242 adolescit
656 1178 814 1252 iuventus,
828 1186 930 1242 erecto
951 1178 1091 1242 lundata-

319 1262 322 1276 ‘
346 1286 407 1348 que
428 1271 576 1348 Collegio,
605 1272 735 1346 dignum
762 1271 950 1334 arbitramur
970 1280 1001 1334 et
1022 1288 1092 1335 con·

346 1377 472 1438 gruum,
495 1364 673 1442 providum,
687 1365 814 1442 rituque
828 1373 859 1426 et
881 1364 1028 1426 idiomate
1042 1381 1093 1444 ap·

345 1455 446 1534 prime
458 1457 627 1534 insignem,
640 1475 673 1520 ac
687 1458 831 1537 pastorali
846 1457 995 1534 dignitate
1008 1475 1093 1536 prae-

345 1547 447 1612 ditum
479 1552 670 1612 constituere
701 1551 891 1628 praesulem,
922 1567 1020 1628 aquo
1050 1552 1092 1612 sic

345 1644 525 1717 constituto,
548 1645 792 1723 opportunisque
813 1645 848 1706 ad
871 1645 901 1706 id
923 1643 1093 1707 1811111-

344 1737 490 1816 postolict
512 1736 640 1799 sullulto
671 1736 883 1814 lacultatibus,
906 1753 970 1799 non
990 1737 1091 1798 solum

346 1830 476 1906 Collegii
498 1830 676 1893 huiusmodi
705 1847 816 1893 verum
844 1831 938 1892 etiam
965 1837 1092 1892 externa

344 1922 503 1998 iuventus,
525 1923 618 1984 sacris
639 1924 724 1984 iuxta
746 1925 813 1984 eins
840 1925 934 1986 ritum
956 1939 989 1985 se
1010 1923 1091 1984 acdi-

344 2032 414 2078 cere
435 2016 543 2078 sitiens
565 2015 767 2092 ministeriis,
788 2033 806 2077 a
828 2017 971 2096 propiore
993 2015 1090 2091 tonte,

343 2108 412 2172 sine
432 2109 584 2170 ulteriore
598 2107 740 2172 laboriosi
760 2109 881 2172 itineris
896 2109 1091 2172 incommodo

344 2209 376 2262 et
396 2217 604 2281 expensarum
625 2203 797 2281 dispendio,
818 2204 904 2281 pium
926 2202 1090 2265 desiderio

344 2311 416 2358 rum
430 2310 560 2358 suorum
576 2295 702 2356 haurire
717 2295 816 2357 valeat
831 2295 1089 2375 implementum

344 2388 428 2452 etin
454 2387 592 2466 partibus
623 2389 694 2467 ipsis
724 2389 849 2450 divinus
875 2389 978 2452 cultus
1004 2389 1090 2451 suavi

344 2481 423 2542 ritus
441 2481 622 2548 diversitate
636 2481 760 2544 suavior
774 2482 924 2556 effloreat,
938 2482 1090 2560 illumque

344 2575 488 2636 adoretur
510 2573 695 2649 ditissimus,
712 2582 742 2636 et
758 2575 974 2637 christifideles
994 2583 1091 2636 aeter-

345 2682 404 2732 nae
424 2665 576 2728 beatitatis
603 2663 777 2744 praemium
809 2683 847 2730 ex
874 2667 1090 2730 inaestimabili

345 2759 510 2822 Salvatoris
532 2760 632 2822 nostri
654 2761 782 2822 caritate
802 2761 926 2822 valcant
947 2760 1083 2839 adipisci.

110 2857 326 2904 nouattaeacut-
383 2855 403 2930 ς
426 2854 453 2914 1.
476 2854 557 2916 Cum
579 2854 683 2931 itaque
711 2855 934 2916 monasterium
963 2853 1090 2916 Abbatia

102 2911 171 2958 lano
188 2911 304 2960 historia.

344 2953 559 3026 nuncupatum
581 2945 612 3008 S.
638 2947 795 3010 Benedicti
817 2947 854 3008 de
877 2947 988 3010 Ullano
1010 2963 1092 3008 nnn-

343 3040 445 3120 cupati
471 3039 617 3102 eiusdem
640 3039 671 3102 S.
700 3041 858 3104 Benedicti
879 3058 935 3102 seu
962 3039 1091 3101 alterius

343 3133 467 3198 Ordinis
480 3131 581 3212 oppidi
596 3132 635 3193 de
650 3133 759 3196 Ullano
771 3135 994 3196 Bisinianensis
1009 3133 1090 3196 dioe-

343 3230 439 3306 cesis,
468 3229 548 3307 quod
578 3227 709 3290 dilectus
738 3229 820 3290 salius
849 3235 954 3290 noster
982 3227 1090 3288 Petrus

344 3327 489 3402 dinisius,
513 3327 559 3390 111.
584 3326 615 3390 S.
639 3321 799 3386 Laurentii
820 3322 853 3384 in
877 3320 1091 3382 111111101-

343 3436 383 3482 11
405 3419 587 3498 nuncupati,
603 3417 781 3497 praesbyter
803 3409 1090 3478 (11111111111111111

344 3521 553 3591 nuncupatos,
570 3513 603 3573 in
629 3510 844 3574 commendam
864 3508 901 3569 ad
922 3507 971 3569 sui
993 3506 1090 3566 vitam

341 3625 382 3676 en
403 3607 600 3670 concessione
623 3615 654 3667 et
670 3605 902 3684 dispensatione
918 3600 1090 3680 apostolicis

343 3717 446 3781 nuper
476 3700 654 3773 obtinebat,
678 3699 877 3760 commendae
898 3693 1088 3764 huiusmodi,

343 3811 377 3857 ac
399 3793 485 3856 omni
498 3800 531 3854 et
546 3793 768 3869 cuiuscumque
784 3791 845 3854 iuri
859 3798 890 3852 et
905 3789 1017 3852 actioni
1032 3787 1090 3848 sibi

343 3888 376 3950 11
398 3888 478 3950 dicto
500 3886 687 3950 monasterio
710 3883 944 3962 quomodolibet
969 3895 1092 3958 compe-

343 3983 423 4050 tenti
444 3990 475 4044 et
496 3997 552 4060 per
573 3997 646 4042 eum
668 3986 846 4058 praetenso,
875 3977 1021 4054 illiusque
1043 3990 1090 4035 re·

343 4074 457 4152 gimini
478 4083 508 4136 11
533 4073 795 4135 administrationi
817 4072 849 4132 in
872 4070 1014 4132 manibus
1036 4084 1091 4129 no-

342 4167 415 4230 stris
434 4175 544 4247 sponte
558 4175 589 4228 et
604 4167 701 4228 libere
722 4167 824 4238 cessit,
847 4180 965 4242 nosque
981 4162 1091 4226 cessio-

344 4276 418 4324 nem
434 4259 611 4324 huiusmodi
623 4259 769 4322 duximus
784 4258 1019 4331 admittendam,
1035 4271 1090 4334 per

342 4355 517 4422 cessionem
528 4355 667 4418 eamdem
684 4352 782 4414 adbuc
796 4367 832 4413 eo
847 4367 910 4429 quo
920 4359 992 4414 ante
1007 4365 1090 4413 com-

344 4449 491 4514 mendam
513 4448 608 4526 ipsam
623 4445 759 4520 vacabat,
777 4452 829 4506 aut
844 4445 917 4506 alias
932 4454 1016 4508 certo
1030 4444 1090 4506 alio

343 4540 435 4606 modo
457 4551 564 4602 vacare
585 4545 730 4600 noscatur
750 4537 786 4598 ad
807 4546 1007 4615 praescisset
1029 4536 1090 4598 Nos

343 4649 456 4713 nuper,
471 4633 507 4694 ad
522 4640 627 4694 sancte
641 4640 809 4710 exacteque
823 4633 1022 4694 iuventutem
1033 4632 1089 4694 lta·

342 4728 534 4804 io-graecam
557 4728 589 4788 in
615 4740 713 4802 regno
741 4725 941 4804 Neapolitano
963 4733 994 4786 et
1014 4725 1090 4788 citra

342 4821 479 4884 Pharum
500 4819 666 4896 degentem
688 4819 721 4880 in
736 4818 874 4880 eiusdem
897 4818 1031 4880 nationis
1046 4835 1091 4878 sa·

343 4914 403 4976 cris
424 4914 535 4976 ritibus
555 4915 701 4991 sacrique
715 4911 916 4974 ecclesiastice
930 4911 1090 4990 disciplina

344 5005 575 5080 enutriendam,
594 5023 608 5066 a
625 5005 813 5068 monasterio
835 5005 988 5084 praedicto
1009 5004 1089 5082 pala-

343 5101 426 5162 tium
446 5099 594 5162 abbatiale
615 5115 686 5162 com
701 5098 846 5160 omnibns
861 5105 893 5158 et
907 5097 1039 5174 singulis
1053 5099 1088 5160 11-

344 5192 404 5257 lius
424 5192 649 5266 mansionibus,
671 5191 808 5266 aedibus,
831 5189 1088 5267 aedificiisaliis-

343 5303 406 5366 que
426 5287 492 5351 eius
514 5285 662 5349 membris
684 5285 785 5348 eidem
806 5286 917 5364 palatio
945 5288 1086 5362 annexis,

343 5378 565 5458 ecclesiamque
584 5379 725 5442 eiusdem
747 5380 779 5442 S.
801 5379 977 5455 Benedicti,
1000 5389 1087 5443 motu

342 5473 467 5552 proprio
479 5481 595 5549 nostro,
605 5472 968 5552 apostolicaauctoritate,
978 5475 1088 5537 111111-

342 5566 434 5632 debiti
455 5566 593 5630 eiusdem
608 5567 691 5630 Petri
705 5567 812 5628 nicisii
832 5567 1001 5630 Cardinalis
1016 5584 1088 5630 con·

341 5675 454 5735 censu,
482 5661 600 5724 dictum
627 5661 851 5724 monasterium
875 5661 919 5724 sic
943 5662 976 5723 in
1004 5678 1086 5724 corn·

342 5755 499 5829 mendam,
511 5763 545 5816 ut
556 5755 738 5832 praefertur,
752 5762 827 5818 tunc
837 5755 1007 5817 obtinentis
1018 5772 1087 5834 per-

342 5855 436 5926 petuo
448 5847 787 5924 dismemluaverlmns,
795 5849 1045 5927 separaverimus
1056 5857 1086 5912 et

341 5943 628 6024 segregaverimus,
657 5942 837 6022 dictumque
869 5943 1016 6022 palatium
1043 5943 1086 6006 sic

1148 713 1598 794 dismembratum‚separatum
1610 723 1641 778 et
1651 725 1849 794 segregatum
1862 717 1894 780 in

1149 824 1249 870 unum
1262 825 1430 886 puerorum
1439 809 1709 886 italo-graecorum
1719 809 1894 886 Collegium

1149 901 1387 964 ecclesiasticum
1413 920 1428 963 a
1454 902 1697 965 1111111101111
1727 903 1895 965 Corsinum

1149 996 1563 1074 nuncupatum‚dictamqne
1584 996 1742 1058 ecclesiam
1765 995 1798 1057 in
1814 996 1896 1058 eius-

1148 1090 1218 1150 dem
1232 1087 1360 1165 Collegii
1372 1089 1574 1152 ecclesiastica
1586 1090 1780 1164 auctoritate,
1793 1097 1896 1175 motu·

1148 1198 1208 1260 que
1224 1183 1347 1261 paribus
1358 1184 1504 1246 similiter
1518 1192 1668 1262 perpetuo
1684 1183 1892 1256 erexerimus,

1148 1282 1178 1336 et
1194 1275 1442 1352 instituerimus3
1464 1276 1566 1338 eidem
1582 1275 1720 1353 Collegio
1734 1275 1777 1337 sic
1791 1283 1895 1338 111010

1147 1374 1178 1428 11
1201 1368 1343 1430 instituto
1366 1359 1420 1447 pr'o
1447 1369 1593 1445 congruis
1621 1369 1705 1430 illius
1727 1370 1814 1444 dote,
1838 1385 1895 1430 nec

1149 1475 1211 1520 non
1233 1477 1404 1538 puerorum
1426 1479 1459 1524 ac
1480 1463 1717 1539 magistrorum,
1740 1461 1893 1524 lectorum

1148 1561 1179 1615 11
1201 1555 1419 1618 ministrorum
1443 1556 1518 1618 inibi
1541 1558 1584 1617 eia
1606 1571 1661 1634 pro
1688 1561 1825 1634 tempore
1849 1556 1895 1616 in-

1146 1648 1353 1712 servientium
1369 1657 1400 1710 01
1418 1643 1621 1712 existentium
1643 1649 1892 1724 manutentione,

1147 1749 1247 1803 certos
1274 1759 1396 1805 annuos
1418 1743 1535 1806 reditus
1564 1743 1717 1804 11011111
1744 1750 1893 1804 111011-

1147 1837 1259 1912 pressis
1282 1836 1358 1898 tanis
1380 1837 1677 1912 conciliaribus,nec
1699 1852 1762 1898 non
1778 1854 1793 1898 a
1808 1851 1893 1900 sum·

1147 1927 1197 1989 ma
1224 1929 1456 1992 nonnullorum
1483 1930 1619 1992 1111111
1644 1939 1805 1993 scutorum
1827 1945 1891 1992 mo-

1147 2027 1237 2083 natae
1260 2023 1416 2085 Romanae
1430 2041 1446 2084 a
1460 2024 1548 2085 nobis
1569 2025 1606 2086 de
1628 2024 1766 2102 pecuniis
1781 2020 1893 2085 nostris

1145 2117 1246 2176 eidem
1263 2116 1400 2192 Collegio
1423 2117 1637 2194 elargitorom,
1653 2119 1734 2180 etad
1752 2117 1893 2180 eiusdem

1148 2209 1277 2286 Collegii
1304 2209 1445 2272 11101011
1474 2211 1704 2288 utilitatemque
1730 2211 1832 2272 debite
1860 2226 1894 2272 ac

1148 2310 1214 2365 tute
1236 2303 1542 2366 reinvestiendorum
1558 2313 1588 2366 et
1604 2303 1671 2365 inre
1690 2320 1776 2366 nunc
1789 2302 1891 2368 forsan

1146 2396 1403 2458 reinvestitornm
1427 2397 1589 2458 annuatim
1601 2397 1822 2475 provenientes
1837 2412 1892 2474 per

1146 2489 1293 2566 quasdam
1318 2490 1376 2551 sub
1397 2487 1447 2550 111.
1473 2491 1513 2550 id.
1544 2491 1660 2552 mensis
1686 2489 1819 2552 octobris
1840 2505 1890 2552 an.

1147 2582 1270 2642 Domini
1301 2597 1506 2644 uoccnxxrn.
1537 2583 1595 2644 sub
1622 2583 1714 2644 certis
1741 2584 1833 2644 modo
1861 2590 1892 2642 et

1146 2675 1241 2736 lormt
1265 2683 1339 2736 tunc
1360 2675 1512 2753 expressis
1525 2683 1676 2754 perpetuo
1689 2676 1892 2752 assignaveri-

1146 2784 1227 2842 mus,
1251 2775 1282 2830 et
1304 2767 1415 2830 deinde
1435 2770 1471 2832 ad
1500 2784 1612 2847 pueros
1634 2769 1666 2829 in
1683 2770 1798 2832 eodem
1824 2769 1892 2832 Gal*

1147 2861 1227 2937 legio
1249 2877 1304 2940 pro
1327 2868 1467 2940 tempore
1488 2863 1659 2924 existentes
1679 2878 1695 2922 1
1715 2861 1891 2925 studiorum

1147 2955 1249 3016 labore
1272 2955 1418 3018 levandos
1431 2971 1602 3034 eorumque
1618 2955 1737 3018 animos
1751 2973 1891 3018 recrean-

1146 3049 1211 3122 dos,
1234 3047 1400 3112 abeodem
1425 3049 1613 3110 monasterio
1641 3048 1796 3128 quoddam
1817 3049 1892 3110 viri·

1146 3142 1279 3216 darium,
1301 3141 1396 3218 vulgo
1428 3143 1505 3204 Orto
1528 3139 1891 3220 detl'Abctcnuncupa·

1146 3241 1236 3308 tum,
1258 3235 1293 3296 ad
1322 3235 1439 3296 dictum
1472 3235 1695 3296 monasterium
1726 3242 1888 3312 spectans,

1145 3327 1289 3404 dictoque
1310 3327 1645 3406 palatiopropinqnum
1660 3325 1773 3389 101111
1794 3344 1891 3392 anne-

1146 3437 1236 3494 111,
1264 3420 1322 3482 sub
1351 3420 1443 3482 certis
1472 3421 1589 3498 pariter
1617 3421 1765 3482 modoet
1792 3419 1891 3484 torma
1938 3489 1941 3495 Δ

1144 3514 1286 3575 similiter
1305 3525 1379 3576 tunc
1401 3513 1562 3592 expressis,
1585 3515 1768 3576 auctoritate
1789 3523 1890 3576 motu·

1146 3623 1206 3684 que
1228 3607 1366 3684 paribus,
1393 3607 1495 3685 deque
1514 3605 1610 3667 simili
1638 3607 1783 3684 praedicti
1806 3608 1889 3670 Petri

1146 3698 1252 3760 Aloisii
1274 3698 1442 3763 cardinalis
1462 3698 1581 3760 dictum
1602 3699 1826 3762 monasterium
1841 3701 1891 3764 ad·

1145 3793 1207 3854 huc
1222 3799 1298 3854 tunc
1313 3791 1428 3870 pariter
1444 3792 1476 3854 in
1491 3794 1708 3856 commendam
1722 3793 1892 3856 obtinentis

1145 3899 1298 3946 consensu
1320 3899 1375 3962 per
1395 3884 1467 3946 alias
1489 3892 1608 3946 nostras
1630 3884 1733 3946 literas
1754 3886 1812 3948 sub
1832 3885 1887 3950 cal.

1144 3977 1212 4040 iulii
1232 3979 1306 4039 anni
1326 3978 1466 4040 eiusdem
1481 3978 1607 4042 Domini
1627 3993 1825 4041 nnccxxxrv.
1843 3995 1892 4042 re·

1144 4071 1280 4150 spective
1301 4073 1394 4146 datas,
1418 4072 1589 4150 respective
1610 4071 1777 4150 expeditas,
1798 4072 1892 4137 etiam

1145 4165 1481 4238 dismenibraverimus,
1504 4165 1773 4242 segregaverimus
1794 4173 1825 4227 et
1845 4182 1891 4228 se-

1145 4259 1368 4336 paraverimus
1392 4259 1572 4338 dictumque
1593 4257 1786 4320 1101101ιεί0
1806 4275 1891 4338 sepa·

1145 4351 1891 4428 ratum,segregatumetdismembratumeidem
1953 4345 1967 4370 ⁹

1145 4445 1284 4521 Collegio
1305 4445 1420 4524 pariter
1434 4444 1701 4524 applicaverimus,
1717 4446 1891 4526 appropria·

1145 4539 1285 4600 verianus
1305 4546 1337 4600 et
1359 4538 1671 4616 incorporaverimus,
1687 4556 1720 4600 ac
1735 4537 1891 4618 anaspia

1146 4641 1181 4694 11
1202 4631 1234 4694 11
1256 4631 1387 4708 singulis
1403 4632 1891 4712 111111111111101111111111111»

1146 4725 1256 4804 peditis
1278 4725 1400 4804 plenius
1421 4725 1619 4800 continetur,
1638 4727 1892 4804 1111111οο111-

1145 4835 1216 4882 mus
1243 4835 1282 4880 11
1311 4818 1442 4894 Collegii
1471 4819 1648 4880 huiusmodi
1676 4818 1834 4881 erectione
1860 4825 1891 4881 et

1146 4913 1355 4987 institutione,
1378 4913 1507 4990 aliisque
1529 4911 1691 4989 praedictis
1707 4929 1817 4977 eorum
1839 4912 1891 4974 de·

1145 5007 1209 5070 bite
1239 5006 1357 5068 sortitis
1387 5005 1552 5078 ellectum,
1583 5005 1701 5066 nedum
1733 5005 1890 5071 iuventuti

1144 5100 1316 5178 praedictae
1337 5099 1369 5162 in
1390 5097 1500 5160 eodem
1521 5097 1662 5174 collegia
1676 5115 1735 5178 pro
1751 5107 1891 5178 tempore

1144 5193 1302 5268 existenti,
1325 5191 1551 5254 verumetiam
1573 5193 1740 5253 universae
1765 5192 1890 5262 illarum

1143 5287 1279 5365 partium
1302 5284 1521 5361 italo-graecae
1540 5285 1628 5361 genti
1647 5301 1777 5348 serenus
1792 5293 1823 5348 et
1837 5287 1890 5350 diu

1144 5379 1343 5442 anonnullis
1364 5379 1511 5440 Romanis
1538 5377 1740 5442 Pontificibus
1765 5380 1890 5456 praede·

1143 5473 1312 5535 cessorian
1335 5473 1449 5534 nostris
1471 5479 1644 5548 exoptatus,
1667 5471 1764 5548 gratia
1777 5471 1820 5534 sic
1834 5473 1891 5536 dn·

1143 5573 1233 5629 cente
1244 5567 1380 5641 Domini,
1390 5574 1523 5642 exurget
1533 5565 1641 5627 inciter
1653 5565 1716 5642 ille,
1730 5581 1889 5644 perquam

1144 5661 1305 5722 literarum
1323 5659 1450 5722 scientia
1472 5660 1626 5733 loveatur,
1642 5676 1786 5738 sacraque
1802 5659 1890 5723 disci·

1141 5754 1225 5832 plina
1236 5769 1408 5831 eorumque
1424 5753 1503 5816 ritus
1518 5752 1718 5816 excolaturet
1728 5760 1887 5829 1111111111

1142 5865 1198 5910 nos
1229 5847 1326 5924 igitur
1356 5846 1498 5910 ulteriori
1529 5845 1658 5922 collegii
1693 5845 1887 5920 huiusmodi,

1142 5941 1288 6020 illiusque
1315 5941 1516 6004 alumnorum
1537 5956 1571 6002 10
1592 5939 1694 6018 gentis
1722 5939 1890 6021 praedicto·

1814 570 1875 636 459
1924 573 1978 626 An.
1991 574 2023 626 O.
2044 571 2113 628 1735
