4866 6980
951 607 1159 653 inuocaurrus
1182 607 1224 654 ιιι.
1800 589 1838 652 tlt

311 725 456 800 fundant,
479 743 513 788 ac
533 741 648 788 munus
670 726 747 788 tanti
770 725 919 790 momenti
935 725 986 788 vel
1008 725 1054 786 iu-

312 818 391 880 iuste
414 819 463 880 vel
491 819 646 881 violenter
677 829 850 882 exerceant.
885 820 928 881 De
955 827 1057 891 cetero

312 911 396 988 leges
416 921 447 974 at
468 915 706 976 consuetudines
727 914 872 992 antiquae
893 913 1057 976 observen-

310 1012 376 1079 tur,
398 1015 433 1068 ut
454 1007 569 1070 scilicet
591 1007 788 1084 provincialis
820 1022 891 1068 cum
916 1006 1057 1068 definito·

312 1098 369 1172 rio,
392 1105 423 1160 et
437 1105 539 1177 patres
553 1101 742 1178 provinciae,
758 1100 906 1176 magistro
921 1099 1056 1176 generali

310 1207 365 1253 seu
386 1193 594 1254 commissario
613 1193 748 1268 generali
771 1193 914 1266 familiae,
930 1194 965 1252 ad
981 1208 1057 1269 quos

312 1301 367 1362 pro
389 1293 528 1363 tempore
548 1286 708 1364 spectabit,
731 1293 905 1365 proponant
927 1301 981 1346 seu
1003 1301 1057 1346 no·

312 1379 434 1440 minent
467 1387 529 1440 tres
560 1380 719 1454 religiosos
750 1379 877 1441 alterius
906 1377 1056 1456 praefatae

311 1471 486 1548 provinciae
507 1472 579 1534 huic
600 1473 724 1533 muneri
742 1473 878 1547 idoneos,
890 1487 929 1532 ex
944 1471 1056 1548 quibus

312 1579 411 1626 uuum
433 1564 549 1640 eligere
570 1565 698 1641 possint.
722 1565 805 1628 Hauc
822 1573 925 1628 tamen
947 1579 1056 1640 propo-

311 1656 455 1718 sitionem
484 1673 538 1718 seu
568 1658 814 1718 nominationem
846 1657 991 1718 volumus
1019 1657 1053 1716 ad

311 1749 487 1824 generalem
514 1749 596 1810 mitti
617 1765 673 1827 per
693 1749 826 1826 primam
852 1755 919 1826 post
940 1748 1054 1826 capilu-

312 1840 374 1904 lum
403 1842 667 1918 opportunitatem
695 1842 823 1904 alicuius
845 1842 950 1915 navis,
976 1857 1055 1918 quae

311 1935 465 2012 Europam
487 1951 594 1996 versus
616 1935 779 2010 dirigetur.
799 1935 834 1998 fn
857 1950 918 2012 quo
939 1934 964 1994 si
985 1948 1056 2010 pro-

310 2027 449 2088 vincialis
460 2027 510 2088 vel
521 2027 571 2088 alii
583 2026 778 2104 negligentes
793 2027 908 2105 reperti
924 2025 1052 2098 fuerint,

309 2120 447 2182 eiusdem
464 2121 616 2196 generalis
631 2122 757 2183 arbitrio
772 2119 908 2196 graviter
922 2119 1053 2197 punian-

311 2221 370 2276 tur.
394 2215 525 2289 Quodsi
547 2215 586 2275 ob
615 2214 827 2290 naufragium,
857 2214 987 2274 nimiam
1008 2213 1052 2272 di-

307 2307 463 2381 stantiam,
479 2307 530 2369 vel
544 2306 626 2369 aliud
648 2305 828 2370 inevitabile
849 2307 1053 2384 impedimen·

310 2408 387 2474 tum,
411 2416 474 2462 nou
498 2401 647 2462 habeatur
660 2417 675 2460 a
690 2401 838 2477 magistro
853 2401 988 2477 generali
1004 2415 1051 2462 re-

307 2509 455 2570 sponsum
484 2501 617 2571 quatuor
643 2494 801 2556 mensibus
830 2502 901 2556 aute
931 2503 1052 2572 tempus

307 2589 479 2664 praefixum
491 2594 522 2648 et
532 2595 717 2649 consuetum
728 2587 853 2666 capituli
865 2587 1051 2662 celebrandi,

309 2687 384 2743 tuuc
404 2681 497 2759 possit
519 2681 714 2758 provincialis
732 2697 804 2744 cum
824 2680 1000 2744 definitorio
1021 2687 1052 2741 et

307 2773 445 2852 patribus
471 2775 648 2852 provinciae
675 2790 774 2838 unum
801 2791 839 2836 ex
866 2775 965 2838 tribus
990 2774 1052 2834 iam

308 2868 470 2945 propositis
492 2875 650 2946 tamquam
675 2867 921 2931 commissarium
949 2868 1051 2930 visila-

307 2969 408 3024 torem
422 2962 581 3036 advocare,
597 2961 651 3039 qui
666 2963 769 3024 omnia
784 2969 816 3024 et
829 2961 951 3038 singula
966 2977 1053 3038 prae·

305 3062 387 3117 stare
408 3054 501 3131 possit
522 3060 553 3116 et
575 3053 686 3128 valeat,
702 3070 781 3131 quaa
801 3054 886 3116 missi
904 3061 935 3116 et
956 3053 1051 3131 depu-

307 3147 361 3208 tati
382 3163 398 3206 a
420 3145 557 3221 generali
585 3145 734 3222 magistro
755 3154 910 3225 praestare
935 3146 1049 3220 solent,

305 3238 399 3300 itaet
420 3237 538 3311 taliter,
565 3239 662 3314 quod,
691 3237 784 3300 etiam
807 3238 1052 3316 superveniente

306 3339 407 3408 postea
429 3330 628 3408 deputatione
656 3330 733 3392 facti
754 3347 770 3390 a
792 3331 934 3408 praefatis
954 3331 1050 3408 magi-

304 3429 368 3482 stro
390 3422 527 3498 generali
550 3422 600 3482 vel
622 3423 844 3496 commissario,
868 3423 936 3484 talis
957 3423 1052 3500 depu-

306 3513 380 3574 tatio
401 3511 526 3574 nullum
546 3513 694 3574 sortiatur
715 3512 872 3588 effectum,
888 3513 961 3576 acsi
976 3513 1052 3576 lacta

305 3617 367 3668 uon
389 3605 508 3667 luisset.
538 3605 578 3666 Ut
598 3613 701 3667 autern
723 3607 950 3680 contentiones,
973 3621 1052 3684 quae

302 3713 344 3760 ex
354 3697 474 3760 defectu
488 3697 701 3760 declarationis
713 3699 943 3776 praecedentiae
958 3714 1051 3776 quam

303 3791 417 3852 habere
448 3791 560 3852 debent
587 3791 658 3852 dicti
688 3791 897 3870 praesidentes
926 3798 988 3853 tam
1017 3792 1049 3852 in

304 3883 426 3962 propria
440 3899 533 3960 quam
548 3883 580 3946 in
598 3883 696 3945 aliena
717 3884 876 3961 provincia
891 3883 964 3945 oriri
983 3900 1051 3961 pos-

304 3984 389 4051 sunt,
412 3976 618 4050 dirimantur,
648 3975 824 4038 facultatem
853 3977 1050 4040 concedimus

304 4069 486 4132 delinitoriis
497 4069 661 4147 utriusque
672 4069 849 4146 provinciae
863 4068 1049 4132 decernendi

303 4175 370 4221 eam
393 4161 426 4222 in
447 4161 570 4240 propria
591 4161 763 4239 respective
784 4162 943 4240 provincia
964 4177 1050 4240 prae-

303 4254 488 4328 cedentiam,
511 4269 605 4332 quam
626 4254 740 4316 rationi
758 4263 789 4316 et
810 4255 956 4332 aequitati
978 4271 1051 4316 con-

301 4353 483 4406 sentaneam
498 4345 714 4419 iudicaverint,
728 4345 842 4408 futuris
859 4347 1049 4426 temporibus

302 4443 452 4516 perpetuo
482 4437 656 4501 valituram.
686 4439 728 4500 dc
755 4441 880 4501 tandem
902 4442 1049 4519 praecipi-

302 4546 372 4592 mus
393 4531 479 4592 vobis
501 4532 532 4592 iu
555 4531 673 4594 virtute
699 4539 822 4594 sauctae
842 4533 1047 4610 obedientiae,

302 4631 334 4686 et
353 4623 412 4686 sub
431 4624 539 4702 poenis
569 4623 697 4685 arbitrio
722 4632 828 4686 nostro
858 4627 1046 4704 infligendis,

303 4725 337 4780 ut
358 4717 431 4780 lraec
462 4717 566 4778 omnia
586 4733 603 4776 a
624 4717 710 4778 vobis
738 4719 848 4796 petita,
871 4727 901 4780 et
922 4737 938 4779 a
960 4699 1048 4783 uobis

301 4817 333 4872 et
355 4809 502 4886 magistro
524 4809 662 4884 generali
684 4813 856 4888 respective
879 4812 911 4872 in
933 4813 1049 4875 utilita-

302 4911 367 4964 tem
388 4911 419 4964 et
439 4902 578 4980 quietem
600 4897 753 4980 publicam
782 4920 939 4980 concessa,
962 4905 1049 4968 dein-

301 5011 371 5073 ceps
391 5004 531 5057 accurate
561 4995 692 5056 servetis
714 5003 744 5056 et
766 4997 803 5058 ab
824 4997 891 5058 aliis
918 4999 1047 5060 omuino

300 5086 417 5148 servari
441 5086 567 5148 faciatis.
595 5085 711 5161 Valete,
740 5103 859 5166 nosque
887 5089 949 5150 Deo
976 5091 1047 5152 assi-

301 5180 361 5242 due
381 5171 609 5242 commendate.
632 5179 747 5242 Romae
772 5197 849 5242 xvu.
878 5183 1048 5246 decembris

302 5288 492 5336 uncuxxxn.
509 5303 547 5318 -
562 5274 597 5334 A.
619 5272 742 5336 cardin.
767 5273 853 5336 Grau
879 5282 1044 5352 protector.

300 5366 438 5428 loxnuns
459 5366 622 5427 anursrx
643 5365 753 5426 Rusca
767 5383 796 5426 s.

128 5463 281 5512 mantuano
340 5461 359 5534 5
380 5461 408 5522 2.
433 5459 512 5523 Cum
533 5467 650 5534 autem,
672 5459 751 5522 sicut
772 5461 878 5522 eadem
897 5463 1046 5540 expositio

92 5515 210 5564 routfncfs.

299 5553 517 5629 subiungebat,
533 5551 685 5631 praefatus
700 5554 881 5616 Ambrosius
901 5555 1046 5632 praemis·

299 5661 343 5722 sa,
355 5662 417 5724 quo
427 5647 547 5708 firmius
559 5645 726 5708 subsistant
741 5653 771 5708 et
782 5654 950 5708 serventur
961 5661 1048 5709 exac-

302 5740 373 5814 tius,
395 5738 577 5818 apostolicae
591 5739 838 5802 confirmationis
853 5748 977 5802 nostrae
997 5756 1048 5818 pa-

301 5832 432 5894 trocinio
453 5832 640 5894 communiri
661 5847 860 5911 summopere
875 5831 1043 5896 desideret:

301 5942 368 6002 nos,
391 5926 494 6005 ipsum
514 5927 712 5989 Ambrosium
733 5927 916 6006 specialibus
935 5927 1049 5990 favori·

1114 725 1171 786 bus
1193 733 1223 788 et
1245 727 1354 802 gratiis
1373 726 1514 804 prosequi
1537 725 1689 799 volentes,
1707 732 1736 788 et
1758 743 1773 784 a
1792 725 1859 802 quie

1113 819 1217 880 busvis
1237 821 1579 894 excommunicationis,
1596 819 1807 898 suspensionis
1828 829 1858 880 et

1113 913 1279 987 interdicti,
1302 913 1431 992 aliisque
1451 913 1661 975 ecclesiasticis
1683 913 1855 986 sententiis,

1111 1007 1248 1066 censuris
1270 1015 1301 1068 et
1323 1007 1439 1084 poenis,
1461 1024 1476 1066 a
1499 1008 1565 1068 iure
1589 1007 1636 1068 vel
1660 1007 1696 1067 ab
1718 1008 1855 1080 bomine,

1112 1099 1219 1175 quavis
1241 1099 1397 1160 occasione
1420 1099 1469 1160 vel
1490 1098 1577 1160 causa
1600 1099 1679 1172 fatie,
1697 1100 1722 1160 si
1745 1099 1857 1178 quibus

1111 1191 1342 1267 quomodolibet
1369 1191 1533 1253 innodatus
1562 1191 1689 1266 existat,
1712 1191 1746 1250 ad
1770 1191 1859 1253 elfec-

1113 1289 1180 1344 tum
1195 1285 1405 1360 praesentium
1420 1287 1579 1346 dumtaxat
1590 1287 1856 1362 consequendum,

1111 1376 1221 1437 barum
1236 1378 1315 1438 serie
1336 1378 1529 1440 absolventes
1551 1385 1581 1439 et
1602 1378 1775 1440 absolutum
1792 1377 1857 1438 fore

1110 1477 1295 1544 consentes,
1329 1471 1601 1549 supplicationibus
1632 1471 1698 1532 eius
1731 1472 1857 1532 nomine

1111 1563 1198 1624 nobis
1218 1579 1312 1640 super
1333 1567 1389 1626 boc
1410 1565 1573 1626 lrumiliter
1600 1565 1748 1642 porrectis
1770 1564 1856 1626 incli-

1111 1657 1186 1730 nati,
1210 1657 1412 1734 praeinsertas
1434 1657 1597 1718 memorati
1619 1657 1763 1718 biderani
1786 1656 1857 1734 Epi·

1110 1749 1192 1826 scopi
1214 1749 1382 1812 cardinalis
1404 1757 1434 1810 et
1457 1750 1637 1828 protectoris
1652 1757 1792 1828 patentes
1807 1750 1857 1810 lit-

1111 1847 1202 1915 teras,
1224 1843 1390 1920 omniaque
1412 1849 1442 1903 et
1458 1842 1579 1919 singula
1597 1843 1630 1904 in
1651 1843 1695 1904 eis
1709 1849 1855 1903 contenta

1109 1940 1141 1994 et
1162 1949 1315 2011 expressa,
1338 1935 1520 1996 auctoritate
1546 1935 1719 2012 apostolica,
1748 1945 1854 1996 tenore

1109 2028 1331 2104 praesentium,
1347 2029 1570 2090 confirmamus
1591 2035 1621 2089 et
1637 2028 1853 2107 approbamus,

1109 2118 1233 2196 illisque
1265 2119 1451 2182 inviolabilis
1487 2119 1668 2196 apostolicae
1699 2119 1855 2182 firmitatis

1109 2211 1205 2272 robur
1226 2212 1397 2288 adficimus,
1414 2229 1447 2274 ac
1468 2227 1576 2274 omnes
1598 2219 1628 2272 et
1648 2212 1787 2288 singulos
1809 2213 1854 2272 iu-

1108 2305 1149 2366 ris
1164 2313 1195 2367 et
1210 2305 1279 2368 facti
1301 2307 1449 2385 defectus,
1465 2307 1489 2368 si
1505 2307 1558 2384 qui
1579 2305 1712 2384 desuper
1726 2322 1855 2384 quomo-

1108 2397 1222 2460 dolibet
1244 2399 1489 2474 intervenerint,
1512 2399 1704 2477 supplemus.

1147 2491 1166 2565 ἓ
1187 2491 1215 2552 3.
1240 2491 1446 2554 decernentes
1467 2493 1588 2554 easdem
1609 2499 1786 2570 praesentes
1806 2493 1856 2554 lit-

1107 2589 1186 2645 teras
1208 2583 1323 2659 frrmas,
1346 2585 1460 2647 validas
1480 2591 1509 2646 et
1525 2585 1660 2646 efficaces
1673 2585 1808 2647 existere
1823 2593 1854 2646 et

1107 2676 1183 2752 fore,
1205 2693 1338 2756 suosque
1361 2678 1512 2755 plenarios
1528 2687 1559 2741 et
1574 2679 1712 2755 integros
1728 2677 1854 2740 effectus

1105 2771 1210 2832 sortiri
1231 2779 1263 2833 et
1292 2771 1446 2845 obtinere,
1469 2788 1503 2833 ac
1524 2772 1595 2846 illis,
1615 2771 1651 2832 ad
1673 2787 1749 2848 quos
1769 2786 1855 2848 spec-

1106 2869 1149 2924 tat
1169 2871 1201 2924 et
1222 2880 1277 2942 pro
1300 2872 1441 2942 ternpore
1461 2865 1624 2942 spectabit,
1655 2864 1686 2926 iu
1709 2864 1853 2926 omnibus

1106 2964 1137 3017 et
1159 2957 1338 3034 peremnia
1360 2957 1539 3035 plenissime
1559 2957 1738 3034 suffragari,
1765 2963 1796 3018 et
1816 2956 1853 3017 ab

1105 3049 1165 3109 illis
1204 3050 1377 3128 respectiva
1417 3049 1638 3112 inviolabiliter
1675 3049 1850 3122 observari,

1105 3142 1207 3219 sicque
1229 3143 1260 3204 in
1289 3143 1462 3220 praemissis
1491 3159 1546 3220 per
1571 3159 1783 3221 quoscumque
1805 3143 1853 3206 iu-

1105 3235 1186 3296 dices
1211 3235 1381 3302 ordinarios
1407 3243 1436 3296 et
1463 3235 1633 3311 delegatos,
1662 3236 1755 3296 etiam
1782 3252 1852 3296 can-

1105 3343 1210 3390 sarum
1231 3327 1334 3405 palatii
1355 3327 1512 3406 apostolici
1533 3327 1701 3402 auditores,
1724 3328 1851 3390 iudicari

1105 3428 1136 3482 et
1157 3420 1281 3482 definiri
1303 3420 1433 3496 debere,
1449 3437 1482 3481 ac
1506 3421 1632 3482 irritum
1655 3427 1686 3482 el
1710 3420 1802 3482 inane
1826 3421 1851 3481 si

1104 3529 1192 3575 secus
1212 3527 1306 3591 super
1326 3513 1374 3573 bis
1395 3530 1410 3572 a
1432 3529 1598 3591 quoquam,
1622 3514 1731 3592 quavis
1749 3520 1851 3576 aucto·

1105 3607 1210 3680 ritate,
1236 3605 1370 3668 scienter
1391 3606 1441 3668 vel
1467 3606 1660 3682 ignoranter,
1684 3605 1851 3682 contigerit

1105 3698 1261 3760 attentari.

1145 3792 1164 3865 §
1183 3791 1213 3851 b.
1238 3789 1307 3852 Non
1322 3789 1514 3852 obstantibus
1529 3791 1716 3868 praemissis,
1732 3809 1766 3852 ac
1780 3808 1852 3854 con·

1104 3883 1319 3946 stitutionibus
1339 3891 1370 3944 et
1396 3883 1640 3946 ordinationibus
1666 3885 1849 3962 apostolicis,

1105 3993 1226 4040 necnon
1248 3977 1480 4054 provinciarum
1504 3985 1535 4039 et
1556 3979 1677 4040 Ordinis
1702 3978 1853 4058 praefato-

1104 4087 1188 4146 rum,
1214 4069 1320 4130 aliisve
1344 4069 1516 4147 quibusvis,
1539 4072 1632 4132 etiam
1662 4071 1848 4146 iuramento,

1104 4163 1340 4226 confirmatione
1365 4163 1527 4240 apostolica
1555 4164 1603 4224 vel
1626 4164 1733 4244 quavis
1755 4165 1852 4226 drmi-

1104 4263 1166 4318 tate
1186 4247 1242 4317 alii¹
1256 4256 1416 4331 roboratis,
1435 4256 1557 4318 statutis
1572 4263 1602 4317 et
1616 4258 1851 4320 consuetudini·

1103 4349 1171 4422 bus,
1193 4347 1365 4426 privilegiis
1386 4365 1519 4426 quoque,
1537 4349 1666 4410 indultis
1687 4356 1717 4410 et
1740 4350 1849 4412 litteris

1103 4440 1273 4518 apostolicis
1312 4441 1343 4502 in
1381 4441 1570 4504 contrarium
1608 4443 1850 4520 praemissorum

1102 4533 1331 4610 quomodolibet
1353 4535 1514 4609 concessis,
1537 4536 1728 4598 confirmatis
1751 4545 1782 4598 et
1803 4537 1849 4598 in·

1102 4627 1239 4702 novatis;
1262 4626 1374 4704 quibus
1394 4627 1540 4689 omnibus
1564 4635 1594 4690 et
1614 4629 1759 4704 singulis,
1783 4629 1848 4692 illo

1102 4733 1172 4780 rum
1196 4726 1318 4780 tenores
1339 4720 1551 4796 praesentibus
1566 4735 1621 4797 pro
1637 4720 1727 4798 plene
1742 4729 1773 4783 et
1787 4723 1849 4784 sul·

1103 4813 1243 4874 ficienter
1270 4811 1419 4890 expressis
1440 4829 1473 4873 ac
1501 4814 1537 4874 ad
1566 4814 1699 4876 verbum
1725 4815 1849 4876 insertis

1102 4905 1266 4980 babentes,
1299 4904 1369 4994 illis·
1390 4904 1462 4966 alias
1493 4906 1526 4966 in
1557 4923 1613 4968 suo
1643 4907 1753 4969 robore
1781 4924 1849 4986 per·

1103 4997 1267 5072 mansuris,
1289 4997 1325 5058 ad
1353 4997 1592 5076 praemissorum
1614 4999 1770 5074 effectum,
1795 5000 1849 5062 bac

1102 5092 1169 5153 vice
1194 5093 1364 5165 dumtaxat,
1387 5090 1557 5168 specialiter
1576 5099 1609 5153 et
1630 5109 1774 5170 expresse
1797 5093 1848 5154 de·

1102 5199 1264 5261 rogamus,
1287 5183 1457 5262 ceterisque
1472 5185 1634 5246 contrariis
1649 5186 1849 5264 quibuscum·

1102 5294 1172 5356 que.

1141 5371 1160 5445 ἓ
1181 5371 1210 5430 5.
1232 5369 1384 5432 Volumus
1399 5377 1502 5432 autem
1520 5377 1554 5432 ut
1570 5373 1748 5435 earumdem
1763 5389 1849 5450 prae-

1100 5463 1240 5525 sentium
1254 5463 1429 5524 litterarum
1445 5465 1658 5542 transumptis,
1673 5481 1729 5526 seu
1743 5481 1847 5526 exem-

1101 5555 1169 5633 plis,
1186 5555 1279 5617 etiam
1301 5555 1467 5632 impressis,
1484 5571 1579 5618 manu
1593 5557 1722 5619 alicuius
1736 5559 1848 5620 notarii

1102 5649 1216 5726 publici
1246 5648 1437 5725 subscriptis,
1461 5656 1491 5710 et
1512 5649 1613 5725 sigillo
1646 5666 1794 5728 personae
1814 5652 1848 5712 in

1101 5740 1299 5804 ecclesiastici
1320 5739 1471 5817 dignitate
1496 5742 1681 5804 constitutae
1706 5745 1847 5819 munitis,

1102 5835 1207 5895 eadem
1235 5849 1360 5912 prorsus
1389 5835 1462 5896 fides
1484 5834 1600 5913 ubique
1625 5834 1763 5896 locorum
1784 5843 1848 5898 tam

1101 5925 1133 5988 in
1148 5925 1262 5990 iudicio
1284 5942 1376 6006 quam
1392 5933 1479 5988 extra
1494 5926 1570 5989 illud
1591 5927 1751 6004 habeatur,
1770 5945 1849 6008 quae

1889 583 1942 638 An.
1958 585 1987 636 G.
2010 585 2077 636 1682

1912 2489 2057 2538 Clausulas.

1889 3799 2081 3846 contrariorum

1870 3851 2009 3909 derogatio.

1912 5370 1995 5416 fides¹
2007 5375 2078 5418 tran-

1866 5427 2034 5481 sumpturum.
