4878 6982
338 570 527 626 nn.o.1oor
579 573 636 636 ιιι

556 719 626 777 tum
657 711 752 776 fuerit
779 715 815 773 ut
838 709 927 774 liceat
948 706 1096 788 Episcopo
1123 702 1298 768 iniunctum

557 823 636 869 onus
667 807 814 868 reducere
839 811 870 865 et
891 801 1061 875 moderari,
1090 800 1192 877 legem
1220 799 1298 859 banc

556 900 756 974 fundationis,
776 914 870 977 quam
890 897 1009 960 decreta
1029 897 1085 958 bac
1107 895 1144 958 de
1165 909 1199 955 re
1220 891 1298 953 edita

557 1009 620 1054 non
651 993 863 1066 sustulerunt,
895 1005 960 1052 esse
991 988 1124 1052 validam
1145 994 1176 1049 et
1197 985 1315 1064 obser-¹

556 1087 699 1149 vandam.

597 1181 642 1243 ιιι
666 1199 700 1242 ιι.
724 1181 797 1242 Esse
819 1173 1070 1253 intelligendade
1090 1173 1299 1253 praescriptio·

557 1291 597 1338 ne
619 1275 694 1336 factal
719 1273 813 1334 abeo
835 1272 888 1349 qui
919 1270 1148 1346 eleemosynam
1176 1267 1297 1340 tribuit,

557 1383 621 1429 non
642 1373 746 1429 autem
761 1366 798 1426 ab
812 1363 991 1428 ordinario:
1015 1363 1096 1441 quod
1111 1362 1135 1422 si
1160 1359 1298 1421 tribuens

555 1462 784 1538 eleemosynam
817 1473 987 1520 numerum
1024 1457 1189 1518 missarum
1221 1452 1300 1513 cele-

556 1554 745 1616 brandarum
776 1567 839 1614 non
871 1549 1116 1629 praescripserit,
1150 1555 1225 1609 tunc
1254 1553 1299 1606 tot

556 1647 663 1708 missas
684 1645 830 1710 celebrari
851 1644 979 1717 debere,
1003 1652 1078 1721 quot
1099 1640 1300 1721 praescripse-

557 1741 597 1802 rit
625 1739 802 1803 Ordinarius
833 1738 1004 1800 secundum
1033 1751 1153 1798 morem
1181 1733 1225 1811 (ι)
1250 1731 1298 1794 ιιι

557 1833 744 1912 prouinciae.

598 1929 643 1990 ad
667 1943 714 1988 ιιι.
738 1926 860 1988 Teucri.

598 2022 643 2085 Ad
665 2039 706 2082 ιι.
731 2018 1044 2096 Sacerdotes,quibus
1065 2016 1171 2079 diebus
1192 2024 1299 2078 teneu-

559 2123 611 2178 tur
631 2116 740 2176 missas
760 2112 915 2175 celebrare
936 2111 1055 2172 ratione
1082 2110 1224 2171 beneficii
1245 2126 1300 2170 seu

557 2207 721 2288 cappellae,
739 2205 831 2282 legati
847 2213 899 2266 aut
919 2203 1032 2278 salarii,
1048 2203 1073 2264 si
1089 2202 1301 2280 eleemosynas

557 2317 613 2382 pro
635 2301 701 2362 aliis
722 2301 815 2362 etiam
836 2297 936 2359 missis
951 2296 1141 2358 celebrandis
1162 2311 1300 2374 suscepe-

557 2396 633 2468 rint,
657 2409 719 2456 non
740 2409 828 2472 posse
842 2389 946 2453 eadem
967 2392 1058 2452 missa
1080 2391 1205 2469 utrique
1226 2390 1300 2452 obli-

558 2488 674 2567 gationi
695 2485 877 2548 satisfacere.

599 2583 643 2644 Ad
665 2599 694 2642 v.
720 2580 857 2652 Censuit,
874 2577 927 2642 ubi
948 2578 1068 2640 nullam
1087 2585 1202 2641 certam
1223 2577 1303 2639 elee-

558 2691 720 2753 mosynam
740 2681 869 2734 testator
890 2671 1030 2749 reliquit,
1048 2687 1114 2732 esse
1128 2671 1165 2732 ab
1180 2671 1301 2749 Episco

558 2785 596 2848 po
608 2765 874 2846 praescribendam
889 2765 1118 2842 eleemosynam
1133 2779 1302 2840 congruam

558 2878 637 2940 quae
658 2857 840 2938 respondeat
867 2857 1012 2919 oneribus
1034 2857 1194 2918 missarum
1225 2857 1303 2920 cele-

557 2953 757 3028 brandarum,
779 2951 950 3014 secundum
965 2967 1086 3012 morem
1104 2951 1237 3013 civitatis
1251 2952 1300 3014 vel

559 3047 746 3126 prouinciae.

599 3139 644 3202 nd
666 3157 708 3200 ιιι.
732 3140 775 3200 ιιι
797 3154 863 3200 esse
884 3136 1095 3215 intelligenda.

600 3235 645 3296 bd
667 3251 722 3294 ιιι.
751 3230 936 3310 Respondit,
965 3233 1210 3308 permittendum
1238 3250 1301 3296 non

561 3344 627 3390 esse
648 3335 683 3390 ut
704 3325 848 3388 ecclesiae
871 3342 904 3387 ac
926 3324 989 3387 loca
1018 3325 1077 3404 pia,
1100 3341 1155 3388 seu
1176 3327 1302 3390 illorum

560 3421 835 3492 administratores,
858 3434 896 3480 ex
914 3417 1118 3497 eleemosynis
1139 3421 1304 3483 missarum

561 3513 815 3577 celebrandarum
836 3511 931 3574 ullam
946 3519 1117 3591 utcumque
1139 3513 1304 3576 minimam

561 3607 738 3686 portionem
765 3603 920 3666 retineant
940 3605 1059 3668 ratione
1084 3621 1302 3684 expensarum,

560 3717 635 3778 quas
665 3698 857 3762 subeuntia
884 3697 1049 3761 missarum
1080 3699 1302 3775 celebratione,

561 3793 621 3854 nisi
642 3808 713 3854 cum
735 3791 878 3854 ecclesiae
893 3799 923 3853 et
935 3790 999 3854 loca
1013 3793 1061 3870 pia
1076 3791 1152 3854 alios
1174 3808 1237 3854 non
1253 3794 1305 3855 ba·

560 3885 636 3948 bent
664 3883 821 3958 redditus,
849 3901 925 3963 quos
946 3884 979 3946 in
1001 3901 1093 3947 usum
1125 3885 1305 3948 earumdem

561 3993 767 4058 expensarum
778 3993 905 4055 erogare
919 3977 1003 4040 licite
1017 3979 1153 4056 possint;
1170 3987 1201 4040 et
1217 3987 1303 4054 tunc,

561 4088 653 4150 quam
668 4071 843 4149 portionem
855 4070 1048 4146 retinebunt,
1060 4072 1238 4134 nullatenus
1254 4073 1305 4136 de-

561 4165 635 4228 bere
662 4164 810 4226 excedere
834 4163 971 4225 valorem
1000 4179 1206 4242 expensarum
1228 4183 1306 4245 quae

562 4275 617 4338 pro
639 4259 770 4337 ipsomet
796 4265 919 4320 tantum
944 4256 1054 4320 missae
1085 4259 1230 4322 sacrificio
1252 4275 1305 4322 ne-

561 4351 691 4416 cessario
720 4360 795 4413 sunt
821 4350 1016 4428 subeundae,
1045 4361 1076 4413 et
1100 4351 1306 4416 nibilominus

562 4463 598 4507 eo
618 4446 714 4508 etiam
738 4461 808 4507 casu
836 4445 1009 4508 curandum
1036 4461 1116 4520 esse,
1140 4453 1175 4508 ut
1196 4463 1234 4508 ex
1255 4464 1307 4526 pe·

562 4538 673 4614 cuniis,
697 4554 774 4617 quae
795 4546 973 4616 supersunt,
997 4531 1145 4617 expensis
1158 4546 1194 4601 ut
1214 4557 1305 4619 supra

563 4631 711 4706 deductis,
734 4630 871 4693 absolute
891 4637 938 4691 tot
958 4631 1068 4692 missae
1095 4630 1303 4707 celebrentur,

562 4733 638 4804 quot
667 4725 869 4804 praescriptae
898 4723 1015 4787 luerint
1039 4725 1076 4786 ab
1105 4725 1305 4789 offerentibus

563 4819 784 4896 eleemosynas.

602 4912 647 4974 ad
668 4927 737 4972 vua.
761 4909 831 4972 Non
861 4911 973 4972 habere
1005 4911 1122 4986 locum,
1155 4912 1207 4974 sed
1233 4912 1305 4976 satis

562 5021 629 5067 esse
650 5012 685 5067 ut
705 5011 805 5066 rector
819 5003 971 5078 beneficii,
988 5005 1040 5083 qui
1060 5011 1159 5083 potest
1180 5005 1306 5068 missam

562 5113 617 5178 per
638 5097 735 5160 alium
756 5095 927 5172 celebrare,
954 5097 1068 5160 tribuat
1089 5097 1236 5160 sacerdoti
1257 5116 1304 5162 ce-

562 5181 694 5254 lebranti
705 5191 934 5270 eleemosynam
948 5206 1119 5268 congruam
1134 5191 1306 5254 secundum

562 5299 682 5346 morem
700 5285 832 5346 civitatis
846 5285 898 5346 vel
912 5285 1099 5362 provinciae,
1113 5285 1171 5346 nisi
1187 5285 1220 5346 in
1236 5286 1305 5348 lun·

562 5377 684 5440 datione
700 5378 793 5456 ipsius
804 5377 946 5439 beneficii
961 5374 1043 5442 aliud
1057 5387 1183 5440 cautum
1198 5379 1302 5442 fuerit.

602 5473 648 5533 ald
670 5488 700 5532 x.
731 5471 856 5533 Debere
877 5471 1016 5534 absolute
1046 5471 1201 5548 integram
1227 5473 1306 5534 elee-

563 5580 723 5642 mosynam
738 5565 875 5628 tribuere
889 5566 1038 5628 sacerdoli
1052 5565 1230 5641 celebranti,
1248 5582 1305 5628 nec

562 5658 659 5720 ullam
681 5659 764 5720 illius
784 5667 904 5737 partem
924 5659 980 5720 sibi
1002 5657 1138 5721 retinere
1158 5676 1254 5738 posse.

603 5753 648 5814 Ad
670 5769 713 5813 ιιι.
743 5751 923 5831 Respondit,
939 5768 1002 5814 non
1029 5752 1193 5832 probibere
1221 5753 1305 5815 abso

562 5943 565 5950 ⁴
604 5961 634 6024 ll)
649 5961 758 6010 Videtur
771 5962 860 6010 deesse
873 5969 987 6012 clottottr
1001 5965 1042 6011 vel
1056 5970 1111 6012 loct.

1073 585 1138 630 lull.
1161 581 1252 628 PONT·
1276 579 1317 624 bn
1338 581 1366 626 Ρ.
1391 581 1420 626 F·
1445 583 1527 628 PARS
1548 585 1570 628 l.
2125 561 2178 616 Ali.
2194 563 2226 616 G.
2248 563 2314 615 1697

1354 697 1434 778 lute;
1457 717 1491 763 ac
1511 707 1688 781 propterea,
1712 699 1769 762 elsi
1790 697 1936 760 oneribus
1964 695 2025 759 iam
2046 712 2096 758 su·

1352 796 1462 876 sceptis
1484 811 1547 857 non
1567 793 1781 868 satisfecerint,
1796 809 1883 876 posse
1899 799 2002 854 lamen
2017 806 2095 852 nova

1353 891 1445 952 etiam
1468 905 1560 951 onera
1582 887 1738 965 suscipere
1755 887 1919 948 missarum
1940 884 2095 948 celebrau-

1353 985 1473 1056 darum,
1496 984 1663 1046 dummodo
1692 980 1771 1043 infra
1792 980 1949 1042 modicum
1974 986 2096 1058 tempus

1353 1078 1469 1156 possint
1490 1077 1634 1138 omnibus
1653 1074 1836 1137 satisfacere.

1393 1171 1437 1233 Ad
1454 1188 1509 1232 xu.
1526 1169 1671 1246 Quamvis
1685 1185 1777 1231 onera
1792 1175 1929 1246 suscepta
1941 1167 2021 1229 infra
2032 1183 2098 1229 mo-

1353 1265 1455 1328 dicum
1482 1274 1602 1342 tempus
1623 1263 1784 1341 adimpleri
1812 1269 1985 1340 nequeant,
2007 1261 2032 1322 si
2054 1269 2096 1322 ta-

1354 1375 1426 1422 men
1448 1359 1676 1436 eleemosynam
1700 1373 1755 1436 pro
1775 1357 1906 1418 aliarum
1933 1357 2096 1416 missarum

1353 1454 1558 1516 celebratione
1579 1451 1711 1514 offerens
1726 1450 1771 1528 (2)
1785 1451 1816 1512 id
1835 1451 1909 1511 sciat
1924 1459 1954 1512 et
1968 1465 2098 1511 consen-

1354 1548 1407 1610 tiat
1429 1554 1464 1609 ιιι
1486 1547 1553 1608 illae
1574 1553 1649 1607 tunc
1667 1546 1791 1606 demum
1814 1543 2012 1606 celebrentur
2026 1558 2096 1604 cum

1353 1641 1500 1719 susceptis
1528 1639 1673 1702 oneribus
1700 1637 1888 1700 satisfactum
1916 1637 2024 1711 fuerit,
2047 1638 2097 1698 de·

1353 1743 1476 1797 cretum
1499 1749 1562 1795 non
1584 1733 1759 1812 probibere,
1782 1732 1950 1810 quominus
1971 1746 2007 1791 eo
2028 1745 2097 1792 casu

1353 1828 1551 1906 eleemosyna
1584 1825 1747 1905 accipiatur
1778 1841 1834 1904 pro
1864 1823 1972 1886 iisdem
1999 1823 2098 1884 missis

1354 1921 1438 1982 iuxta
1459 1919 1662 1982 benefactoris
1682 1933 1868 1980 consensum
1889 1915 2089 1978 celebrandis.

1394 2015 1439 2078 ad
1461 2031 1530 2074 ιιιιι.
1554 2013 1613 2074 llas
1633 2027 1746 2091 poenas
1765 2027 1829 2073 non
1851 2009 1963 2072 habere
1984 2009 2098 2084 locum,

1354 2108 1413 2170 nisi
1436 2107 1468 2170 in
1490 2106 1679 2184 suscepturis
1699 2120 1793 2166 onera
1819 2111 1968 2182 perpetua
1995 2102 2101 2164 missa-

1354 2216 1425 2262 rum
1447 2199 1700 2260 celebrandarum
1723 2198 1790 2258 sine
1812 2195 1935 2258 licentia
1960 2193 2100 2272 Episcopi

1355 2293 1404 2354 vel
1426 2291 1493 2353 eius
1508 2292 1661 2368 generalis
1678 2290 1796 2362 vicarii,
1813 2297 1865 2350 aut
1881 2287 2035 2364 generalis
2050 2286 2101 2347 vel

1356 2385 1564 2464 provincialis.

1395 2479 1441 2542 td
1463 2496 1528 2540 ιιι.
1553 2477 1792 2555 Comprehendi.

1395 2574 1440 2636 Ad
1463 2589 1512 2634 xv.
1537 2572 1606 2634 Nou
1627 2588 1715 2650 posse
1735 2571 1794 2632 nisi
1817 2571 1855 2632 de
1877 2585 2029 2632 consensu
2051 2585 2101 2631 eo-

1355 2684 1427 2730 rum
1448 2667 1501 2746 qui
1523 2667 1733 2744 eleemosynas
1759 2665 1920 2738 tribuunt,
1944 2671 1979 2726 ut
2009 2679 2100 2742 supra

1357 2762 1389 2824 in
1411 2761 1610 2840 responsione
1632 2759 1668 2820 ad
1689 2775 1747 2820 ιιιι.

1396 2855 1441 2917 ad
1462 2869 1527 2916 ιιιι.
1552 2852 1779 2931 Comprehendi
1794 2852 1887 2914 etiam
1903 2852 2037 2929 privatos
2056 2867 2101 2912 sa-

1356 2949 1504 3011 cerdotes.

1396 3041 1442 3105 ald
1463 3057 1541 3102 ιιιιι.
1565 3039 1694 3103 Numeri
1720 3039 1941 3119 praefixionem
1962 3054 2027 3101 esso
2047 3039 2103 3100 ite-

1357 3151 1428 3197 rum
1448 3134 1634 3210 faciendam,
1656 3132 1775 3196 servati
1803 3131 1901 3194 forma
1922 3131 2026 3194 ultimi
2052 3133 2101 3195 de

1357 3230 1433 3292 creti
1454 3228 1511 3289 bac
1533 3229 1570 3291 de
1591 3245 1625 3290 re
1646 3228 1730 3290 editi.

1398 3321 1441 3386 Ad
1464 3339 1555 3384 ιιιιιι.
1580 3323 1653 3384 Esse
1675 3321 1879 3384 admittendos
1894 3319 2102 3399 adprofessio-

1359 3432 1450 3490 nem,
1473 3415 1499 3477 si
1520 3415 1590 3477 alias
1619 3415 1733 3477 habiles
1764 3417 1910 3483 existant,
1933 3431 1965 3478 ac
1991 3414 2101 3476 deinde

1358 3511 1390 3572 in
1413 3509 1515 3588 aliquo
1538 3509 1595 3570 alio
1617 3509 1805 3570 monasterio
1827 3507 1965 3572 eiusdem
1979 3508 2103 3585 religio-

1358 3605 1407 3666 nis
1428 3619 1493 3666 esse
1515 3603 1717 3678 collocandos,
1734 3602 1786 3666 ubi
1801 3604 1962 3666 commode
1982 3601 2021 3662 ali
2036 3618 2103 3681 pos-

1358 3698 1430 3760 sint.
1991 3767 1994 3774 ,

1399 3790 1444 3853 Αιι
1466 3805 1532 3852 ιιιιι.
1557 3791 1685 3854 Censuit
1706 3789 1981 3868 comprehendere.

1399 3884 1624 3948 ultitimum.
1659 3883 1777 3946 Habere
1806 3883 1910 3946 locum
1937 3891 2023 3946 extra
2044 3885 2104 3946 lta-

1359 3978 1442 4040 liam.

1400 4073 1524 4136 Cosuus
1553 4071 1721 4136 Cardinalis
1742 4087 1782 4132 nn
1807 4072 1942 4135 Tonans.
1966 4105 2004 4120 —
2025 4073 2102 4135 Pno-

1360 4183 1436 4229 sann
1459 4169 1632 4229 Faunaaus
1653 4181 1755 4228 sacrae
1781 4165 2035 4244 Congregationis
2056 4182 2103 4228 se·

1360 4261 1552 4324 cretarius».

1399 4355 1489 4416 «lli.
1514 4353 1596 4417 Cum
1619 4361 1723 4416 autem
1743 4369 1836 4432 super
1864 4353 2037 4431 praemissis
2058 4353 2102 4415 di·
2173 4366 2270 4412 causas
2285 4374 2329 4410 no-

1361 4448 1442 4509 versi
1463 4447 1645 4526 irrepserint
1666 4447 1788 4522 abusus,
1812 4447 2000 4525 illorumque
2020 4429 2210 4520 ooca·{'8{1¹1¹,{',¹
2229 4420 2330 4534 ρὲῗξξ»

1359 4542 1446 4603 sione
1466 4541 1665 4621 quamplures
1685 4540 1829 4619 querelae
1850 4549 1881 4609 et
1901 4557 2045 4603 recursus
2065 4539 2102 4601 ad
2120 4527 2235 4626 p²l¹⁰¹¹¹⁵
2249 4529 2330 4572 ΕΜ·

1359 4632 1566 4712 apostolicam
1595 4631 1706 4695 Sedem
1733 4633 1953 4711 pervenerint,
1975 4633 2102 4712 cupiens
2119 4583 2330 4680 fflnrffiffitf·

1359 4726 1465 4788 eadem
1498 4727 1702 4804 congregatio
1734 4726 1943 4790 Cardinalium
1973 4725 2103 4790 Concilii
2120 4697 2330 4788 ἓῗιῃοιῖιᾞῦῗὲ
2407 4781 2408 4786 ,

1360 4819 1536 4882 Tridentini
1558 4820 1766 4899 interpretum
1781 4819 1959 4884 huiusmodi
1973 4822 2102 4884 detesta-

1359 4913 1436 4975 biles
1457 4913 1569 4974 abusus
1589 4931 1606 4975 e
1627 4914 1791 4976 christiani
1812 4914 1967 4992 republica
1987 4931 2043 4993 pro
2057 4915 2104 4976 vi-

1360 5005 1445 5068 ribus
1467 5005 1611 5082 evellere,
1628 5025 1661 5068 ac
1675 5013 1849 5086 opportune
1864 5007 2038 5086 providere,
2054 5015 2100 5084 ut,

1359 5099 1486 5161 sublatis
1507 5098 1680 5175 fraudibus,
1704 5117 1737 5162 ac
1757 5099 1918 5162 emendata
1940 5101 2103 5178 negligen-

1360 5193 1411 5266 tid,
1434 5192 1500 5270 piae
1528 5193 1759 5270 disponentium
1787 5210 1841 5254 seu
1870 5193 2102 5256 benefactorum

1360 5285 1513 5348 voluntati
1536 5285 1609 5348 fides
1630 5286 1745 5348 illibata
1766 5293 1918 5368 servetur,
1942 5286 2102 5349 defuncto-

1359 5395 1431 5440 rum
1461 5379 1622 5442 animabus
1652 5380 1772 5457 integra
1794 5387 1823 5442 et
1848 5387 1989 5459 prompta
2016 5395 2102 5459 prae-

1359 5478 1482 5534 stentur
1496 5473 1651 5549 suffragia,
1669 5473 1838 5552 itidemque
1852 5475 1914 5535 Deo
1925 5473 2024 5536 maior
2038 5473 2102 5550 glo·

1359 5565 1402 5627 ria
1424 5572 1454 5626 et
1476 5566 1611 5628 ecclesiis
1642 5567 1846 5646 praestantior
1867 5568 1967 5630 cultus
1986 5569 2103 5644 redda-

1359 5666 1423 5734 tur,
1445 5661 1568 5738 praevia
1594 5660 1774 5722 auctoritate
1796 5677 1851 5739 per
1871 5661 2101 5724 sanctissimum

1359 5751 1521 5814 dominum
1531 5759 1674 5816 nostrum
1685 5754 1904 5816 innocentium
1918 5754 2022 5817 diuina
2032 5771 2101 5834 pro·

1327 5969 1334 6038 l
1400 5967 1430 6024 ιι)
1445 5970 1537 6014 vocem
1553 5969 1666 6020 offerens
1680 5967 1718 6012 ed.
1735 5967 1839 6012 Tauria.
1854 5965 1934 6013 addit.

2121 4795 2232 4842 vembris
2249 4795 2307 4841 edit.
2407 4855 2408 4868 ἵ
