4866 6980
355 550 409 605 An.
423 551 453 606 0.
475 551 544 606 1683
591 547 632 614 58

573 703 659 763 men,
681 694 717 749 ut
737 685 794 761 illi,
810 685 863 764 qui
883 691 958 748 sunt
980 701 1018 747 ex
1039 683 1199 763 provincii
1214 683 1245 748 S.
1256 687 1320 746 dn-

573 781 663 855 ionii,
679 780 815 842 iudicent
829 795 933 841 causas
947 778 1121 857 provinciae
1138 775 1318 855 Conceptio-

573 873 633 949 nis,
657 879 687 934 et
708 879 863 934 econtra.
894 871 948 934 llle
969 880 1090 946 autem,
1118 871 1172 949 qui
1201 879 1317 931 ceteros

572 965 737 1046 praecedit,
753 965 812 1028 erit
829 965 955 1026 illorum
976 980 1098 1043 praeses
1113 969 1148 1027 ut
1163 963 1232 1024 illos
1246 979 1319 1024 con·

571 1069 661 1120 vocet
691 1065 723 1119 et
748 1064 915 1134 congreget
947 1058 1069 1136 quando
1100 1072 1177 1135 opus
1204 1055 1316 1132 luerit,

571 1167 635 1212 uno
657 1167 731 1212 vero
753 1165 791 1212 ex
820 1151 885 1212 istis
906 1165 962 1228 per
988 1156 1123 1212 mortem
1151 1149 1202 1211 vel
1227 1148 1316 1210 aliam

571 1241 743 1319 legitimam
772 1258 893 1304 causam
921 1243 1101 1317 deficiente,
1130 1241 1207 1304 alius
1233 1249 1318 1320 peter

570 1335 742 1397 secundum
757 1335 899 1397 ordinem
916 1335 1144 1412 praecedentiae
1165 1333 1317 1410 intelliga-

572 1436 622 1490 tur
643 1429 708 1506 ipso
727 1427 806 1491 tacto
827 1429 1030 1505 substitutus;
1052 1428 1271 1505 durabuntque
1285 1427 1317 1488 in

569 1523 677 1583 eodem
700 1521 801 1584 cilicio
823 1535 878 1600 per
899 1521 1084 1597 triennium,
1100 1522 1129 1584 id
1146 1527 1191 1582 est
1212 1522 1248 1582 de
1271 1535 1318 1581 ca-

569 1614 669 1692 pitulo
683 1613 719 1676 ad
741 1614 922 1693 capitulum,
938 1621 970 1676 et
983 1631 1076 1692 super
1096 1614 1316 1692 appellationes

569 1708 717 1786 praelatas
727 1707 888 1770 definitive
903 1715 934 1770 et
950 1708 1148 1770 terminative
1167 1707 1318 1770 11111001-

569 1801 675 1862 111110111
687 1801 1018 1864 nostrumauctoritate
1029 1801 1131 1863 nostru
1142 1801 1316 1864 secundum

569 1893 728 1970 religionis
739 1894 859 1972 praxim
874 1902 905 1954 et
919 1893 1002 1970 leges
1016 1893 1193 1956 iudicabunt
1204 1899 1235 1954 et
1245 1909 1315 1954 sen-

569 1986 756 2048 tentiabunt.
781 1985 889 2049 Omnia
911 2002 986 2048 vero
999 1986 1185 2064 supradicta,
1201 1985 1315 2047 scilicet

569 2079 741 2142 nominatio
762 2078 968 2154 visitatorum,
982 2079 1203 2140 nominationis
1218 2087 1316 2140 trans-

568 2172 673 2234 missio
693 2172 730 2233 ad
755 2172 935 2234 ministrum
964 2171 1158 2248 generalem,
1187 2173 1316 2250 eiusque

567 2265 737 2342 responsio,
753 2282 808 2328 seu
830 2273 979 2344 patentes,
997 2273 1027 2326 et
1043 2264 1191 2326 iudicium
1214 2265 1314 2343 appel·

567 2357 730 2433 lationum‚
754 2359 913 2434 ingressus
926 2357 961 2419 ad
976 2357 1124 2430 officium,
1142 2357 1314 2420 secundum

567 2460 773 2529 tempusque
798 2451 1008 2527 contigerint,¹
1034 2452 1066 2512 in
1089 2451 1166 2514 libro
1188 2459 1313 2513 actuum

567 2545 744 2622 provinciae
766 2543 900 2605 tideliter
921 2551 1081 2606 notentur.
1110 2544 1314 2623 Praecipimus

566 2636 692 2698 tandem
704 2637 736 2698 in
747 2636 865 2698 virtute
876 2643 997 2698 sanctae
1011 2637 1204 2700 obedientiae
1215 2639 1315 2700 omni-

566 2730 623 2791 bus
644 2737 675 2790 et
694 2729 827 2806 singulis
842 2731 1072 2807 provinciarum
1087 2731 1313 2807 praedictarum

566 2823 704 2900 patribus
731 2829 762 2882 et
784 2821 927 2884 iratribus
953 2823 1165 2901 superioribus
1192 2833 1222 2886 et
1242 2825 1315 2886 sub·

566 2913 647 2988 ditis,
671 2924 825 2992 quatenus
846 2915 987 2992 praelatis
1012 2919 1125 2977 nostris
1146 2917 1314 2978 ordinatio-

566 3007 658 3068 nibus
679 3018 710 3069 et
731 3008 872 3082 decretis,
885 3025 940 3087 pro
962 3009 1053 3083 bono,
1076 3025 1147 3087 paee
1162 3017 1192 3072 et
1207 3011 1313 3088 quiete

564 3101 749 3162 eorumdem
772 3101 872 3176 iactis,
896 3101 1075 3163 nullatenus
1102 3119 1134 3164 se
1156 3119 1312 3182 opponere

565 3196 714 3268 audeant,
746 3195 798 3255 sed
820 3195 865 3269 ed,
888 3211 947 3272 qua
969 3211 1023 3272 par
1046 3203 1104 3270 est,
1127 3198 1311 3276 promptitu-

564 3285 638 3348 dine
660 3295 784 3364 pareant
805 3293 836 3347 et
861 3287 1014 3350 obediant.

605 3408 717 3470 Datum
733 3405 775 3468 in
798 3415 954 3470 conventu
977 3417 1082 3471 nostro
1104 3411 1134 3473 S.
1159 3413 1312 3476 Francisci

564 3500 678 3563 Matriti
696 3501 746 3563 die
760 3517 849 3562 xxrx.
866 3502 982 3562 mensis
998 3503 1063 3564 iulii
1079 3519 1268 3567 nuccxxxn.

603 3623 710 3684 Frater
731 3621 854 3684 Pennus
875 3621 1023 3684 llxnrnus
1044 3624 1199 3689 llinorum
1217 3643 1310 3704 gene-

564 3715 645 3778 ralis.

604 3811 647 3872 lle
661 3809 804 3872 mandato
817 3825 890 3872 suae
905 3811 1190 3889 reverendissimae,
1203 3815 1240 3876 tr.
1257 3815 1311 3880 Su-

563 3919 741 3964 0101110οε
760 3919 801 3964 m:
815 3907 945 3966 donoro
959 3907 1141 3971 secretarius
1157 3909 1310 3984 generalis

562 3995 695 4060 Ordinis.
719 3997 858 4076 depistr.
884 3995 950 4060 Fit.
974 3998 1108 4071 Probae,
1130 4008 1225 4062 etc.»

601 4131 669 4206 §2-
694 4133 773 4194 Cum
794 4141 910 4207 autem,
932 4133 1011 4196 sicut
1032 4133 1139 4196 eadem
1160 4137 1309 4215 expositio

560 4225 782 4301 subiungebat,
809 4227 881 4289 dicti
910 4237 1100 4304 exponentes
1126 4231 1307 4306 praemissa,

560 4317 753 4396 quotlrmius
764 4319 1148 4383 subsistantetserventur
1159 4324 1306 4399 exactius,

560 4411 1307 4492 apostolicaeconilrmationisnostroepatrocinio

559 4502 748 4566 communiri
778 4519 979 4582 summopore
1002 4505 1194 4569 desiderent:
1230 4525 1305 4584 nos,

559 4597 722 4674 specialem
737 4596 808 4674 ipsis
823 4598 1049 4675 exponentibus
1064 4601 1195 4675 gratiam
1208 4602 1307 4664 lacere

560 4689 718 4764 volentes,
741 4696 771 4750 et
792 4707 902 4752 eorum
923 4691 1098 4766 singulares
1123 4709 1268 4773 personas
1289 4713 1305 4756 a

559 4783 720 4862 quibusvis
735 4783 1074 4859 excommunicationis,
1093 4787 1306 4865 suspensionis

559 4885 590 4938 et
611 4875 779 4950 interdicti,
801 4875 931 4954 aliisque
948 4875 1158 4938 ecclesiasticis
1179 4889 1307 4942 senten-

559 4968 620 5043 tiis,
643 4969 782 5029 censuris
803 4977 834 5030 et
852 4968 970 5046 poenis,
993 4970 1094 5030 aiure
1119 4970 1168 5030 vel
1193 4973 1229 5033 ab
1251 4974 1304 5034 bo·

557 5061 656 5136 mine,
686 5061 793 5140 quavis
814 5061 971 5122 occasione
994 5061 1044 5124 vel
1066 5065 1154 5124 causi
1176 5063 1256 5139 latis,
1278 5066 1304 5126 si

556 5155 671 5232 quibus
695 5155 928 5232 quomodolibet
957 5155 1122 5218 innodatae
1151 5158 1302 5234 existunt,

556 5247 593 5308 ad
618 5247 764 5309 ellectum
786 5247 997 5325 praesentium
1018 5251 1178 5311 dumtaxat
1199 5267 1305 5312 conse·

556 5341 727 5417 quendum,
748 5341 860 5402 barum
882 5341 962 5402 serie
982 5341 1176 5406 absolventes
1201 5351 1232 5405 et
1253 5345 1302 5406 ab

555 5431 670 5494 solutes
697 5431 959 5508 succensentes,
982 5434 1159 5498 huiusmodi
1186 5437 1301 5514 suppli-

554 5525 726 5586 cationibus
747 5541 857 5588 eorum
878 5527 1007 5588 nomine
1032 5527 1119 5590 nobis
1141 5529 1302 5592 humiliter

555 5618 703 5695 porrectis
725 5618 879 5694 inclinati,
901 5621 1107 5699 praeinsertas
1137 5624 1300 5684 memorati

555 5709 637 5771 Petri
648 5709 757 5772 llarini
772 5712 907 5774 ministri
930 5713 1082 5790 generalis
1097 5721 1236 5793 patentes
1252 5716 1301 5778 lit-

555 5809 644 5878 teras,
667 5819 738 5864 cum
759 5805 905 5866 omnibus
919 5815 950 5868 et
963 5807 1095 5883 singulis
1116 5808 1150 5869 in
1170 5809 1213 5869 eis
1228 5825 1299 5870 con-

557 5896 661 5972 tentis,
683 5897 864 5959 auctoritate
884 5900 1058 5977 apostolici,
1082 5908 1190 5963 tenore
1214 5919 1300 5981 prae·

2116 11 2427 150 1-1

1096 566 1162 612 lllll.
1185 563 1277 611 PONT·
1300 563 1341 608 ott
1362 562 1393 608 P·
1416 562 1446 610 F·
1469 565 1553 610 PARS
1573 565 1596 612 l.

1371 683 1521 760 sentium,
1548 685 1769 747 confirmamus
1791 689 1822 746 et
1847 681 2062 762 approbamus
2085 681 2122 744 il·

1372 777 1471 856 lisque
1493 777 1679 840 inviolabilis
1693 776 1874 856 apostolicae
1896 775 2052 838 firmitatis
2072 791 2122 836 ro-

1372 871 1430 933 bur
1450 871 1621 946 adiicimus,
1645 887 1677 934 ac
1698 886 1807 932 omnes
1828 877 1859 932 et
1883 869 2023 948 singulos
2044 870 2121 932 iuris

1371 971 1402 1026 et
1424 963 1493 1025 lacti
1515 963 1663 1038 delectus,
1685 963 1711 1025 si
1731 963 1786 1042 qui
1807 965 1938 1042 desuper
1953 965 2121 1041 quomodo·

1372 1057 1446 1118 libet
1468 1055 1710 1132 intervenerint,
1732 1056 1922 1135 supplemus.

1411 1149 1480 1224 53.
1514 1149 1691 1214 Mandantes
1723 1157 1904 1229 propterea,
1932 1151 1964 1212 in
2001 1150 2120 1212 virtute

1371 1249 1493 1305 sanctae
1523 1244 1717 1306 obedientiae
1748 1261 1782 1306 ac
1808 1244 1866 1306 sub
1897 1243 2120 1320 indignationis

1372 1343 1506 1417 nostrae,
1529 1336 1658 1416 aliisque
1679 1344 1803 1412 nostro,
1826 1352 1881 1399 seu
1903 1353 1958 1416 pro
1979 1343 2120 1415 tempore

1371 1429 1532 1490 existentis
1554 1429 1684 1491 Romani
1701 1429 1855 1492 Pontiilcis
1875 1429 2001 1492 arbitrio
2022 1430 2120 1508 impo-

1371 1521 1482 1585 nendis
1503 1521 1626 1600 poenis,
1649 1523 1793 1584 omnibus
1815 1529 1847 1584 et
1867 1521 2000 1598 singulis
2024 1523 2118 1586 dicto-

1370 1630 1442 1676 rum
1457 1613 1578 1677 Ordinis
1589 1622 1620 1676 et
1634 1615 1811 1693 provinciae
1824 1614 2047 1693 superioribus,
2060 1614 2119 1676 ira-

1371 1707 1469 1770 tribus
1485 1715 1515 1769 et
1526 1707 1678 1785 personis,
1700 1707 1873 1786 ceterisque
1893 1709 1927 1770 ad
1944 1724 2021 1785 quos
2034 1723 2119 1786 spec·

1370 1808 1414 1862 tat
1435 1805 1465 1862 et
1488 1815 1543 1878 pro
1566 1808 1706 1879 tempore
1737 1800 1904 1879 spectabit,
1936 1806 1969 1860 ut
1996 1801 2117 1862 easdem

1371 1901 1547 1972 praesentes
1569 1893 1685 1955 litteras
1700 1901 1731 1956 et
1753 1894 1785 1954 in
1807 1893 1851 1954 eis
1864 1901 2010 1956 contenta
2026 1909 2118 1972 quae-

1369 2001 1504 2063 cumque
1521 1985 1651 2048 fideliter
1661 1987 1836 2048 executioni
1848 1985 2049 2061 demandent,
2061 2001 2115 2047 seu

1369 2079 1548 2142 demandari
1563 2085 1675 2142 curent
1688 2088 1718 2142 et
1730 2079 1858 2155 laciant;
1871 2097 1904 2141 uc
1915 2079 2117 2142 decernentes

1370 2171 1447 2249 ipsas
1468 2182 1643 2250 praesentes
1666 2172 1783 2234 litteras
1798 2189 1920 2251 semper
1936 2173 2051 2248 llrmas,
2067 2189 2117 2232 va·

1369 2263 1443 2324 lidas
1464 2272 1495 2326 et
1517 2263 1653 2326 efficaces
1677 2267 1812 2326 existere
1833 2273 1864 2328 et
1883 2265 1961 2339 iore,
1982 2280 2116 2342 suosque

1369 2356 1522 2434 plenarios
1537 2367 1567 2419 et
1582 2357 1721 2434 integros
1737 2359 1866 2421 ellectus
1886 2359 1991 2420 sortiri
2012 2365 2043 2420 et
2064 2359 2116 2422 obe

1369 2449 1482 2525 tinere,
1505 2467 1538 2512 ac
1559 2451 1630 2526 illis,
1646 2453 1681 2514 ad
1696 2467 1773 2530 quos
1792 2459 1908 2530 spectat
1922 2459 1953 2512 et
1967 2467 2023 2530 pro
2038 2457 2117 2512 tem-

1368 2557 1442 2620 pore
1462 2541 1721 2622 quandocumque
1741 2545 1900 2622 spectabit,
1917 2545 1950 2605 in
1972 2543 2115 2606 omnibus

1367 2642 1398 2696 et
1419 2651 1474 2713 per
1495 2636 1599 2698 omnia
1627 2637 1806 2714 plenissime
1831 2637 2004 2714 suilragari,
2027 2645 2058 2698 et
2078 2637 2115 2698 ab

1366 2728 1411 2788 eis
1432 2730 1602 2806 respective
1623 2729 1843 2792 inviolabiliter
1867 2729 2036 2804 observari,
2059 2729 2114 2790 sic-

1366 2835 1427 2898 que
1451 2821 1483 2882 in
1504 2821 1679 2899 praemissis
1696 2839 1752 2901 per
1766 2838 1980 2902 quoscumque
2001 2821 2115 2886 iudices

1366 2914 1537 2976 ordinarios
1561 2923 1593 2976 et
1625 2915 1798 2991 delegatos,
1832 2917 1925 2978 etiam
1953 2931 2114 2978 causarum

1367 3007 1468 3084 palatii
1484 3007 1642 3085 apostolici
1663 3009 1830 3082 auditores,
1862 3009 1989 3070 iudicari
2011 3015 2042 3070 et
2063 3006 2114 3068 de-

1367 3099 1450 3160 liniri
1471 3101 1595 3176 debere,
1618 3119 1651 3162 ac
1673 3102 1800 3164 irritum
1812 3109 1842 3162 et
1857 3101 1963 3176 inane,
1980 3101 2005 3161 si
2027 3116 2114 3161 secus

1364 3206 1458 3268 super
1482 3191 1531 3252 bis
1551 3209 1567 3252 a
1592 3209 1760 3272 quoquam,
1783 3194 1891 3272 quavis
1918 3193 2112 3268 auctoritate,

1364 3285 1499 3346 scienter
1520 3285 1570 3348 vel
1598 3287 1793 3363 ignoranter,
1821 3286 1989 3362 contigerit
2013 3291 2113 3348 atten-

1366 3378 1432 3438 turi.

1405 3471 1424 3544 ἓ
1445 3469 1473 3530 l.
1489 3469 1558 3532 Non
1580 3471 1770 3534 obstantibus
1792 3472 1977 3551 praemissis,
1993 3489 2026 3534 ac
2040 3487 2111 3534 con·

1362 3561 1576 3626 stitutionibus
1598 3573 1629 3625 et
1655 3565 1902 3638 ordinationibus
1927 3565 2110 3644 apostolicis,

1364 3673 1486 3720 necnon
1508 3658 1739 3734 provinciarum
1759 3665 1791 3720 et
1812 3658 1935 3722 Ordinis
1963 3657 2110 3736 praelato-

1364 3765 1447 3824 rum,
1469 3751 1577 3812 aliisve
1602 3751 1775 3829 quibusvis,
1801 3752 1896 3834 etiam
1921 3751 2109 3826 iuramento,

1363 3843 1597 3905 confirmatione
1611 3843 1787 3923 apostolica,
1797 3844 1847 3906 vel
1859 3843 1966 3922 quavis
1981 3843 2110 3905 firmita-

1364 3935 1460 3997 tealid
1472 3937 1632 4012 roboratis,
1643 3938 1767 4000 statutis
1778 3944 1809 3998 et
1820 3936 2109 4012 consuetudinibus,

1363 4029 1534 4108 privilegiis
1555 4045 1690 4108 quoque,
1710 4031 1838 4094 indultis
1860 4037 1891 4092 et
1913 4029 2025 4092 litteris
2039 4044 2110 4108 apo-

1361 4121 1477 4184 stolicis
1498 4123 1531 4184 in
1552 4124 1745 4186 contrarium
1766 4123 2006 4202 praemissorum
2033 4138 2109 4202 quo-

1362 4214 1530 4278 modolibet
1552 4217 1719 4290 concessis,
1742 4217 1931 4278 confirmatis
1963 4222 1994 4276 et
2018 4215 2108 4276 inno·

1361 4309 1457 4385 vatis;
1480 4310 1592 4387 quibus
1606 4310 1752 4371 omnibus
1769 4317 1801 4371 et
1821 4309 1965 4386 singulis
1982 4308 2108 4372 illorum

1361 4411 1484 4464 tenores
1498 4404 1711 4481 praesentibus
1726 4420 1780 4482 pro
1796 4403 1887 4482 plene
1907 4411 1937 4466 et
1951 4404 2108 4465 sullicien·

1362 4501 1408 4554 ter
1421 4495 1573 4574 expressis
1587 4513 1621 4557 ac
1642 4499 1677 4558 ad
1700 4496 1832 4558 verbum
1854 4497 1978 4558 insertis
1993 4497 2107 4560 baben·

1361 4595 1418 4662 tes,
1441 4588 1502 4649 illis
1525 4589 1598 4650 alids
1620 4590 1652 4650 in
1673 4605 1729 4650 suo
1751 4589 1861 4651 robore
1881 4589 2105 4668 permansuris,

1359 4681 1395 4742 ad
1417 4683 1658 4759 praemissorum
1677 4682 1834 4758 ellectum,
1851 4683 1907 4744 bac
1928 4683 1996 4744 vice
2017 4683 2105 4746 dum-

1359 4778 1453 4850 tuxat,
1475 4775 1649 4853 specialiter
1670 4783 1700 4836 et
1722 4791 1866 4853 expresse
1899 4777 2104 4857 derogamus,

1358 4867 1531 4952 ceterisque
1552 4865 1717 4928 contrariis
1737 4867 1994 4945 quibuscumque.

1398 4961 1512 5022 Datum
1532 4960 1646 5022 Romae
1666 4961 1748 5038 apud
1769 4959 1799 5022 S.
1816 4959 1956 5035 Petrum,
1972 4959 2031 5023 sub
2051 4977 2106 5022 an-

1359 5053 1435 5115 nulo
1457 5053 1629 5130 Piscatoris,
1645 5053 1694 5115 die
1710 5069 1780 5114 xur.
1798 5053 1870 5114 maii
1886 5069 2103 5132 uncuxxxrn,

1358 5147 1555 5224 pontificatus
1577 5147 1675 5208 nostri
1697 5163 1779 5209 anno
1801 5163 1856 5207 vu.

1654 5348 1851 5355 -..ῳ-..φ-

1682 5526 1776 5588 xvll.

1357 5713 1531 5792 Confirmat
1556 5713 1718 5774 decretum
1739 5711 2004 5792 Corcprcpctionis
2027 5716 2105 5794 Epi-

1395 5823 1560 5884 scoporum
1576 5813 1606 5867 ct
1621 5803 1834 5885 cholert'ont
1855 5806 2034 5884 approbans
2055 5809 2103 5872 01-

1396 5901 1591 5962 ternaticunt
1613 5899 1701 5960 ieter
1722 5900 1879 5978 Hispanos
1908 5909 1938 5963 et
1966 5901 2102 5965 Criollos

2152 543 2210 598 An.
2221 545 2254 598 (l.
2275 542 2348 596 1683

2181 1145 2332 1194 Clausulae.

2151 3471 2348 3521 Contrariorum

2130 3522 2270 3582 derogatio.
