4878 6982
995 595 1136 652 CLEMENS
1157 598 1201 651 Xl.

328 717 413 780 tonio
434 717 584 798 Episcopo
605 715 821 798 adhaeserunt,
843 721 958 787 eisdem
976 731 1007 786 et
1020 739 1072 786 eo·

327 827 399 873 rum
430 811 553 874 lamiliis
584 822 647 876 tam
679 814 711 876 in
742 818 877 893 puritate
910 817 1071 896 sanguinis

326 920 420 982 quam
442 905 474 966 in
496 906 670 982 nobilitate,
686 915 778 986 prout
800 909 893 972 etiam
914 909 1012 989 quoad
1028 909 1072 972 ol-

327 997 392 1058 llcia
408 1006 440 1059 et
453 1013 670 1078 quaecumque
691 1001 839 1064 beneficia
860 1018 932 1065 cum
954 1004 1026 1066 curt
1041 1010 1071 1064 et

325 1090 392 1152 sine
413 1092 496 1165 curt,
512 1093 710 1156 canonicatus
731 1099 761 1156 et
776 1095 962 1172 praebendas
980 1113 1014 1158 ac
1027 1095 1071 1159 di-

327 1183 472 1259 gnitates,
494 1185 589 1246 etiam
610 1186 735 1263 primas,
758 1201 881 1250 necnon
910 1205 1071 1268 quascum-

326 1289 388 1351 que
409 1275 597 1340 cathedrales
612 1285 643 1340 ct
662 1279 916 1358 metropolitanas
929 1281 1071 1344 ecclesias

326 1367 523 1443 obtinendas,
547 1369 671 1432 nullum
698 1371 921 1448 praeiudicium
949 1374 1070 1437 illatum

326 1459 430 1536 luisse,
442 1478 476 1524 ac
490 1461 550 1523 illis
562 1479 669 1526 omnes
683 1465 814 1527 mulctas
828 1466 948 1546 aliaque
962 1469 1071 1532 damna

325 1570 410 1632 passa
431 1553 546 1632 pariter
573 1557 737 1620 reficienda
758 1575 835 1635 esse,
858 1568 889 1623 et
913 1576 1071 1638 processus

325 1656 432 1710 eontra
453 1648 576 1712 eosdem
597 1649 743 1714 formatos
754 1668 810 1731 pro
829 1652 949 1716 abolitis
964 1660 995 1716 et
1008 1671 1070 1716 cas-

324 1741 396 1803 satis
417 1741 573 1804 babendos
594 1759 676 1819 esse,
705 1745 887 1808 anctoritate
908 1753 939 1808 et
960 1755 1070 1810 tenore

325 1833 466 1914 praelatis
487 1835 593 1898 itidem
615 1837 818 1901 declaramus.

124 1930 307 1976 nonasterium
365 1927 438 2003 §A
471 1929 602 2007 insuper
633 1932 858 1995 subiectionem
892 1935 1070 1996 monasterii

101 1982 248 2028 monialium
282 1983 305 2030 S.
404 2021 410 2033 .
445 2021 450 2032 .
852 2027 858 2038 .
885 2026 891 2038 .
941 2028 946 2038 .

100 2036 180 2080 nasae
201 2037 308 2098 perseo-
326 2021 510 2084 monialium
542 2023 672 2087 Sanctae
699 2025 804 2088 Clarae
832 2035 963 2089 crvrtaus
985 2043 1071 2107 prae·

101 2100 129 2187 E?
144 2087 307 2190 ffiqbssssssssffij
325 2115 423 2178 dictae
451 2116 552 2178 eidem
578 2117 719 2180 illicbabli
746 2119 882 2181 Antonio
910 2121 1068 2200 Episcopo,

101 2205 167 2293 {¹3⁰⁵
191 2197 306 2252 aaaron·
325 2208 410 2272 iuxta
432 2209 670 2273 declarationem
685 2219 760 2275 tunc
774 2214 976 2277 existentium
991 2215 1071 2277 eius·

325 2303 396 2365 dem
417 2303 542 2367 SEE.
559 2304 769 2368 Cardinalium
792 2307 925 2384 negotiis
949 2315 980 2369 et
999 2323 1072 2369 con-

324 2397 543 2461 sultationibus
574 2397 796 2477 Episcoporum
818 2406 848 2462 et
868 2400 1070 2477 Regularium

325 2491 572 2568 praepositorum
591 2497 621 2553 ct
642 2491 788 2568 quasdam
814 2491 910 2554 lelicis
932 2493 1070 2556 recorda-

325 2582 419 2644 tionis
439 2583 613 2646 innocentii
633 2585 730 2663 Papae
755 2585 806 2648 xl.
831 2583 1070 2664 praedecessoris

326 2674 425 2736 nostri
447 2675 578 2755 desuper
599 2678 632 2738 in
653 2678 750 2740 simili
772 2677 870 2741 lorml
891 2679 998 2742 Brevis
1019 2695 1072 2741 ex·

324 2767 441 2846 peditas
462 2767 591 2844 litteras,
608 2785 742 2848 quarum
763 2777 907 2834 tenorem
928 2787 1071 2850 praesen-

325 2861 407 2923 tibus
427 2877 483 2940 pro
503 2862 595 2940 plene
615 2869 646 2924 et
666 2864 857 2928 sufficienter
876 2881 1020 2943 expresso
1039 2873 1070 2928 et

325 2953 443 3015 inserto
473 2954 581 3016 baberi
601 2955 763 3032 volumus,
792 2973 866 3020 cum
897 2959 1070 3039 privatione

328 3046 471 3108 omnium
493 3047 665 3110 officiorum
680 3066 713 3112 ac
730 3051 814 3112 vocis
828 3051 946 3114 activae
958 3059 990 3114 et
1004 3068 1069 3131 pas-

324 3139 408 3202 sivae
428 3140 462 3202 in
483 3148 671 3220 perpetuum
692 3149 833 3223 respectu
862 3145 988 3208 illorum
1010 3145 1070 3208 lra-

324 3241 410 3296 trum
430 3233 484 3312 qui
505 3235 670 3314 complices
684 3243 715 3298 et
729 3236 896 3316 culpabiles
911 3239 948 3300 de
962 3245 1007 3300 tot
1021 3239 1069 3300 in·

324 3327 457 3390 saltibus
478 3335 509 3390 et
529 3329 688 3390 violentiis
714 3339 819 3392 contra
845 3331 1069 3394 monasterium

325 3427 356 3481 et
376 3421 526 3484 moniales
546 3421 725 3485 huiusmodi
753 3422 924 3486 commissis
954 3424 1069 3502 reperti

324 3511 465 3587 luerunt,
491 3513 602 3576 iactam
628 3517 849 3579 confirmamus
872 3525 903 3580 et
923 3517 1069 3598 approba·

324 3620 405 3680 mus,
428 3605 538 3685 illique
558 3607 745 3672 inviolabilis
769 3610 951 3689 apostolicae
972 3611 1069 3672 tirmi-

326 3698 394 3759 tatis
416 3698 511 3762 robur
530 3701 702 3763 adiicimus.
726 3701 820 3764 Porro
841 3702 971 3766 dilectus
986 3702 1069 3765 silius

325 3790 469 3854 minister
490 3793 644 3869 generalis
672 3791 794 3858 Ordinis
815 3793 948 3858 iratrum
973 3795 1069 3858 lilino·

325 3899 397 3946 rum
419 3885 522 3948 Sancti
542 3887 695 3951 Francisci
717 3887 756 3949 de
769 3887 967 3952 Obseruantia
987 3905 1070 3951 nun-

323 3985 505 4056 cupatorum
526 3981 672 4058 procedat
692 3989 784 4059 prout
801 3983 839 4044 de
859 3982 927 4045 iure
947 3983 982 4044 ad
998 3998 1070 4044 exe-

325 4070 482 4133 cutionem
512 4087 628 4150 poenae
659 4073 805 4138 abversus
832 4075 1067 4154 delinquentes,

324 4161 408 4241 iique
429 4179 484 4241 pro
513 4165 706 4229 absolutione
727 4183 743 4228 a
768 4168 907 4231 censuris
935 4169 1069 4231 incursis

324 4255 361 4319 ad
381 4258 526 4320 eumdem
548 4259 729 4321 llicbablem
751 4259 924 4322 Antonium
947 4260 1069 4339 Episco-

324 4363 398 4428 pum
419 4365 583 4412 reourrere
604 4359 780 4414 teneantur.

106 4444 237 4542 monituque
252 4445 306 4492 arra
364 4441 432 4518 gb.
458 4441 594 4505 Ulterius
615 4445 720 4506 omnia
741 4444 800 4505 alia
815 4446 1002 4508 monasteria
1016 4463 1067 4509 cu·

87 4508 306 4616 ,aasuidffmfflffi
324 4535 508 4613 luscumque
529 4535 661 4612 Ordinis,
676 4537 702 4598 si
724 4553 801 4616 quae
819 4541 931 4615 adsint,
947 4541 1068 4620 (excep-

106 4607 261 4720 ξζὲξξῑῗῆῃβ
278 4617 306 4704 ξ.
324 4636 356 4690 to
377 4627 491 4692 Ordine
516 4627 620 4691 Sancti
641 4630 820 4710 Augustini)
845 4649 861 4692 a
883 4632 1067 4696 iurisdictio

107 4712 363 4807 {¹11⁰r'f³³¹¹b¹¹⁰¹¹¹¹¹'¹¹⁰
384 4727 415 4782 et
436 4720 591 4797 regimine
610 4722 762 4801 spirituali
783 4733 814 4788 et
835 4725 999 4804 temporali
1020 4743 1069 4788 re-

323 4813 523 4890 ligiosorum,
546 4815 659 4894 quibus
680 4818 867 4879 monasteria
889 4818 1068 4881 huiusmodi

321 4907 457 4970 subiecta
476 4914 561 4982 sunt,
584 4907 690 4971 eadem
715 4911 908 4986 auctoritate,
932 4912 1068 4990 ipsarum

322 5006 431 5062 tenore
458 5001 679 5079 praesentium,
709 5011 859 5080 perpetuo
888 5003 1066 5078 eximimus,

321 5107 354 5154 ac
375 5091 427 5154 illa
448 5091 644 5156 omnimodae
664 5093 867 5156 iurisdictioni
882 5095 992 5156 tamin
1008 5095 1069 5172 spi-

321 5183 484 5248 ritualibus
503 5181 597 5264 quam
611 5187 645 5248 in
666 5186 887 5266 temporalibus
904 5187 1068 5250 memorati

321 5277 477 5340 llicbablis
498 5280 624 5342 Antonii
647 5287 679 5342 et
699 5295 755 5358 pro
776 5287 916 5360 tempore
935 5281 1068 5344 existen·

323 5370 361 5434 tis
381 5369 522 5451 Episcopi
545 5372 795 5450 Carthaginensis
816 5373 1007 5437 subiioimus.

121 5465 304 5524 xnranxusapx-
360 5465 380 5540 5
400 5465 430 5527 6.
455 5465 605 5542 Demum,
628 5466 733 5528 zelum
758 5466 887 5546 praelati
913 5467 1069 5530 itliobaelis

362 5691 392 5746 (l)
407 5691 443 5736 Ex
458 5693 560 5748 itegest.
577 5691 604 5735 in
618 5691 693 5737 Arolr.
713 5693 785 5737 Brev.
809 5691 905 5738 Eadem
928 5693 1066 5750 privilegia

320 5757 555 5814 exprovincialium
576 5768 698 5803 concessa
719 5758 826 5803 luerunt
845 5759 1002 5816 quibusdam
1017 5759 1066 5805 sra-

321 5825 407 5870 tribus
423 5825 573 5872 insularum
588 5824 797 5882 Philippinarum
812 5826 845 5872 ab
859 5827 1010 5872 innocentio
1023 5831 1063 5872 xl.

319 5894 401 5938 const.
417 5891 456 5938 ed.
471 5903 635 5947 uocnxxvu,
645 5891 687 5936 die
701 5903 736 5936 xr.
748 5893 901 5948 decembris,
912 5895 981 5950 pont.
992 5905 1029 5948 rra
1040 5896 1066 5939 et

320 5959 455 6006 nonnullis
470 5959 640 6005 Diacalceatis
656 5959 871 6017 congregationis
885 5959 1024 6018 Hispaniae
1038 5965 1064 6006 et

426 6081 478 6128 lnr.
497 6081 565 6128 Pont.
581 6079 612 6128 de
625 6081 701 6144 Prop.
716 6080 779 6129 Fide
793 6082 874 6130 Partix
890 6083 909 6130 i.
924 6081 977 6130 Vol.
992 6083 1022 6129 ll.

1791 577 1849 652 ΞΜ
1899 581 1954 642 An.
1974 582 2005 642 O.
2020 577 2089 642 1706

1127 723 1255 786 Antonii
1288 719 1444 804 Episcopi,
1477 736 1532 804 pro
1562 720 1707 786 omnibus
1734 721 1771 785 ad
1797 737 1870 786 suae
1889 745 1980 794 napus
1996 735 2102 785 mnua-

1126 815 1285 894 dignitatis
1306 818 1425 881 iurium
1448 817 1592 882 ecclesiae
1612 825 1644 881 ct
1665 817 1871 881 immunitatis
1888 791 2102 894 gssgppgqufg:

1127 910 1346 972 ecclesiasticae
1356 911 1568 974 defensionem
1581 911 1685 988 gestis,
1697 910 1871 989 plurimum
1888 897 1939 954 ⁸¹⁰·

1127 1002 1159 1064 iu
1180 1003 1312 1066 Domino
1333 1005 1598 1080 commendantes
1615 1004 1704 1066 illum
1719 1005 1758 1067 de
1771 1005 1871 1066 omni·

1126 1096 1183 1158 bus
1195 1096 1346 1160 Ecclesiae
1360 1113 1433 1160 suae
1446 1097 1598 1160 lruotibus
1612 1097 1748 1160 decursis
1761 1105 1793 1160 et
1807 1113 1871 1160 non

1126 1189 1252 1264 exactis,
1265 1205 1388 1253 necnon
1403 1191 1441 1254 de
1455 1190 1599 1252 omnibus
1610 1190 1729 1253 damnis
1743 1191 1872 1254 occasio·

1126 1297 1165 1342 ne
1181 1282 1332 1346 eiusmodi
1347 1277 1687 1347 indebitae’vexationis
1699 1299 1754 1362 per
1769 1284 1872 1362 ipsum

1126 1375 1231 1452 passis,
1253 1376 1509 1453 reintegrandam
1531 1391 1595 1438 esse
1616 1375 1824 1440 decernimus.

1165 1466 1224 1541 §E
1238 1467 1456 1543 Decernentes,
1469 1469 1591 1532 easdem
1602 1475 1777 1548 praesentes
1789 1469 1873 1532 litte-
1916 1479 2059 1529 clausurae.

1125 1573 1174 1619 ras
1194 1573 1317 1638 semper
1339 1560 1453 1633 firmas,
1466 1559 1579 1623 validas
1600 1566 1631 1622 et
1651 1558 1787 1622 efficaces
1808 1560 1872 1622 exi·

1124 1657 1207 1714 stere
1234 1658 1264 1714 et
1284 1652 1362 1728 lore,
1388 1669 1522 1731 suosque
1552 1652 1707 1731 plenarios
1733 1661 1766 1714 et
1793 1653 1872 1716 inte·-

1126 1759 1197 1820 gros
1222 1746 1348 1808 allectus
1372 1747 1477 1809 sortiri
1501 1753 1533 1808 et
1554 1747 1706 1822 obtinere,
1733 1764 1766 1810 ao
1790 1745 1872 1810 dicto

1126 1837 1264 1920 llicbadli
1295 1836 1432 1902 Antonio
1459 1839 1627 1920 Episcopo,
1657 1840 1803 1920 aliisque,
1835 1839 1871 1902 ad

1126 1921 1202 2009 q'uos
1230 1939 1345 2010 spectat
1377 1939 1409 1994 et
1441 1947 1496 2011 pro
1528 1940 1668 2012 tempore
1704 1934 1871 2013 spectabit,

1126 2024 1161 2086 in
1183 2025 1328 2088 omnibus
1349 2032 1380 2088 et
1401 2042 1457 2105 per
1477 2026 1583 2089 omnia
1608 2026 1789 2106 plenissime
1809 2025 1872 2090 sul-

1126 2115 1257 2194 lragari,
1280 2125 1310 2179 et
1331 2118 1368 2180 ab
1389 2119 1432 2180 eis
1454 2120 1625 2198 respective
1650 2117 1872 2184 inviolabiliter

1126 2211 1294 2286 observari,
1324 2211 1429 2289 sicque
1451 2213 1485 2274 in
1507 2212 1683 2290 praemissis
1704 2228 1760 2292 per
1780 2229 1872 2291 quos·

1126 2320 1260 2382 cumque
1295 2304 1410 2368 ludices
1441 2306 1612 2368 ordinarios
1641 2312 1672 2368 et
1698 2305 1871 2383 delegatos,

1125 2396 1219 2459 etiam
1240 2413 1400 2460 causarum
1417 2398 1519 2476 palatii
1533 2398 1691 2478 apostolici
1705 2399 1871 2475 auditores,

1126 2489 1253 2552 iudicari
1276 2498 1307 2554 et
1328 2492 1451 2554 deliniri
1478 2491 1608 2567 debere,
1631 2507 1665 2554 ao
1687 2491 1814 2556 irritum
1839 2499 1870 2554 et

1126 2581 1219 2646 inane
1240 2584 1265 2645 si
1287 2601 1374 2647 secus
1395 2585 1557 2664 superbis
1578 2601 1776 2665 aquoquam,
1798 2602 1872 2664 qua·

1125 2674 1172 2737 vis
1199 2678 1398 2754 auctoritate,
1430 2678 1563 2741 scienter
1591 2678 1643 2740 vel
1671 2679 1869 2757 ignoranter,

1124 2769 1291 2846 contigerit
1312 2772 1468 2834 attentari.

1165 2862 1235 2938 §8-
1266 2862 1335 2926 Non
1370 2863 1564 2928 obstantibus
1594 2865 1871 2930 constitutionibus
1909 2872 2102 2922 contrariorum

1125 2961 1157 3017 et
1176 2957 1424 3020 ordinationibus
1445 2958 1627 3037 apostolicis,
1648 2977 1693 3034 ac,
1716 2967 1871 3039 quatenus
1888 2925 2029 2983 ⁶⁰⁸⁰⁸²⁸¹²

1125 3065 1201 3129 opus
1221 3051 1272 3125 sit,
1295 3051 1556 3114 monasteriorum
1571 3059 1602 3114 et
1617 3051 1769 3115 Ordinum
1783 3068 1871 3131 prae·

1125 3143 1270 3218 latorum,
1287 3143 1395 3204 aliisve
1415 3143 1587 3222 quibusvis,
1600 3143 1692 3207 etiam
1714 3145 1869 3208 iuramen-

1126 3243 1173 3309 to,
1206 3233 1443 3296 confirmatione
1469 3233 1650 3311 apostolica,
1679 3234 1730 3296 vel
1762 3236 1870 3314 quavis

1125 3325 1272 3388 firmitate
1293 3325 1351 3386 aba
1372 3325 1533 3401 roboratis,
1546 3327 1668 3388 statutis
1690 3333 1721 3389 et
1741 3343 1870 3391 consue·

1125 3417 1303 3494 tudinibus,
1326 3417 1499 3496 privilegiis
1524 3435 1659 3498 quoque,
1688 3418 1819 3483 indultis
1840 3428 1871 3484 et

1124 3511 1237 3574 litteris
1257 3509 1430 3590 apostolicis
1451 3512 1484 3574 in
1511 3513 1703 3576 contrarium
1724 3514 1871 3592 praemis·

1124 3620 1230 3666 sorum
1252 3603 1484 3682 quomodolibet
1501 3605 1662 3681 concessis,
1679 3606 1871 3669 confirmatis

1124 3704 1155 3759 et
1176 3696 1351 3772 innovatis3
1373 3697 1485 3776 quibus
1506 3697 1650 3760 omuibus
1672 3705 1703 3760 et
1724 3698 1868 3775 siugulis,

1125 3790 1252 3853 illorum
1274 3797 1396 3852 tenores
1417 3790 1628 3868 praesentibus
1650 3804 1706 3868 pro
1726 3791 1818 3870 plene
1840 3799 1871 3854 et

1123 3883 1315 3946 sufficienter
1328 3883 1480 3961 expressis
1494 3901 1527 3945 ac
1541 3884 1577 3946 ad
1592 3883 1726 3946 verbum
1746 3885 1871 3947 insertis

1124 3977 1283 4052 babentes,
1307 3975 1369 4037 illis
1383 3975 1456 4036 alitis
1470 3975 1504 4036 in
1518 3991 1575 4037 suo
1596 3976 1707 4039 robore
1727 3992 1872 4056 perman-

1123 4069 1214 4145 suris,
1237 4069 1274 4131 ad
1294 4067 1534 4148 praemissorum
1555 4067 1711 4147 ellectum,
1733 4071 1789 4134 hac
1803 4071 1872 4134 vice

1123 4165 1302 4238 dumtaxat,
1330 4162 1504 4243 specialiter
1524 4169 1555 4224 et
1576 4179 1720 4242 expresse
1744 4166 1870 4243 deroga·

1123 4271 1211 4332 mus;
1234 4256 1407 4334 ceterisque
1428 4254 1591 4318 contrariis
1605 4257 1866 4336 quibuscumque.

1164 4351 1276 4412 Datum
1301 4349 1427 4423 Romae,
1450 4347 1529 4426 apud
1545 4347 1576 4410 S.
1594 4348 1732 4425 Petrum,
1749 4350 1871 4412 suban-

1125 4442 1200 4506 nulo
1215 4441 1385 4517 Piscatoris,
1412 4441 1462 4504 die
1477 4455 1546 4502 xix.
1569 4441 1700 4504 ianuarii
1722 4455 1868 4516 uoccvr,

1123 4537 1318 4616 pontificatus
1340 4535 1437 4600 nostri
1467 4551 1551 4600 anno
1566 4551 1609 4597 vr.

1462 4817 1531 4882 XX.

1127 5001 1276 5064 Concedit
1298 5001 1461 5082 [retribuo
1484 5001 1627 5065 cremitis
1642 4999 1868 5084 &Augustini

1162 5095 1347 5172 prouinciae
1359 5095 1596 5174 Portupotlioe,
1609 5098 1664 5175 qni
1679 5098 1715 5158 in
1733 5095 1869 5176 Conpre-

1164 5187 1292 5266 pctione
1314 5187 1486 5252 indiarum
1510 5191 1729 5252 Orientalium
1750 5190 1869 5252 uicerit

1163 5281 1373 5360 provincialis
1394 5297 1524 5344 munere
1545 5284 1712 5362 perfuncti
1727 5284 1868 5364 fuerint,

1165 5377 1271 5438 omniu
1292 5375 1463 5454 privilegio
1484 5375 1777 5452 tuprooinct'otiutn
1798 5389 1869 5452 pro-

1164 5469 1291 5532 uinciae
1312 5467 1368 5549 (l).

1121 5693 1255 5738 indiarum
1270 5695 1303 5740 ab
1317 5695 1366 5740 hoo
1380 5691 1505 5739 Pontitloe
1521 5694 1602 5738 coust.
1618 5693 1680 5738 edit.
1696 5703 1812 5751 unccrv,
1826 5694 1869 5740 dia

1120 5773 1176 5806 xru.
1193 5760 1328 5816 februarii,
1343 5761 1432 5820 pontif.
1449 5773 1493 5816 rv.;
1509 5760 1536 5804 in
1551 5760 1683 5806 Benedicti
1697 5764 1771 5814 Xlll,
1785 5767 1867 5808 const.

1121 5829 1158 5874 ed.
1175 5829 1463 5884 unccxxv11.,diexrv.
1479 5827 1555 5880 iunii,
1573 5827 1663 5885 pontii.
1680 5839 1724 5884 rv.,
1739 5830 1870 5875 statuitur
1889 5867 1895 5874 .

1121 5905 1153 5940 ne
1167 5895 1282 5950 amplius
1297 5895 1472 5940 concedantur
1482 5893 1623 5952 privilegia
1633 5895 1868 5951 exprovincialium

1120 5961 1148 6007 in
1163 5961 1296 6020 provincia
1311 5961 1497 6018 rortugauiae.

1736 6085 1761 6130 31
