4844 6990
341 525 394 577 ru.
410 528 439 578 e.
461 527 530 580 rrae
580 527 638 594 ιιι

890 672 986 738 XXV.

1083 557 1147 602 lun.
1173 558 1263 603 PON'f.
1287 559 1328 604 DE
1350 561 1378 604 P.
1402 561 1430 606 F·
1456 562 1537 608 PARS
1560 562 1580 606 1.

1364 679 1497 756 ιιιιιιιι,
1513 681 1672 745 ecclesiam
1692 701 1747 746 seu
1769 684 1917 764 capellam
1938 685 1989 748 vel
2011 691 2109 746 orato-

562 790 672 869 Eriqit
698 795 1003 876 confraternitatem
1024 793 1083 860 ιιι
1105 799 1308 862 iaoocotr'orre
1364 773 1447 834 ¹¹u¹¹¹
1469 773 1677 838 ¹¹¹¹¹¹¹⁵¹¹¹⁰¹¹¹
1669 794 1701 839 ¹¹¹
1723 787 1858 857 ¹lu³¹¹¹⁰¹
1885 778 1951 842 ³¹¹¹⁸
1972 779 2047 842 ³¹¹¹¹¹
2067 779 2111 842 ¹⁰·

602 883 632 946 g
664 885 802 950 Amom-
830 887 975 960 Abbati,
1005 892 1179 971 „tn-mque
1211 909 1307 954 sexus
1364 867 1448 928 rralrs
1464 867 1514 929 vel
1529 885 1592 930 non
1608 869 1791 934 terratrssen
1808 874 1974 936 Dominicis
1989 873 2108 948 diebus

603 976 883 1057 Christifidelium,
910 985 946 1043 iu
968 985 1098 1048 ecclesio
1129 986 1165 1047 de
1189 985 1307 1063 Cusojo

602 1071 637 1132 io
660 1073 844 1138 Moetelr
788 1073 844 1138 Lib
847 1093 909 1138 orto
930 1075 984 1157 (l).

740 1192 925 1262 cremetis
948 1194 1059 1298 etex·
1075 1195 1133 1262 llll.

702 1287 738 1354 ιι
767 1289 897 1357 futuram
919 1291 962 1358 rei
986 1292 1166 1360 memoriam.

620 1428 740 1504 Quum,
777 1431 856 1492 sicut
889 1431 1082 1510 accepimus,
1120 1433 1151 1494 in
1182 1433 1308 1495 ecclesia

562 1519 593 1583 S.
617 1523 744 1584 Antonii
767 1521 890 1587 Abbatis
912 1527 949 1588 de
978 1527 1085 1604 Gusaja
1114 1535 1308 1606 nuncupata,

560 1615 617 1676 sita
633 1613 664 1677 in
679 1615 783 1679 Monte
796 1617 914 1681 Libano
925 1620 1135 1684 Antiochense
1150 1621 1307 1696 dioecesis,

562 1724 623 1770 uua
639 1710 686 1787 pia
703 1717 734 1772 et
748 1709 858 1772 devota
873 1714 1036 1792 utriusque
1050 1731 1141 1778 sexus
1157 1713 1308 1776 (ιιιιιιιιιι-

561 1802 679 1865 delium
697 1804 934 1868 confraternitas
948 1806 1005 1869 sub
1019 1807 1213 1872 invocatione
1228 1808 1322 1870 eius-

562 1897 632 1958 dem
655 1894 686 1958 S.
703 1898 831 1961 Antonii
847 1900 903 1962 ab.
927 1900 1123 1978 (nontamen
1139 1921 1194 1984 pro
1209 1903 1308 1965 homi-

562 1988 655 2051 nibus
675 1991 770 2054 unius
789 1993 928 2071 specialis
942 1995 1030 2074 artis)
1048 1999 1194 2059 canonice
1208 2003 1308 2060 erecta

561 2101 616 2148 seu
639 2085 786 2161 erigenda
814 2087 942 2161 existat,
968 2093 1056 2152 cuins
1081 2091 1249 2153 confratres
1276 2099 1308 2153 et

562 2193 741 2240 consorores
761 2180 989 2258 quamplurima
1004 2183 1157 2262 pietatiset
1174 2184 1308 2246 caritatis

561 2275 1306 2351 operaexercerecousueveruutseuintendunt,

602 2364 670 2439 §l
699 2363 777 2440 Nos,
807 2374 840 2428 ot
867 2366 1102 2430 confraternitas
1131 2369 1307 2430 huiusmodi

562 2458 676 2520 maiora
692 2459 723 2520 in
739 2459 802 2522 dies
816 2460 959 2538 suscipiat
974 2461 1178 2538 incrementa,
1190 2463 1228 2524 ιι
1242 2479 1308 2524 oru-

562 2551 732 2630 nipotentis
763 2554 817 2615 Dei
845 2554 1054 2618 misericordia
1082 2573 1117 2618 ac
1141 2557 1306 2618 Beatorum

561 2644 643 2706 Petri
659 2652 690 2705 et
703 2645 788 2707 Pauli
810 2646 1028 2724 Apostolorum
1046 2649 1111 2712 eius
1126 2651 1307 2712 auctoritate

561 2737 686 2811 contisi,
709 2739 851 2801 omnibus
880 2741 1044 2820 utriusque
1064 2757 1156 2803 sexus
1178 2743 1306 2806 Christi-

562 2829 721 2906 frdelibus,
744 2832 797 2909 qui
822 2832 935 2894 dictam
963 2835 1280 2898 confraternitatem
1273 2854 1306 2899 m

561 2933 721 3003 posterum
744 2925 982 3004 ingredientur,
1005 2929 1053 2990 die
1075 2930 1175 3008 primo
1197 2945 1306 2992 eorum

563 3019 731 3096 ingressus,
753 3020 778 3080 si
807 3035 879 3081 rere
908 3023 1104 3099 poenitentes
1125 3029 1155 3084 et
1177 3023 1306 3086 confessi

562 3113 696 3178 SSmum
724 3113 935 3175 Eucharistiae
963 3114 1198 3178 Sacramentum
1223 3133 1306 3178 sunr-

563 3207 693 3286 pserint,
716 3207 897 3285 plenariam,
914 3224 947 3270 ac
962 3216 1023 3270 tam
1039 3209 1197 3289 descriptis
1213 3227 1306 3289 quam

562 3316 618 3378 pro
642 3307 781 3377 tempore
802 3300 1039 3362 descrihendis
1033 3302 1165 3364 indicta
1191 3303 1308 3365 confra-

562 3393 710 3455 ternitate
737 3392 941 3456 confratribus
963 3404 994 3456 et
1021 3396 1251 3474 consororibus,
1275 3397 1307 3460 in

562 3485 727 3548 cuiuslibet
748 3502 802 3547 eor
806 3503 858 3548 um
886 3489 995 3550 mortis
1016 3490 1162 3566 articulo,
1185 3492 1210 3552 si
1232 3508 1307 3553 vere

563 3595 687 3657 quoque
699 3579 892 3656 poenitentes
904 3586 934 3642 et
946 3581 1074 3644 confessi
1087 3601 1120 3644 ac
1131 3599 1213 3644 sacra
1224 3601 1307 3646 conr·

563 3671 713 3746 munione
727 3672 834 3734 refecti
849 3671 912 3747 vel,
928 3683 1080 3752 quatenus
1097 3675 1125 3738 id
1141 3676 1239 3738 facere
1254 3693 1307 3738 ne-

562 3765 734 3869 quiverint,
746 3765 856 3826 saitem
872 3767 1009 3842 contriti,
1026 3783 1141 3831 nomen
1158 3769 1225 3831 lesu
1240 3785 1305 3845 or·,e

561 3859 586 3919 si
608 3855 780 3936 potuerint,
802 3858 850 3920 sin
873 3859 989 3936 minus,
1013 3864 1104 3925 corde
1129 3863 1267 3925 devote
1261 3879 1307 3925 rn-

562 3951 754 4026 vocaverint,
769 3952 863 4013 etiam
879 3953 1067 4030 plenariam:
1093 3971 1149 4019 nec
1171 3971 1234 4018 non
1250 3957 1307 4018 eis-

561 4044 685 4106 demet
713 4061 769 4122 pro
796 4053 935 4124 tempore
967 4048 1187 4109 exsistentibus
1208 4049 1307 4112 dictae

560 4137 823 4200 confraternitatis
848 4139 1054 4204 confratribus
1075 4149 1107 4202 ιι
1135 4145 1306 4204 consorori-

561 4229 629 4305 bus,
653 4247 726 4292 vere
748 4233 842 4294 etiarn
857 4234 1087 4311 poenitentibus
1108 4242 1139 4296 et
1160 4235 1306 4298 confessis

560 4341 594 4386 ac
614 4339 696 4386 sacra
710 4327 933 4388 communione
955 4327 1088 4405 refectis,
1105 4329 1158 4408 qui
1174 4332 1306 4409 praedic-

562 4423 609 4477 tae
631 4415 893 4480 confraternitatis
914 4420 1138 4484 ecclesiamseu
1160 4423 1307 4500 capellam

562 4509 612 4570 vel
643 4512 814 4572 oratorium
839 4513 888 4573 die
914 4511 991 4575 festo
1018 4515 1180 4593 principali
1211 4517 1306 4578 dictae

561 4603 835 4680 confraternitatis,
849 4623 905 4684 per
926 4609 1047 4668 eosdem
1071 4607 1241 4670 confratres
1261 4625 1307 4670 se·

562 4697 625 4759 mel
647 4705 768 4760 tantum
796 4699 938 4776 eligendo
960 4709 990 4762 et
1012 4701 1048 4762 ab
1075 4701 1235 4764 Ordinatio
1257 4719 1308 4780 ap-

562 4791 729 4872 probando,
752 4809 767 4851 a
790 4793 899 4870 primis
927 4795 1062 4871 vesperis
1084 4811 1181 4872 usque
1207 4796 1243 4857 ad
1259 4813 1308 4858 oc-

561 4899 664 4946 casum
685 4885 758 4945 solis
779 4886 839 4946 diei
864 4886 1041 4948 huiusmodi
1063 4887 1193 4964 singulis
1221 4889 1308 4950 annis

561 4979 673 5040 devote
700 4978 911 5054 visitaverint,
934 4988 965 5041 et
988 4981 1027 5041 ibi
1051 4997 1105 5058 pro
1126 4982 1309 5044 christiano-

562 5085 632 5131 rum
646 5071 822 5149 principum
836 5073 1011 5148 concordia,
1024 5074 1187 5136 haeresum
1199 5076 1308 5137 exstir-

561 5163 684 5240 patione
699 5183 732 5226 ac
748 5165 874 5228 Stnctae
896 5166 982 5228 Matr
977 5183 1000 5226 rs
1023 5166 1175 5228 Ecclesiae
1195 5168 1308 5230 exalta-

563 5257 646 5318 tione
660 5260 723 5336 pias
734 5259 768 5321 ad
783 5261 879 5321 Deum
893 5276 995 5338 preces
1010 5257 1189 5335 effuderint,
1204 5261 1308 5339 plena

561 5353 639 5414 riam
651 5353 796 5414 similiter
811 5354 953 5415 omnium
967 5361 1163 5432 peccatorum
1178 5371 1252 5415 suot
1256 5373 1307 5417 um

561 5446 789 5523 indiligentiam
803 5455 833 5507 et
841 5449 1055 5508 remissionem
1068 5447 1309 5510 misericorditer

562 5540 595 5601 in
607 5539 737 5602 Domino
752 5540 960 5602 concedimus
984 5541 1113 5618 insuper
1128 5542 1216 5603 dictis
1237 5557 1310 5602 cou-

561 5631 707 5694 fratribus
729 5641 759 5694 ιι
781 5633 1006 5708 consororibus,
1020 5649 1094 5695 vere
1110 5636 1224 5712 pariter
1239 5649 1308 5711 poe-

563 5726 735 5788 nitentibus
748 5732 778 5786 et
790 5726 936 5788 confessis
949 5743 982 5787 ac
992 5743 1074 5788 sacra
1086 5727 1308 5788 communione

604 5937 633 5992 (lt
650 5939 685 5981 Ex
699 5938 812 5995 append.
828 5939 921 5995 synod.
937 5938 1032 5985 Montis
1046 5939 1145 5986 libani.

1364 975 1419 1038 per
1451 971 1635 1024 memoratos
1662 963 1832 1029 confratres
1862 966 1959 1029 semel
1988 974 2109 1030 tantum

1365 1052 1457 1113 etiam
1479 1053 1632 1130 eligendis
1654 1064 1685 1118 et
1706 1057 1742 1118 ab
1762 1057 1871 1120 eodem
1887 1059 2111 1140 Ordinarioap-

1365 1145 1538 1224 probandis,
1562 1157 1597 1212 ut
1617 1165 1721 1228 supra,
1737 1151 1935 1214 visitantibus
1949 1162 1980 1216 ιι
1995 1155 2110 1217 ibidem

1364 1239 1610 1320 orantibusque
1625 1242 1916 1322 diepraedictorum
1933 1246 1961 1307 id
1973 1249 2108 1325 egerint,

1364 1341 1483 1410 septem
1494 1350 1592 1396 annos
1607 1345 1638 1398 et
1654 1339 1784 1401 totidem
1799 1341 2021 1420 quadragenam
2035 1357 2109 1420 quo-

1366 1423 1423 1485 ties
1445 1441 1520 1487 vero
1542 1428 1641 1491 missis
1663 1439 1694 1493 ιι
1715 1431 1781 1494 aliis
1813 1435 1927 1496 divinis
1948 1435 2054 1498 emetis
2075 1437 2108 1498 in

1365 1515 1489 1579 ecclesia
1511 1535 1565 1581 seu
1581 1522 1694 1601 capella
1713 1525 1763 1586 vel
1785 1529 1917 1589 oratorio
1933 1529 2110 1591 huiusmodi

1365 1625 1419 1689 pru
1442 1619 1581 1691 tempore
1603 1617 1795 1682 celebrandis
1817 1629 1848 1684 ιι
1868 1623 2033 1684 recitandis
2054 1639 2109 1686 seu

1364 1709 1657 1784 congregationibus
1678 1712 1806 1790 publicis
1822 1714 1871 1776 vel
1887 1716 2014 1794 privatis
2029 1717 2110 1778 eius

1364 1800 1435 1862 dem
1457 1803 1719 1867 confraternitatis
1731 1806 1831 1868 ubivis
1847 1807 1992 1872 faciendis
2014 1810 2111 1872 inter-

1364 1894 1493 1972 fuerint,
1506 1907 1559 1959 aut
1579 1915 1730 1977 pauperes
1750 1900 1882 1980 hospitio
1902 1905 2108 1982 susceperint,

1365 1991 1413 2052 vel
1432 2007 1537 2068 pacem
1553 1992 1637 2054 inter
1651 1993 1793 2057 inimicos
1808 1998 2039 2075 composuerint
2054 2013 2110 2061 seu

1364 2084 1508 2162 componi
1540 2083 1670 2148 fecerint
1690 2085 1741 2148 vel
1773 2091 2028 2166 procuraverint,
2052 2107 2110 2156 nec

2141 549 2201 602 Au.
2217 549 2248 602 G.
2269 551 2326 606 1735

1365 2193 1428 2238 non
1451 2178 1543 2239 etiam
1565 2179 1619 2257 qui
1648 2195 1774 2258 corpora
1804 2181 2024 2246 defunctorum
2046 2191 2110 2248 tarn
2190 2213 2193 2218 ·

1363 2269 1555 2332 confratrum
1567 2277 1597 2332 et
1609 2288 1811 2336 consororum
1823 2275 2000 2340 huiusmodi
2015 2294 2109 2357 quam

1363 2363 1496 2426 aliorum
1518 2366 1553 2426 ad
1578 2365 1772 2444 sepulturam
1798 2369 2033 2446 associaverint,
2057 2380 2109 2434 aut

1362 2475 1572 2538 quascumque
1592 2463 1801 2541 processiones
1821 2463 1859 2526 de
1880 2464 2002 2528 licentia
2023 2467 2110 2548 Ordi-

1364 2551 1440 2614 narii
1457 2549 1608 2614 faciendas
1624 2552 1820 2658 SSrirumque
1836 2556 2045 2622 Eucharistiae
2057 2559 2110 2622 Sa-

1362 2653 1559 2708 cramentum
1589 2647 1680 2708 tam
1672 2665 1705 2710 ιι
1728 2651 1985 2728 processionibus,
2013 2669 2108 2730 quam

1362 2753 1460 2816 quum
1482 2737 1517 2798 ad
1541 2739 1681 2802 infirmos
1702 2749 1756 2804 aut
1777 2742 1848 2804 alias
1870 2744 2059 2822 ubicumque
2077 2753 2109 2808 ιι

1362 2833 1653 2911 quomodocumque
1680 2850 1735 2912 pro
1765 2841 1905 2913 tempore
1937 2837 2107 2914 deleretur,

1362 2923 1500 2986 comitati
1522 2925 1651 3001 luerint,
1669 2927 1718 2988 ιιι
1738 2929 1762 2990 ιι
1785 2929 1923 3008 impediti
1945 2947 2109 3010 campanae

1363 3019 1398 3080 ad
1422 3017 1450 3078 id
1473 3019 1562 3095 signo
1584 3019 1654 3081 dato
1674 3021 1770 3082 semel
1792 3023 2110 3087 crationemdomini·

1363 3125 1427 3172 cam
1452 3119 1483 3172 ιι
1512 3112 1731 3175 salutationem
1759 3116 1930 3191 angelicam
1958 3117 2108 3194 dixerint,

1363 3211 1415 3265 aut
1436 3205 1530 3266 etiam
1551 3206 1717 3284 quinquies
1746 3209 1919 3271 orationem
1944 3216 1976 3271 et
1997 3211 2109 3274 saluta-

1363 3297 1481 3359 tionem
1503 3299 1625 3362 easdem
1640 3315 1695 3378 pru
1710 3301 1870 3366 animabus
1889 3301 2109 3366 defunctorum

1363 3389 1556 3452 confratrum
1583 3401 1613 3455 et
1634 3409 1836 3456 consororum
1861 3397 2040 3460 huiusmodi
2060 3415 2110 3461 ιι-

1364 3484 1547 3560 citaverint,
1575 3491 1628 3548 aut
1653 3486 1780 3548 devium
1811 3487 1945 3567 aliquem
1968 3492 2004 3552 ad
2026 3491 2108 3553 viam

1363 3577 1470 3640 salutis
1491 3580 1686 3653 reduxerint,
1703 3587 1733 3641 et
1750 3581 1928 3656 ignorantes
1949 3595 2108 3663 praecepta

1364 3672 1417 3734 llei
1439 3679 1470 3734 et
1484 3689 1517 3734 ea
1532 3689 1611 3751 quae
1625 3675 1660 3735 ad
1674 3673 1807 3736 salutem
1823 3674 2018 3757 (necessaria)
2033 3684 2109 3740 sunt

1364 3764 1543 3840 docuerint,
1565 3774 1618 3828 ιιι
1639 3769 1855 3846 quodcumque
1884 3769 1965 3831 aliud
1987 3771 2109 3847 pietatis

1364 3857 1413 3918 rel
1436 3858 1570 3920 ιιιιιιιιι
1591 3875 1668 3937 opus
1689 3863 1905 3936 exercuerint,
1929 3863 2029 3937 toties,
2053 3879 2109 3942 pro

1363 3951 1501 4028 quolibet
1529 3953 1756 4028 praedictorum
1788 3971 1918 4032 operum
1943 3957 2106 4032 exercitio,

1362 4046 1520 4121 sexaginta
1536 4047 1599 4107 dies
1612 4047 1649 4108 ιι
1665 4047 1812 4108 iniunctis
1824 4050 1867 4108 eis
1878 4065 1932 4110 seu
1947 4049 2019 4110 alias
2033 4067 2108 4128 quo·

1363 4140 1529 4202 modolibet
1550 4139 1661 4200 debitis
1675 4141 1875 4217 poenitentiis
1891 4141 1924 4202 in
1939 4142 2038 4204 forma
2054 4143 2109 4206 Ec-

1361 4233 1470 4296 clesiae
1500 4241 1647 4296 consueta
1675 4234 1866 4310 ιιιιιι,ιιιιιι
1894 4237 2108 4314 praesentibus

1363 4327 1519 4405 perpetuis
1541 4326 1653 4389 futuris
1675 4328 1866 4406 temporibus
1888 4329 2039 4392 valituris.

1402 4420 1470 4496 §2
1489 4417 1640 4481 Volumus
1669 4429 1791 4496 autem,
1820 4427 1855 4483 ut
1875 4424 1901 4484 si
1928 4423 2000 4485 alids
2021 4423 2109 4486 dictis

1362 4513 1567 4576 confratribus
1581 4523 1612 4576 et
1627 4515 1843 4578 consororibus
1863 4518 2025 4594 praemissa
2040 4533 2109 4596 per-

1363 4607 1526 4684 agentibus
1553 4608 1653 4684 aliqua
1678 4608 1735 4668 alia
1765 4609 1972 4686 indulgentia,
2003 4627 2109 4690 perpe-

1365 4710 1416 4763 tuo
1438 4700 1487 4762 rel
1503 4701 1538 4762 ad
1563 4707 1684 4778 tempus
1706 4703 1998 4780 noudumelapsum
2020 4703 2110 4766 dura-

1365 4804 1444 4868 tura,
1457 4793 1706 4856 concessafuerit
1710 4797 2107 4873 ,praesentesuullaesiut,

1364 4895 1521 4964 utque,sr
1496 4888 1622 4950 s'dicta
1643 4887 1878 4950 confraternitas
1899 4889 1991 4952 alicui
2012 4891 2111 4952 archi·

1363 4980 1610 5043 confraternitati
1621 4990 1784 5057 aggregata
1797 4982 1904 5044 iamsit
1920 4983 1992 5044 ιιι
1986 5001 2018 5046 ιιι
2030 4993 2110 5063 post·

1364 5090 1455 5136 erum
1480 5083 1668 5150 aggregetur
1696 5083 1749 5135 aut
1774 5075 1882 5152 <quavis
1907 5075 1964 5138 alia
1990 5077 2110 5139 ratione

1366 5169 1492 5229 uniatur
1518 5167 1568 5228 vel
1590 5169 1683 5230 etiam
1709 5167 1941 5245 quomodolibet
1970 5170 2110 5233 institua·

1366 5268 1427 5334 tur,
1451 5261 1567 5339 priores
1589 5269 1620 5322 et
1641 5262 1767 5340 quaevis
1789 5263 1865 5324 aliae
1887 5261 2008 5324 litterae
2030 5267 2109 5344 Apo-

1364 5355 1488 5416 stolicae
1517 5354 1578 5414 illis
1604 5354 1783 5418 nullatenus
1811 5355 2034 5434 suffragentur,
2055 5358 2110 5419 sed

1365 5465 1403 5509 ex
1425 5456 1500 5508 tnnc
1522 5463 1558 5508 eo
1580 5447 1644 5524 ipso
1667 5449 1771 5510 nullae
1791 5450 1864 5512 sint

1404 5541 1516 5602 Datum
1544 5541 1669 5617 Romae,
1696 5545 1774 5621 apud
1807 5543 1838 5606 S
1862 5543 1987 5606 Mariam
2020 5545 2112 5606 llaio-

1364 5649 1442 5706 rem,
1466 5635 1523 5696 sub
1547 5636 1666 5698 annulo
1682 5636 1852 5712 Piscatoris,
1873 5637 1923 5699 ιιι
1947 5655 1994 5698 ιιι.
2010 5639 2108 5700 octob.

1365 5741 1550 5788 mcccxxxv.
1067 5729 1787 5877 ———-—,—poutifrcatus
1809 5731 1908 5793 nostri
1922 5746 2004 5792 atrnc
2026 5747 2067 5792 vr.
