4880 6982
330 561 384 616 Au.
398 561 429 615 (l.
450 561 519 614 1718

322 2025 457 2088 berogatio
468 2034 525 2070 eon·

314 2085 459 2152 tractorum.

359 2400 432 2448 eides
450 2405 522 2448 tran·

310 2457 479 2510 sumptorum.

339 5319 483 5364 exordium.

569 556 628 621 328

548 696 723 776 praemissis
740 691 939 769 audiverunt,
962 692 1101 765 oonsilio,
1124 690 1292 770 praeinser-

548 802 592 853 tas
613 790 783 854 Cleanentis
805 787 1044 866 praedecessoris
1069 786 1197 860 litteras,
1220 802 1292 848 cum

547 885 693 947 omnibus
714 891 745 945 et
772 881 903 958 singulis
924 882 956 942 in
978 881 1022 941 eis
1049 881 1213 954 contentis,
1236 895 1291 958 pro

546 979 634 1042 dictis
654 977 770 1040 duabus
791 974 968 1055 provinciis,
985 971 1147 1052 apostolica
1162 972 1292 1036 auctori-

546 1077 619 1146 tate,
644 1079 750 1132 tenore
773 1067 995 1148 praesentium,
1011 1075 1160 1145 perpetuo
1180 1067 1291 1128 consar-

546 1181 667 1227 mamus
689 1171 720 1226 et
741 1163 953 1242 approbamus,
977 1179 1021 1236 ae,
1045 1170 1199 1240 quatenus
1214 1177 1291 1240 opus

545 1259 599 1332 sit,
630 1259 831 1332 innovamus;
863 1271 984 1319 necnon
1013 1256 1143 1334 insuper
1171 1255 1290 1316 indulta

544 1369 600 1414 seu
621 1352 783 1430 privilegia
806 1350 976 1429 personalia
1000 1347 1175 1410 huiusmodi
1197 1349 1290 1408 etiam

545 1463 560 1506 a
582 1462 666 1508 nunc
687 1454 718 1506 et
739 1460 794 1524 pro
816 1453 955 1520 tempore
970 1442 1123 1504 existente
1139 1449 1244 1502 nostro
1259 1448 1290 1501 et

544 1539 642 1602 dictae
661 1537 746 1602 Sedis
761 1538 793 1600 in
809 1535 1012 1612 Portngalliae
1027 1543 1057 1596 et
1073 1533 1289 1610 nigarbtoruna

544 1635 649 1712 regnis
680 1633 795 1696 nuncio
826 1631 952 1694 concedi
984 1629 1115 1690 minime
1136 1643 1234 1706 posse,
1257 1645 1289 1690 ac

544 1745 685 1793 concessa
707 1726 831 1790 nullum
853 1724 965 1784 babere
986 1723 1127 1798 vigorem
1150 1738 1206 1784 neo
1221 1738 1292 1783 exe-

543 1823 715 1896 cutionem,
738 1820 818 1882 dicta
843 1818 1035 1892 auctoritate,
1065 1817 1177 1878 barum
1197 1817 1288 1890 serie,

544 1918 739 1980 decernimus
761 1921 791 1976 et
812 1912 1013 1978 declaramus.

583 2015 602 2088 ἓ
623 2014 651 2074 3.
676 2009 744 2071 Non
766 2009 958 2072 obstantibus
979 2007 1122 2070 omnibus
1138 2013 1169 2068 et
1183 2003 1289 2081 singu·

544 2110 580 2170 lis
601 2108 662 2169 illis
689 2121 767 2183 qnae
789 2104 821 2164 in
843 2101 1040 2181 praeinsertis
1071 2099 1183 2161 litteris
1206 2099 1288 2160 idem

542 2203 686 2266 Clemens
708 2198 922 2277 praedecessor
942 2193 1041 2256 voluit
1068 2209 1132 2256 non
1155 2192 1286 2266 obstare,

541 2295 720 2382 ceterisque,
734 2290 896 2354 contrariis
917 2288 1173 2366 quibuscumque.

582 2391 601 2464 g
621 2387 649 2448 l.
673 2385 824 2447 Volumus
838 2391 941 2446 autom
959 2389 992 2442 ut
1007 2381 1186 2443 earumdem
1202 2393 1287 2457 prae-

540 2481 678 2544 sentium
693 2479 865 2540 litterarum
883 2474 1094 2552 transumptis,
1113 2489 1167 2534 seu
1182 2487 1288 2560 exean-

540 2576 609 2656 plis,
632 2574 726 2635 etiam
749 2570 915 2649 impressis,
937 2585 1033 2630 manu
1056 2567 1184 2630 alicuius
1200 2575 1288 2627 nota-

540 2670 579 2732 rii
600 2667 714 2748 publici
745 2663 934 2743 subscriptis,
957 2669 987 2724 et
1008 2661 1112 2739 sigillo
1139 2675 1287 2740 personae

539 2764 572 2825 in
593 2760 794 2832 ecclesiastici
815 2757 967 2834 dignitate
984 2754 1169 2818 constitutae
1184 2752 1286 2814 muni-

540 2857 595 2931 tis,
625 2857 731 2918 eadena
762 2867 886 2932 prorsus
918 2849 993 2910 fides
1022 2855 1083 2910 tarn
1113 2848 1144 2908 in
1173 2847 1285 2908 iudicio

539 2967 631 3030 quarn
652 2957 739 3011 extra
768 2947 926 3018 habeatur,
950 2957 1027 3022 quae
1049 2941 1121 3020 ipsis
1143 2955 1285 3018 praescn-

538 3045 620 3106 tibus
651 3042 835 3114 haberetur,
865 3037 889 3098 si
916 3035 1020 3097 lorent
1051 3033 1206 3096 exhibitae
1235 3032 1285 3093 vel

538 3145 687 3199 ostensae.

578 3231 690 3292 Datum
714 3229 844 3301 Romae,
870 3223 948 3302 apud
979 3223 1009 3287 S.
1038 3221 1164 3284 blaciam
1194 3219 1285 3280 llaio-

538 3341 617 3398 reru,
639 3321 696 3385 sub
717 3319 832 3384 aurardo
855 3317 1026 3390 Piscatoris,
1050 3316 1099 3377 alie
1117 3331 1169 3375 xx.
1188 3329 1284 3390 auga·

536 3419 575 3480 sti
598 3431 790 3489 noeoxvnx,
812 3411 920 3492 pontif.
945 3405 1043 3471 nostri
1065 3423 1146 3469 araxao
1169 3423 1259 3467 xvxix.

791 3571 1030 3583 -—--—

856 3693 960 3758 Llllll.

536 3887 636 3950 laerta
669 3885 828 3948 decretura
859 3880 1074 3961 paorticulcris
1105 3879 1280 3957 Coraprepo·

576 3980 675 4044 tionis
700 3977 928 4041 Cardtnaltom
951 3974 1086 4054 rtepotiis
1109 3972 1202 4049 Prop.
1230 3973 1280 4034 nt-

575 4076 624 4138 dei
650 4071 906 4152 praepositorum
932 4085 1029 4145 stapel·
1057 4063 1149 4128 rebvs
1172 4065 1280 4129 Indic-

574 4185 648 4230 rum
675 4163 889 4229 Oricvrtoliom
918 4162 1108 4238 deputatae,
1138 4158 1281 4220 comoria-

573 4263 700 4326 soriam
732 4267 761 4320 ct
789 4259 992 4319 visitatorem
1025 4253 1177 4315 institnit
1207 4269 1278 4314 cem

573 4355 752 4418 ordinariis
773 4360 804 4414 et
829 4347 1109 4413 cartruordinoriis
1136 4347 1279 4427 [oculto-

575 4449 660 4512 attus
682 4449 737 4527 (l).

606 4633 776 4702 Venerabili
798 4631 887 4700 tratri
915 4628 1024 4697 carolo
1047 4625 1204 4696 ambrosio

694 4726 892 4796 Patriarolaae
921 4722 1118 4790 Alexandrino

738 4873 923 4943 CLEMENS
945 4873 1004 4939 ΡΡ.
1030 4871 1075 4938 tlt.

747 5010 936 5079 Venerabilis
958 5011 1065 5086 trater,

570 5109 698 5180 salutem
720 5113 752 5175 ei
771 5107 966 5192 apostolieum
987 5103 1235 5172 benedictionem.

570 5301 783 5380 Speculatores
812 5301 921 5362 domus
944 5296 1035 5360 lsrael
1062 5309 1155 5374 super
1176 5293 1275 5355 catne-

529 5395 617 5457 tlram
644 5395 791 5474 principis
821 5393 1055 5472 Apostolorum,
1084 5385 1274 5450 inscrutabili

530 5487 652 5550 divinae
673 5489 884 5568 providentiae
898 5503 1008 5548 arcano
1023 5483 1195 5555 constituti,
1212 5496 1274 5542 non

532 5583 621 5644 modo
642 5583 820 5658 gravissima
842 5579 1041 5643 ecclesiarum
1063 5577 1203 5639 oxnnium
1218 5573 1276 5636 sol·

531 5675 691 5738 licitudine
724 5675 907 5754 premimur,
936 5673 989 5735 sed
1019 5673 1054 5734 acl
1084 5671 1273 5742 nniversam,

530 5771 687 5846 quaesub
708 5769 790 5830 caelo
811 5775 869 5844 est,
890 5783 930 5828 ex
951 5765 1037 5828 omni
1059 5765 1142 5827 tribu
1163 5769 1194 5824 et
1217 5761 1275 5824 lin-

571 5985 601 6042 (1)
618 5985 654 6028 Ex
668 5983 808 6028 Tabulario
823 5985 845 6026 S.
863 5985 887 6028 C.
903 5983 934 6026 de
949 5985 1022 6040 Prop.
1039 5981 1108 6026 niue.

1070 571 1132 618 tun.
1156 569 1248 617 PONT.
1272 568 1312 615 DE
1334 565 1362 615 P.
1387 567 1416 615 F·
1442 569 1524 616 PARS
1546 569 1567 614 1.

1348 705 1407 766 gua
1430 697 1461 751 et
1482 688 1594 767 populo
1615 696 1646 751 et
1668 688 1792 751 natione
1822 687 1966 766 gentium
1991 688 2095 752 mulli-

1348 785 1489 848 tudinem
1511 784 1625 846 montis
1646 791 1774 862 nostrae,
1788 785 1893 846 oeulos
1907 785 2024 861 iugiter
2038 787 2097 846 cir·

1346 880 1566 955 cuniierimus3
1597 886 1750 956 quantum
1778 877 1931 956 siquidem
1954 879 1985 940 in
2008 880 2095 941 nobis

1345 981 1403 1049 est,
1427 991 1442 1034 a
1463 973 1535 1034 solis
1556 979 1626 1034 ortu
1648 989 1745 1051 usque
1766 974 1801 1034 ad
1822 989 1964 1036 occasum
1979 973 2095 1036 laudari

1347 1084 1463 1130 nomen
1491 1067 1613 1130 llomini
1641 1082 1840 1146 summopere
1868 1067 2022 1146 cupimus,
2045 1071 2095 1130 ad-

1346 1178 1445 1241 eoque
1466 1163 1559 1224 etiam
1582 1163 1617 1222 ad
1640 1161 1860 1223 remotissimas
1881 1161 1918 1222 ab
1934 1163 1988 1224 bac
2002 1162 2093 1225 Sanc·

1346 1265 1374 1318 ta
1397 1255 1475 1320 Sede
1492 1256 1636 1332 regiones
1660 1255 1818 1334 pastoralis
1840 1256 2019 1332 vigilantiae
2040 1275 2095 1319 no-

1344 1358 1426 1411 strae
1452 1365 1556 1412 euram
1583 1349 1792 1423 extendimus,
1816 1357 1850 1410 ut
1873 1349 1986 1411 ibidem
2014 1352 2094 1412 clari-

1345 1445 1441 1505 stiana
1464 1445 1536 1505 sides
1559 1441 1735 1521 quotidiana
1757 1442 1932 1504 infidelium
1950 1445 2093 1506 accessio-

1346 1553 1384 1600 ne
1406 1537 1495 1600 latius
1517 1543 1715 1616 propagetur,
1738 1542 1769 1598 et
1791 1552 1852 1614 quo
1873 1537 1945 1598 alias
1969 1539 2091 1602 inducta

1346 1631 1415 1706 luit,
1432 1632 1559 1694 sublatis
1574 1630 1704 1692 dissidiis
1721 1629 1802 1692 illius
1818 1631 2012 1694 incrementa
2029 1641 2093 1695 tur·

1344 1725 1498 1800 bantibus,
1521 1724 1649 1786 solidius
1670 1723 1703 1785 in
1725 1723 1800 1798 dies,
1817 1723 2019 1786 benedicente
2035 1726 2091 1788 Do-

1344 1819 1441 1894 mino,
1464 1819 1645 1880 stabiliatur.

1383 1914 1401 1988 ἓ
1426 1913 1451 1972 l.
1476 1913 1553 1975 Hinc
1576 1920 1632 1986 est,
1655 1911 1737 1991 quod
1760 1929 1815 1974 nos
1843 1912 1990 1990 peculiari
2016 1931 2091 1993 quo·

1343 2006 1411 2068 dam
1444 2013 1588 2085 paternae
1619 2015 1743 2068 nostrae
1770 2007 1902 2070 caritatis
1923 2005 2032 2070 ellectu
2054 2010 2090 2071 ad

1343 2101 1568 2179 amplissimum
1580 2101 1725 2164 Sinarum
1738 2101 1906 2180 Imperium
1921 2102 2020 2164 studia
2036 2119 2090 2164 uo-

1340 2201 1402 2255 stra
1424 2202 1652 2268 connectentes,
1677 2203 1717 2268 te,
1740 2194 1778 2256 de
1800 2195 1887 2258 cuius
1908 2201 2038 2274 spectata
2055 2196 2088 2257 fi·

1341 2289 1389 2362 de,
1407 2289 1595 2364 integritate,
1613 2289 1785 2368 prudentia,
1798 2287 1949 2363 doctrina,
1962 2289 2087 2368 pietate,

1341 2382 1476 2456 caritate,
1506 2397 1612 2442 rerum
1640 2381 1830 2458 agendarum
1858 2382 1966 2460 peritia
1988 2399 2022 2444 ac
2042 2399 2089 2444 ca·

1343 2475 1472 2538 thelicae
1499 2475 1657 2552 religionis
1687 2475 1752 2536 zelo
1781 2475 1954 2554 plurimum
1977 2477 2007 2538 in
2031 2477 2087 2538 Do-

1342 2569 1428 2629 mino
1442 2569 1637 2642 confidimus,
1652 2576 1796 2646 tanquam
1812 2575 1997 2631 nostramet
2009 2569 2087 2649 Apo-

1339 2661 1463 2724 stolicae
1493 2662 1579 2724 Sedis
1613 2662 1803 2724 visitatorem
1835 2678 1907 2724 cum
1939 2671 2088 2741 potestate

1340 2755 1433 2817 etiarn
1460 2755 1566 2832 Legati
1588 2757 1626 2818 do
1648 2756 1742 2818 latere
1770 2772 1924 2818 unacum
1949 2773 2087 2834 congruo

1340 2849 1606 2912 missionariorum
1628 2849 1774 2912 comitatu
1796 2849 1870 2912 illuc
1891 2851 2015 2914 mittere
2037 2854 2087 2915 de-

1339 2944 1507 3017 crevimus,
1524 2949 1558 3004 ut
1573 2953 1718 3020 coeptum
1740 2941 1802 3004 illie
1819 2944 2000 3006 iamdudum
2015 2961 2086 3008 con·

1340 3036 1489 3097 versionis
1521 3036 1694 3098 infidelium
1728 3053 1762 3098 ac
1793 3039 1982 3100 orthodoxae
2017 3039 2085 3102 ndei

1339 3131 1565 3210 propagationis
1586 3146 1673 3210 opus,
1698 3131 1732 3191 iis
1753 3131 1898 3192 omuibus
1921 3131 1992 3194 inde
2008 3133 2086 3194 ziza-

1338 3225 1410 3298 niis,
1433 3239 1510 3302 quae
1533 3223 1676 3286 inimicus
1707 3226 1800 3286 laonio
1820 3226 2087 3302 superseminare

1340 3326 1396 3392 rat,
1420 3317 1544 3396 penitus
1573 3317 1742 3396 extirpatis,
1773 3319 1893 3380 tirmius
1915 3327 1945 3380 et
1967 3319 2085 3382 felicius

1338 3425 1428 3490 opera
1455 3417 1506 3472 tua
1539 3419 1768 3488 promoveatur.
1802 3413 1901 3488 igitur
1930 3420 1959 3474 te
1981 3429 1996 3474 a
2018 3413 2085 3491 qui·

1338 3506 1443 3568 busvis
1463 3504 1805 3580 excommunicationis,
1824 3507 2034 3584 suspensionis
2055 3514 2086 3570 et

1338 3599 1505 3672 interdicti,
1526 3597 1655 3676 aliisque
1677 3597 1887 3660 ecclesiasticis
1907 3599 2082 3675 sententiis,

1337 3693 1476 3755 censuris
1497 3701 1529 3754 et
1549 3691 1668 3770 poenis,
1691 3708 1706 3750 a
1729 3691 1795 3754 iure
1818 3692 1867 3754 vel
1888 3693 1925 3756 ab
1944 3693 2082 3768 bomine,

1335 3787 1442 3866 qaxavis
1464 3786 1622 3848 occasione
1643 3785 1694 3846 vel
1715 3786 1801 3848 causi
1823 3785 1900 3860 latis,
1923 3786 1948 3847 si
1971 3787 2082 3864 quibus

1335 3879 1566 3958 quomodolibet
1594 3879 1758 3942 innodatus
1786 3879 1910 3954 existis,
1937 3877 1974 3940 ad
1995 3879 2083 3942 ellec-

1336 3982 1403 4035 tum
1418 3972 1627 4050 praesentium
1642 3971 1800 4033 dumtaxat
1815 3973 2080 4050 consequendum,

1335 4066 1446 4128 harnm
1467 4065 1545 4126 serie
1566 4064 1758 4128 absolventes
1779 4075 1810 4127 et
1825 4065 2002 4128 absolutum
2017 4063 2082 4126 lore

1333 4167 1505 4234 censentes,
1528 4160 1565 4221 de
1587 4159 1813 4222 nonnullorum
1838 4175 1877 4220 ex
1898 4157 2083 4220 venerabili·

1334 4255 1391 4317 bus
1412 4255 1557 4318 iratribus
1579 4254 1693 4317 nostris
1714 4251 2081 4318 &attaminatione

2126 547 2180 602 An.
2194 550 2227 602 C.
2250 547 2324 600 1719

2124 1978 2129 1987 Ι
2170 1926 2331 1988 Commissa·

2110 1989 2177 2024 rrum
2198 1981 2329 2026 instituit.

1334 4350 1590 4428 Congregationis
1611 4347 1824 4427 Propagandae
1845 4347 1929 4412 Fidei
1950 4347 2081 4424 negotiis
2160 4383 2164 4390 -

1333 4445 1520 4523 praepositae
1540 4458 1633 4520 super
1655 4442 1746 4504 rebus
1767 4441 1925 4504 indiarum
1943 4441 2080 4503 Orienta-

1333 4538 1410 4599 lium
1432 4554 1448 4596 a
1471 4537 1558 4598 nobis
1578 4535 1749 4612 specialiter
1768 4535 1986 4612 deputatorum
2007 4549 2078 4595 con·

1331 4631 1411 4705 silio,
1436 4638 1465 4692 te
1486 4637 1629 4691 nostrum
1651 4636 1681 4690 et
1703 4629 1800 4690 dictae
1828 4627 1913 4690 Sedis
1937 4627 2079 4688 commis·
2138 4637 2146 4650 ·

1331 4727 1448 4787 sarium
1469 4733 1500 4786 et
1521 4723 1713 4784 visitatorem
1735 4738 1807 4784 curu
1821 4727 1971 4800 potestate
1986 4719 2077 4782 etiarn

1333 4819 1438 4894 Legati
1453 4820 1490 4880 de
1506 4818 1600 4878 latere
1616 4818 1647 4878 in
1670 4815 1811 4893 praelatis
1832 4815 1979 4878 Sinarutn
2000 4813 2078 4876 aliis·

1332 4929 1393 4990 que
1415 4911 1572 4974 lndiarurn
1593 4909 1798 4973 Orientalium
1820 4909 1923 4986 regnis
1943 4916 1973 4970 et
1994 4907 2078 4969 insu·

1331 5006 1379 5080 lis,
1401 5005 1583 5067 auctoritate
1610 5002 1770 5081 apostolica
1803 5009 1911 5064 tenore
1936 5018 2078 5081 praesen-

1331 5101 1411 5162 tium
1432 5097 1570 5174 iacimus,
1590 5096 1810 5159 constituimus
1831 5103 1862 5157 et
1883 5097 2076 5174 deputamus.

1371 5195 1432 5268 §2
1448 5192 1589 5270 Titiique,
1606 5190 1753 5269 quamdiu
1769 5188 1941 5252 visitatoris
1953 5191 2078 5268 ApOStO·
2113 5208 2260 5257 Facultates
2273 5223 2309 5256 or·

1331 5287 1380 5349 lici
1402 5305 1417 5348 a
1441 5286 1538 5361 nobis,
1556 5293 1589 5346 nt
1611 5283 1777 5364 profertur,
1794 5283 1931 5362 deputati
1947 5299 2078 5345 munere

1330 5381 1488 5457 luxagcndo
1510 5381 1541 5441 in
1570 5378 1629 5440 illis
1658 5377 1795 5457 partibus
1825 5376 2076 5452 commoveberis,

2097 5261 2212 5308 dinarios
2230 5271 2255 5310 et
2270 5277 2309 5310 ex·

2098 5317 2309 5365 traordinarias

2097 5371 2219 5418 concedit.

1331 5476 1412 5536 ultra
1433 5474 1536 5536 solitas
1558 5483 1589 5536 et
1609 5479 1767 5536 consuetas
1790 5471 1946 5534 facultates
1968 5469 2077 5533 lisita-
2143 5536 2147 5544 ,

1332 5569 1405 5631 toris
1427 5567 1592 5646 Apostolici
1614 5565 1803 5638 huiusmodi,
1832 5565 1926 5628 etiarn
1947 5564 2078 5626 admini-

1329 5662 1446 5725 strandi
1468 5662 1570 5724 omnia
1590 5668 1792 5735 sacramenta,
1808 5659 1901 5720 etiam
1923 5657 2078 5737 parochia-

1330 5757 1379 5834 lia,
1402 5773 1435 5820 ao
1455 5772 1564 5820 omines
1592 5756 1685 5817 etiarn
1712 5771 1812 5816 saeros
1833 5761 1864 5815 et
1885 5752 2078 5831 presbytera·
