4836 6998
330 544 385 600 Διι.
398 547 430 600 0.
451 549 521 602 1728
570 547 630 613 410

320 695 534 848 praeiffiiiffi
554 779 559 790 Ι
592 704 639 748 ιιι.
655 688 904 768 Qniaaliquando
918 693 1101 769 contingere
1115 693 1205 766 solet,
1217 693 1297 771 quod

321 802 382 847 raras
418 801 533 866 occupa
552 797 585 842 ιιι
606 783 780 846 scrutandis
801 784 938 846 materiis
959 793 990 846 et
1010 787 1232 848 controversiis
1247 785 1299 848 bo-

320 854 534 966 ῗξξξζξᾚῇιῖζ
552 893 630 938 num
645 877 784 952 regimen
799 894 832 940 ac
847 878 1037 954 gubernium
1052 880 1212 956 religionis
1226 895 1299 940 con-

320 965 378 1006 tam.
552 970 770 1045 cernentibus,
792 971 911 1034 sivein
940 973 1116 1034 delinitorio
1149 972 1297 1049 generali,

552 1061 617 1122 sive
640 1062 672 1123 in
694 1065 883 1141 particulari,
905 1065 1049 1142 sutfragia
1075 1065 1229 1128 vocalium
1251 1081 1299 1126 re·

552 1155 715 1232 periantur
735 1157 883 1236 aequalia,
901 1173 941 1219 ne
955 1159 995 1220 ob
1015 1159 1169 1222 eiusmodi
1189 1174 1299 1237 aequa·

552 1247 671 1310 litatem
693 1250 838 1312 materiae
860 1259 1042 1314 remaneant
1064 1252 1228 1327 indecisae,
1245 1269 1299 1332 per

552 1356 672 1403 novum
694 1341 838 1420 praelecti
865 1345 1018 1420 generalis
1046 1345 1161 1408 ibidem
1186 1347 1299 1425 praesi-

553 1433 654 1496 dentis
667 1435 862 1512 suffragium,
875 1453 1086 1518 quaecumque
1101 1439 1229 1501 materia
1244 1455 1299 1502 seu

553 1526 702 1589 discordia
717 1528 750 1590 in
764 1529 984 1606 suhragiorum
1006 1533 1189 1612 aequalitate
1203 1532 1299 1610 posita

555 1625 586 1680 et
607 1621 773 1684 constituta
794 1623 957 1686 dirimatur
977 1633 1008 1687 ιι
1029 1625 1197 1688 decidatur.

330 1721 537 1786 nasamonas
597 1731 639 1776 ιι.
659 1715 739 1776 (lum
775 1718 852 1778 raeci
878 1733 966 1792 uum,
980 1719 1043 1781 imo
1063 1719 1190 1782 unicum
1206 1719 1300 1782 huius

323 1774 538 1892 ἷὲιῖιῖῗιζιιῗξιιιῖῗιῖ
557 1809 717 1884 religionis
731 1731 912 1872 irfstitutgm
926 1811 965 1872 sit
976 1812 1136 1889 hospitalia
1153 1812 1299 1886 retinere,

323 1881 539 1990 ¹s⁰e¹iiffi¹n⁸if¹⁸qd32
558 1901 590 1961 in
606 1901 711 1980 eisque
726 1916 833 1964 omnes
846 1903 982 1982 recipere
1001 1905 1140 1966 inilrmos
1155 1919 1300 1983 quacum·

324 1991 540 2089 ssgffifnigffssgj
558 2011 618 2074 que
647 1995 828 2058 infirmitate
850 1997 942 2058 etiam
974 1998 1142 2076 epidemica
1164 1998 1302 2060 laboran-

325 2095 371 2141 ιιι
558 2094 614 2162 tes,
630 2087 779 2166 capellani
793 2088 858 2150 sive
878 2090 1075 2151 saecularesa
1090 2091 1301 2170 superioribus

557 2179 820 2243 bethlehemiticis
851 2181 957 2256 electi,
984 2183 1051 2244 sive
1071 2183 1242 2246 sacerdotes
1263 2200 1301 2246 ex

556 2273 663 2336 eidem
678 2273 830 2350 religione
844 2275 1097 2340 bethlehemitica
1112 2278 1162 2339 vel
1175 2294 1214 2339 ex
1229 2294 1302 2356 qua-

458 2431 469 2452 ·
556 2381 692 2444 cumque
713 2366 770 2428 alia
784 2369 972 2444 assumendi,
990 2377 1052 2432 tam
1074 2370 1146 2446 illis,
1162 2372 1214 2449 qui
1230 2371 1302 2450 ipsis

556 2459 690 2522 intirmis
721 2467 752 2522 et
783 2461 1068 2525 convalescentibus
1100 2465 1301 2541 inserviunt,

557 2568 651 2631 quam
682 2553 826 2616 omnibus
847 2554 914 2616 aliis
942 2555 1142 2636 hospitalium
1173 2559 1302 2621 servitio

557 2645 698 2719 addictis,
721 2646 815 2708 etiam
837 2649 869 2712 in
890 2649 1049 2723 Pascbate,
1074 2651 1301 2726 poenitentiae,

558 2737 767 2802 Eucharistiae
788 2749 819 2804 et
840 2742 1005 2804 Extremae
1025 2744 1188 2806 Unctionis
1207 2761 1305 2807 sacra-

557 2834 1305 2913 mentapossintetvaleantadministrare,dum·

557 2925 649 2986 modo
677 2925 805 3004 praelati
831 2927 979 3006 capellani
1006 2945 1062 3008 pro
1092 2930 1304 2993 poenitentiae

558 3025 750 3081 sacramento
770 3018 1026 3097 administrando,
1049 3024 1159 3086 mortis
1173 3024 1305 3086 articulo

558 3119 698 3189 excepto,
720 3112 758 3176 ab
778 3112 939 3176 Ordinario
960 3114 1029 3190 loci,
1052 3116 1105 3194 qui
1126 3123 1195 3178 actu
1216 3132 1305 3178 suam

558 3203 717 3266 ecclesiam
738 3207 904 3282 gubernet,
920 3207 1078 3272 licentiam
1099 3209 1306 3272 confessiones

560 3296 732 3375 excipiendi
753 3299 898 3362 habeant.

330 3400 543 3501 bnaaospmlur-
601 3408 630 3451 v.
660 3391 805 3466 Quamvis
836 3403 940 3456 autem
972 3395 1004 3457 in
1032 3396 1306 3460 constitutionibus

331 3465 544 3556 ,ffli'ffiqffiff‘
560 3486 701 3550 eiusdem
715 3485 847 3562 Ordinis,
863 3503 927 3566 cap.
946 3505 1002 3563 v1.,
1019 3489 1037 3564 5
1053 3489 1082 3564 3,
1099 3490 1140 3550 ita
1154 3498 1306 3552 statutum

561 3579 616 3642 sit:
651 3578 722 3642 Non
750 3579 838 3643 debet
866 3582 998 3644 occludi
1025 3581 1064 3646 ab
1092 3581 1306 3660 hospitalibus

560 3673 682 3735 nostris
704 3673 809 3736 attam
828 3689 928 3754 ponas
948 3690 1171 3752 personarum,
1188 3675 1229 3738 od
1245 3692 1308 3736 orc-

559 3782 615 3828 aes
636 3765 723 3828 debet
744 3766 1135 3838 accenderitaccenderit
1157 3769 1306 3844 amplecti

560 3859 714 3922 caritatis
735 3861 844 3930 ulnae,
867 3857 992 3932 liberos,
1016 3876 1133 3932 aeroas,
1161 3876 1306 3932 mauros,

560 3953 671 4032 oiqros
692 3960 722 4014 ct
743 3955 894 4031 gentiles:
918 3953 1122 4016 nibilominus
1143 3955 1176 4016 in
1199 3953 1308 4016 iisdem

560 4045 760 4122 excipiuntur
787 4046 946 4120 mulieres,
973 4063 1051 4125 quae
1076 4062 1132 4109 neo
1147 4053 1182 4108 ut
1197 4062 1309 4109 curen-

561 4145 625 4213 tur,
648 4153 704 4200 nec
726 4138 762 4198 ad
784 4138 963 4202 invisendos
991 4141 1132 4204 infirmos
1153 4141 1185 4202 in
1207 4140 1309 4218 bospi-

560 4231 672 4294 talibus
684 4231 798 4294 debent
809 4233 940 4295 admitti.
957 4233 1032 4307 Quia
1047 4249 1122 4295 vero
1137 4233 1309 4296 nonnullae

561 4323 701 4386 civitates
715 4330 746 4385 ιι
761 4323 825 4386 loca
838 4325 999 4402 religiosos
1019 4325 1258 4390 bethlehemitas
1272 4326 1307 4388 ad

563 4419 750 4496 erigendum
771 4418 804 4480 in
826 4419 898 4497 ipsis
920 4419 1077 4499 hospitalia
1093 4427 1243 4482 vocarunt
1258 4418 1309 4480 vel

562 4511 766 4586 admiserunt,
789 4519 820 4574 ιι
842 4513 1040 4592 quamplures
1062 4514 1096 4574 ed
1117 4513 1186 4589 lege
1207 4512 1308 4589 hospi-

564 4604 633 4666 talia
645 4604 827 4680 iundarunt,
842 4605 893 4668 vel
907 4607 1118 4682 eleemosynas
1133 4605 1309 4668 contribue-

564 4705 652 4772 runt,
674 4707 709 4760 ut
730 4699 762 4760 in
785 4699 870 4778 ipsis,
888 4699 946 4761 sub
960 4700 1033 4760 curi
1048 4698 1216 4761 mulierum
1231 4707 1262 4758 et
1276 4698 1309 4759 ιιι

564 4792 688 4856 aedibus
702 4793 848 4871 separatis
863 4793 974 4854 abillis
990 4793 1143 4866 virorum,
1161 4805 1310 4869 pauperes

564 4885 714 4948 mulieres
735 4885 877 4948 infirmae
891 4885 990 4964 excipi
1012 4892 1043 4946 et
1063 4884 1165 4947 curari
1180 4884 1309 4962 possint,

563 4985 822 5058 compertumque
836 4977 1028 5058 experientiai
1041 4979 1080 5040 sit
1092 4977 1125 5040 in
1137 4977 1310 5038 maximum

564 5073 595 5134 id
616 5072 749 5150 proximi
779 5072 888 5135 cedere
916 5072 1084 5134 auxilium:
1108 5072 1193 5145 ideo,
1219 5071 1311 5131 larmir

565 5173 747 5230 remanente
759 5167 892 5244 praelati
906 5167 1129 5230 constitutione
1143 5166 1243 5243 quoad
1258 5164 1311 5226 ho-

564 5263 684 5343 spitalia
695 5261 1050 5339 virorumapprobanda
1062 5275 1127 5322 esse
1137 5257 1309 5336 hospitalia,

565 5375 620 5422 seu
641 5361 763 5431 domus,
786 5364 934 5434 utsupra
955 5363 1068 5428 erecta,
1090 5353 1210 5430 aliaque
1224 5367 1311 5431 posse

565 5453 598 5514 in
621 5452 765 5514 laturum
775 5451 853 5527 erigi
868 5467 902 5512 ac
917 5448 1052 5522 landari,
1069 5446 1228 5525 inquibus
1244 5461 1310 5506 mu·

566 5547 657 5608 lieres
688 5546 830 5608 infirmae
859 5543 954 5621 recipi
981 5549 1012 5604 ct
1040 5541 1141 5604 curari
1169 5539 1310 5614 valeant,

566 5639 733 5702 dummodo
751 5637 929 5700 huiusmodi
946 5633 1104 5713 hospitalia
1126 5649 1181 5696 seu
1202 5635 1312 5696 domus

566 5732 603 5794 ab
618 5731 818 5810 hospitalibus
832 5737 863 5792 et
878 5727 1023 5792 domibus
1038 5727 1180 5790 virorum
1195 5727 1312 5788 nedum

565 5826 628 5888 sint
649 5832 798 5903 separata,
813 5839 926 5886 verum
947 5822 1039 5884 ctiam
1060 5820 1147 5884 nulli
1168 5837 1206 5882 ex
1228 5826 1313 5898 parte

566 5919 682 5983 eisdem
703 5919 765 5982 sint
787 5918 965 5983 immediate
986 5916 1147 5996 contigua,
1169 5931 1202 5976 ac
1223 5915 1312 5976 dum-

1071 573 1134 621 lUll.
1159 574 1250 620 rottr.
1274 574 1314 618 bt:
1336 574 1365 619 Ρ.
1388 574 1418 620 l·
1443 575 1525 620 PARS
1547 574 1568 618 l.

1355 693 1445 754 modo
1457 693 1488 754 in
1502 691 1703 771 hospitalibus
1711 692 1761 754 vel
1773 691 1917 754 domibus
1928 691 2099 756 mulierum

1354 785 1479 847 nonnisi
1491 785 1654 862 religiosus
1669 786 1889 862 sexagenarius
1900 803 1956 866 pro
1968 795 2098 862 rectore,

1354 887 1385 940 ct
1406 894 1489 940 unus
1510 879 1560 941 vel
1583 880 1643 942 duo
1658 867 1947 942 sacerdotes'aetate
1961 884 2099 958 provecti

1353 987 1409 1050 pro
1430 972 1682 1035 administrandis
1707 974 1923 1048 sacramentis,
1952 975 2100 1036 constitui

1353 1065 1494 1139 valeant,
1517 1066 1594 1143 quin
1622 1065 1702 1128 alius
1722 1066 1887 1143 religiosus
1914 1067 2100 1128 commorari

1354 1157 1395 1218 ibi
1417 1162 1522 1236 possit,
1546 1159 1585 1219 ita
1608 1165 1639 1220 et
1662 1159 1764 1220 taliter
1785 1159 1879 1238 quod,
1895 1160 1920 1222 si
1935 1159 1994 1220 alio
2008 1160 2101 1222 modo

1355 1251 1407 1312 liat
1428 1250 1459 1310 in
1483 1251 1582 1330 aliqui
1604 1253 1696 1314 domo
1718 1252 1767 1314 vel
1790 1251 1950 1330 hospitali,
1972 1269 2009 1314 eo
2029 1269 2101 1315 casu

1353 1343 1461 1405 eadem
1483 1345 1591 1406 domus
1612 1345 1661 1406 vel
1678 1345 1830 1423 hospitale
1844 1347 1911 1422 ipso
1926 1347 2015 1426 [octo
2029 1346 2103 1407 sub-

1355 1436 1469 1498 iectum
1491 1438 1531 1500 sit
1552 1445 1584 1499 et
1600 1446 1758 1500 remaneat
1773 1439 1943 1500 visitationi
1959 1439 2101 1518 Episcopi

1355 1535 1386 1589 ιι
1407 1529 1560 1592 Ordinarii
1582 1530 1651 1594 loci.

1394 1638 1437 1682 vr.
1461 1621 1605 1701 Cumque
1635 1639 1761 1686 ιιιιιιιι
1787 1625 1828 1688 ιιι
1852 1626 1934 1704 qnod
1963 1626 2099 1702 religiosi
2189 1635 2231 1678 no
2257 1630 2343 1686 earet·

1354 1713 1603 1779 bethlehemitici
1614 1725 1645 1778 at
1655 1717 1802 1796 capellani
1817 1719 1967 1781 continuo
1982 1734 2100 1780 moram
2120 1685 2208 1786 iiiiiin
2221 1684 2343 1794 ’ἷῖἷξὲιιῖἶ

1356 1807 1479 1869 trahant
1494 1809 1526 1869 in
1539 1809 1751 1888 hospitalibus,
1764 1827 1805 1873 ιιι
1816 1813 1907 1873 detur
1917 1828 2003 1873 casus
2018 1811 2100 1890 quod
2121 1793 2198 1893 2¹33,
2208 1791 2343 1891 agffi'f
2408 1875 2410 1880 ,

1355 1901 1465 1979 aliquis
1494 1903 1637 1964 inlirmus
1665 1905 1830 1982 repentino
1858 1906 2015 1968 accidente
2036 1921 2104 1968 cor·
2121 1900 2167 1946 ⁶¹³·

1355 2002 1462 2071 reptus
1483 1995 1598 2074 absque
1623 1997 1823 2059 sacramentis
1847 1997 2011 2077 tobimque
2031 1999 2103 2060 assi·

1355 2087 1467 2149 stentia
1488 2089 1625 2164 decedat,
1647 2088 1877 2166 declarandum,
1892 2101 1935 2166 et,
1948 2099 2104 2170 quatenus

1356 2196 1444 2258 opus,
1460 2181 1495 2242 de
1512 2197 1593 2242 novo
1608 2185 1838 2246 concedendum
1853 2183 1930 2260 lore,
1945 2185 2028 2262 quod
2041 2193 2103 2246 tam

1357 2274 1484 2352 praelati
1505 2289 1614 2336 omnes
1636 2276 1772 2353 religiosi
1797 2278 1919 2341 Ordinis
1940 2277 2104 2340 Bethlehe-

1357 2367 1468 2442 mitici,
1491 2383 1584 2446 qnam
1606 2369 1779 2447 presbyteri
1800 2370 1970 2433 saeculares
1984 2370 2034 2432 vel
2057 2387 2107 2433 re-

1358 2461 1480 2536 gulares
1491 2460 1617 2522 alterius
1633 2463 1782 2540 cuiusque
1797 2463 1968 2540 religionis,
1980 2464 2035 2542 qui
2050 2481 2106 2543 per

1358 2553 1533 2632 superiores
1564 2554 1692 2631 praelati
1723 2555 1846 2618 Ordinis
1873 2556 1906 2617 in
1933 2556 2105 2634 capellanos

1358 2647 1507 2725 assumpti
1518 2655 1592 2709 sunt
1606 2654 1639 2708 et
1653 2649 1856 2728 imposterum
1877 2650 1991 2711 assurm
2005 2649 2108 2711 conti·

1360 2740 1451 2817 gerit,
1463 2739 1528 2801 sint
1540 2740 1676 2819 exempti
1688 2756 1703 2800 a
1715 2757 1912 2820 quocumque
1926 2757 2022 2804 onere
2037 2757 2107 2821 pro·

1359 2833 1534 2896 cessionum
1556 2833 1750 2912 publicarum
1767 2834 1819 2896 vel
1840 2833 2037 2897 iunctionum
2057 2851 2105 2898 ec·

1359 2926 1615 3002 clesiasticarum,
1649 2927 1688 2988 ob
1715 2945 1789 3006 quas
1812 2935 1981 2992 teneantur
2001 2929 2108 2990 abesse

1360 3019 1453 3081 etiam
1476 3036 1530 3098 pro
1553 3021 1673 3082 modico
1685 3027 1825 3099 tempore
1840 3021 1877 3082 ab
1891 3021 2105 3101 hospitalibus,

1360 3111 1397 3174 ad
1418 3112 1514 3174 instar
1535 3112 1751 3189 religiosorum
1774 3113 1806 3176 S.
1829 3115 1952 3176 loannis
1972 3115 2010 3177 de
2024 3114 2097 3175 ileo.

1400 3301 1468 3375 ἐι.
1493 3301 1572 3364 Cum
1593 3309 1710 3376 autem,
1726 3301 1806 3364 sicut
1827 3301 1920 3364 iidem
1935 3303 2108 3380 praelectus
2198 3319 2347 3366 coarma-

1359 3399 1391 3453 et
1412 3393 1588 3454 assistentes
1609 3394 1768 3470 generales
1782 3395 1870 3457 nobis
1891 3397 1993 3458 denuo
2008 3413 2108 3476 nuper
2126 3373 2348 3474 ξξωᾱθξέῗέὲζῖ

1361 3487 1474 3565 exponi
1496 3485 1654 3562 iecerunt,
1677 3487 1734 3567 ipsi
1756 3489 1903 3566 praelatas
1929 3489 2110 3552 declaratio-
2126 3481 2267 3528 sationum
2284 3482 2347 3527 ΝΜ·

1362 3598 1428 3655 nes,
1451 3580 1686 3642 reiormationes
1705 3589 1737 3642 et
1759 3597 1854 3643 novas
1868 3582 2109 3646 constitutiones
2127 3537 2222 3582 aaran

1361 3675 1399 3736 ab
1420 3675 1485 3753 ipsi
1505 3674 1756 3750 congregatione
1771 3673 1982 3738 (lardinalium
2004 3677 2110 3738 condi-

1363 3776 1407 3830 tas
1428 3784 1482 3830 seu
1504 3767 1693 3846 approbatas,
1716 3783 1777 3845 quo
1799 3769 1921 3830 llrmius
1940 3769 2109 3832 subsistant

1362 3879 1396 3923 ac
1416 3867 1583 3922 serventur
1604 3860 1756 3934 exactius,
1779 3860 1959 3940 apostolicae
1984 3877 2110 3940 quoque

1364 3961 1487 4016 nostrae
1516 3953 1760 4015 confirmationis
1791 3951 1941 4031 praesidio
1972 3954 2109 4016 roborari

1364 4047 1499 4108 maxime
1513 4045 1706 4108 desiderent:
1729 4045 1817 4106 nobis
1831 4053 1993 4124 propterea
2007 4047 2111 4109 bumi-

1364 4140 1436 4202 liter
1456 4139 1622 4219 supplicari
1653 4138 1795 4201 iecerunt
1816 4146 1851 4200 ut
1876 4139 1909 4200 in
1936 4140 2111 4217 praemissis

1364 4240 1540 4313 opportune
1560 4231 1724 4310 providere
1744 4239 1775 4294 et
1797 4239 1831 4294 ut
1853 4231 1886 4293 in
1907 4231 1986 4294 inira
2008 4231 2111 4296 indul·

1365 4342 1438 4403 gere
1453 4327 1490 4388 de
1505 4325 1700 4401 benignitate
1713 4323 1875 4402 apostolici
1894 4324 2108 4400 dignaremur.

1365 4418 1427 4481 Nos
1449 4419 1556 4496 igitur,
1573 4419 1653 4495 ipsos
1668 4423 1859 4496 exponentes
1872 4417 2054 4496 specialibus
2069 4415 2113 4479 ia-

1365 4512 1492 4574 voribus
1508 4519 1538 4574 et
1553 4511 1661 4587 gratiis
1675 4510 1825 4588 prosequi
1847 4511 1998 4584 volentes,
2015 4517 2046 4572 et
2060 4526 2111 4573 eo·

1365 4620 1438 4668 rum
1447 4604 1621 4680 singulares
1632 4619 1777 4681 personas
1788 4620 1804 4664 a
1816 4603 1978 4680 quibusvis
1989 4618 2111 4666 excom-

1365 4695 1595 4771 municationis,
1618 4695 1829 4774 suspensionis
1849 4703 1880 4756 ιι
1896 4695 2065 4772 interdicti,
2082 4712 2113 4756 a·

1366 4792 1476 4869 liisque
1496 4789 1709 4852 ecclesiasticis
1733 4789 1911 4864 sententiis,
1925 4791 2063 4852 censuris
2080 4800 2112 4854 ιι

1366 4884 1485 4964 poenis,
1510 4900 1526 4943 a
1547 4884 1615 4945 iure
1644 4881 1693 4944 vel
1715 4883 1752 4944 ab
1772 4883 1913 4954 bomine,
1934 4883 2043 4961 quavis
2063 4898 2112 4945 oc·

1366 4977 1487 5040 casione
1508 4976 1559 5038 vel
1580 4975 1668 5038 causi
1684 4974 1763 5048 latis,
1779 4974 1930 5053 siquibus
1946 4974 2113 5054 quomodo·

1366 5071 1441 5134 libet
1456 5068 1619 5132 innodatae
1644 5069 1792 5143 existant,
1809 5069 1844 5131 ad
1862 5067 2008 5130 ellectum
2027 5084 2113 5146 prae·

1365 5163 1505 5226 sentium
1525 5164 1682 5225 dumtaxat
1707 5162 1979 5240 consequendum,
2002 5163 2113 5223 barum

1365 5259 1446 5320 serie
1470 5256 1664 5318 absolventes
1674 5263 1706 5316 et
1727 5255 1880 5317 absolutas
1900 5253 1967 5317 iore
1985 5269 2114 5316 censen·

1368 5357 1429 5426 tes„
1458 5348 1636 5412 huiusmodi
1658 5348 1932 5434 supplicationibus
1958 5347 2113 5421 inclinati,

1367 5445 1404 5506 de
1416 5445 1599 5507 eorumdem
1612 5441 1836 5504 venerabilium
1849 5439 1980 5502 iratrunr
1993 5448 2115 5502 nostro-

1368 5556 1440 5602 rum
1460 5538 1559 5600 dictae
1580 5537 1611 5600 S.
1628 5535 1665 5598 lt.
1689 5535 1722 5596 E.
1749 5533 1961 5598 cardinalium
1982 5532 2114 5609 negotiis

1368 5642 1398 5695 et
1419 5629 1697 5694 consultationibus
1719 5629 1941 5706 Episcoporum
1961 5633 1992 5688 ιι
2013 5624 2117 5701 Regu·

1368 5726 1482 5788 larium
1503 5725 1747 5802 praepositorum
1770 5720 1916 5794 consilio,
1938 5717 2117 5782 declaratio-

1368 5835 1435 5894 nes,
1458 5817 1694 5880 relormationes
1708 5823 1740 5878 et
1760 5829 1856 5876 novas
1876 5811 2116 5874 constitutiones

1368 5913 1583 5992 praeinsertas,
1606 5909 1788 5974 auctoritate
1809 5903 1984 5990 apostolica,
2008 5909 2114 5968 tenore
