4836 6998
100 553 154 604 An.
171 555 202 606 c.
226 553 293 606 lvav
1792 550 1851 612 395
1902 550 1955 602 An.
1970 552 2000 604 O.
2022 552 2090 605 1727

950 571 1147 618 bununluvbs
1169 573 1239 618 lllll.

324 688 533 752 Cardinalium
563 691 595 752 in
623 690 686 752 tota
705 682 870 769 ‘republica
902 690 1067 752 cbristiand
1125 705 1233 752 manae
1265 696 1296 752 et
1327 688 1511 752 universalis
1543 685 1754 766 inquisitionis
1785 692 1870 747 nota-

322 781 468 845 adversus
480 784 665 847 haereticam
676 785 861 862 pravitatem
874 783 1068 860 generalium
1125 782 1200 844 rius.

322 875 547 953 inquisitorum
564 877 746 939 auctoritate
760 876 922 954 apostolica
944 879 1070 956 deputa-

322 979 426 1030 torum
448 967 608 1032 deoretum
640 969 756 1032 tenoris
775 971 828 1047 qui
850 969 1000 1048 sequitur,
1023 970 1068 1030 vi-

324 1061 451 1125 delicet:

1523 900 1634 980 Loco†
1647 900 1749 980 sigilli

1165 1065 1233 1142 53.
1257 1063 1349 1128 Nunc
1378 1071 1481 1127 autem
1507 1081 1574 1140 nos,
1597 1065 1727 1144 perenni
1755 1063 1869 1128 decreti
1895 1079 2100 1144 instrumentum

1125 1158 1303 1221 huiusmodi
1324 1159 1428 1220 robori
1456 1167 1641 1237 exactaeque
1663 1158 1746 1220 illius
1767 1158 1871 1220 obser·
1889 1131 2100 1234 ἓξῑῶᾞξῆοξξῗ

1125 1253 1246 1313 vantiae
1257 1251 1445 1330 peramplius
1460 1251 1624 1330 providere
1638 1251 1791 1325 volentes,
1805 1268 1870 1312 ruo·
1904 1293 1916 1330 ,Α

1126 1355 1159 1407 tu
1180 1345 1317 1423 proprio,
1339 1361 1372 1406 ac
1393 1360 1430 1405 ex
1453 1346 1534 1405 33333
1556 1345 1682 1405 scientia
1698 1351 1728 1406 et
1750 1345 1871 1406 matura

362 1249 450 1313 Ferit
472 1267 527 1324 vv.,
551 1251 598 1314 die
620 1265 680 1311 xvv.
711 1250 857 1313 februarii
886 1266 1067 1325 33333333,

324 1344 610 1420 incongregatione
625 1345 761 1420 generali
777 1353 899 1408 sanctae
913 1346 1069 1406 Romanae

322 1443 353 1497 et
376 1435 562 1498 universalis
583 1437 795 1516 inquisitionis
820 1438 922 1498 babila
944 1438 975 1498 in
997 1453 1069 1499 con-

322 1537 419 1590 ventu
443 1529 473 1592 S.
499 1529 610 1591 3133333
641 1547 735 1608 super
763 1531 936 1592 Minervam
966 1547 1067 1592 coram

322 1623 577 1686 eminentissimis
597 1631 629 1685 33
651 1624 918 1686 reverendissimis
937 1624 1069 1686 dominis

323 1715 353 1778 S·
382 1715 417 1778 lt.
446 1717 481 1778 ll.
518 1717 730 1786 cardinalibus
758 1718 790 1778 in
820 1718 884 1780 told
914 1717 1067 1796 republica

321 1809 486 1872 christiani
498 1817 604 1872 contra
618 1810 807 1872 haereticam
817 1811 1001 1888 pravitatem
1018 1826 1069 1886 ge-

322 1902 479 1963 neralibus
501 1903 737 1980 inquisitoribus
759 1920 774 1962 a
796 1905 899 1966 sancta
928 1903 1006 1966 Sede
1029 1906 1067 1965 Α-

321 1995 467 2072 postolica
488 1996 661 2074 specialiter
682 1998 843 2074 deputatis.
870 1997 1068 2074 cumplures

322 2096 447 2149 exortae
461 2089 522 2150 sint
538 2089 768 2151 controversiae
781 2104 875 2168 super
890 2089 1068 2166 intelligen-

321 2180 362 2240 tia
383 2189 414 2242 et
436 2182 618 2242 executione
640 2181 755 2244 decreti
770 2182 807 2242 ab
821 2183 876 2243 bac
890 2182 972 2243 sacra
988 2182 1068 2244 con-

321 2275 502 2349 gregatione
530 2273 604 2334 editi
632 2275 682 2336 die
716 2291 784 2335 vvvv.
813 2273 880 2335 iulii
910 2291 1066 2351 uncxu1.;

321 2365 418 2444 quoad
434 2366 586 2428 llebraeos
609 2369 773 2445 utriusque
794 2383 887 2430 sexus
902 2368 1068 2438 denunciaff

322 2467 367 2520 tos
382 2461 419 2522 de
430 2475 540 2522 eorum
552 2460 648 2522 animi
661 2461 869 2523 declaratione
880 2462 1065 2540 suscipiendi

321 2552 522 2630 Baptismum,
545 2553 786 2615 eminentissimi
801 2561 831 2615 et
847 2553 1066 2616 reverendissi-

320 2646 364 2706 mi
375 2645 494 2707 domini
507 2645 683 2710 cardinales
695 2647 854 2724 generales
866 2648 1066 2727 Inquisitores

320 2739 481 2816 praedicti,
505 2739 623 2801 dictum
649 2741 808 2802 decretum
835 2741 1015 2802 declarando
1035 2749 1066 2803 33

320 2838 473 2910 quatenus
488 2847 564 2910 opus
578 2834 617 2894 sit
634 2833 843 2908 reformando,
860 2835 891 2895 in
907 2842 1065 2912 posterum

319 2917 394 2986 illud
417 2927 561 3003 sequenti
584 2929 675 2987 modo
695 2927 807 3005 exequi
830 2929 1017 2990 mandarunt
1035 2939 1066 2990 et

319 3018 543 3081 decreverunt:
568 3034 693 3098 nempe,
717 3020 797 3098 quod
822 3027 924 3096 testes,
944 3021 997 3099 qui
1013 3021 1067 3083 be-

319 3111 424 3172 braeos
455 3112 687 3174 denunciabunt
713 3115 779 3174 sive
806 3129 907 3174 mares
934 3115 1001 3176 sive
1022 3114 1064 3175 ie-

318 3205 418 3264 minas
446 3205 484 3266 de
516 3203 722 3266 declaratione
752 3205 849 3265 animi
879 3207 1064 3285 suscipiendi

319 3297 522 3374 Baptismum,
539 3313 593 3375 per
609 3299 767 3359 notarium
790 3299 874 3360 iuxta
894 3299 1065 3376 interroga·

319 3389 395 3450 toria
418 3390 572 3468 generalia
594 3407 610 3450 a
632 3393 805 3454 reverendo
830 3399 916 3469 patre
938 3393 1065 3455 domino

318 3483 545 3559 vices-gerente
571 3485 821 3562 praescribenda,
849 3501 920 3548 cunr
942 3489 1065 3566 speciali

319 3576 490 3638 monitione
501 3577 690 3640 relevantiae
704 3579 884 3654 iuramenti,
901 3579 1065 3658 inscriptis

317 3685 421 3731 coram
442 3671 550 3732 eodem
572 3673 746 3734 reverendo
765 3679 851 3750 patre
872 3673 999 3734 vloruino
1021 3673 1065 3734 vi-

317 3770 528 3841 ces-gerente,
552 3772 593 3840 et,
617 3781 653 3826 eo
675 3764 839 3842 impedito,
867 3781 970 3827 coram
998 3766 1065 3828 eius

317 3857 456 3919 auditore
478 3859 715 3934 examinentur,
739 3859 792 3936 qui
814 3859 907 3920 etiam
934 3875 1063 3921 examen

319 3951 490 4031 praelatum
513 3953 708 4014 subscribere
731 3953 877 4029 debeant3
901 3959 943 4028 et,
960 3962 1064 4032 quate-

317 4061 376 4108 nus
401 4047 462 4107 duo
494 4051 587 4108 testes
608 4047 671 4108 sint
693 4045 731 4108 de
754 4047 837 4121 loco,
872 4055 1012 4124 ternpore
1033 4056 1064 4110 et

316 4139 473 4200 occasione
503 4149 675 4214 contestes,
717 4150 791 4203 tuno
819 4141 995 4204 denunciati
1029 4142 1064 4202 ad

316 4233 445 4295 domum
466 4236 759 4297 catechumenorum
788 4235 874 4310 duci,
910 4243 941 4296 et
972 4233 1064 4297 collo·

317 4327 379 4388 cari
412 4327 445 4388 in
473 4329 538 4390 loco
568 4339 708 4407 separato
735 4329 770 4389 ad
801 4330 887 4391 bunc
918 4329 1064 4390 ellectum

318 4425 482 4500 destinato,
496 4425 528 4486 in
551 4441 649 4504 eoque
671 4440 726 4503 per
746 4423 906 4487 duodecim
929 4425 992 4486 dies
1013 4423 1065 4486 de-

319 4519 413 4582 tinevl
429 4521 557 4599 possint,
580 4527 614 4582 ut
628 4537 722 4597 super
733 4521 863 4582 veritate
878 4527 909 4580 et
923 4527 1064 4582 constan·

319 4613 358 4674 tia
390 4613 604 4677 declarationis
635 4631 742 4676 eorum
771 4615 940 4676 voluntatis
971 4614 1065 4676 susci·

319 4707 423 4783 piendi
452 4707 645 4786 baptismum
667 4707 938 4786 explov·entuv·.·Si
960 4715 1064 4769 autem

320 4808 413 4862 testes
435 4810 529 4863 erunt
551 4802 734 4878 singulares
751 4801 800 4863 vel
820 4819 901 4863 unus
922 4801 1006 4862 adest
1022 4808 1065 4862 te·

319 4894 374 4955 stis
396 4895 524 4958 idoneus
539 4903 569 4956 et
584 4897 643 4957 sule
658 4897 780 4972 dignus,
798 4904 872 4958 tunc
887 4897 1064 4958 denuntiati

319 5005 382 5052 non
397 4989 502 5051 statim
518 4997 585 5068 post
600 4989 873 5051 denunciationem
888 4995 920 5050 et
940 4990 1064 5051 testium

319 5099 450 5146 examen
479 5082 630 5145 educendi
659 5089 753 5144 erunt
779 5081 813 5143 ad
836 5083 1066 5144 (1333333333-

319 5177 558 5250 chumenorum,
574 5176 627 5237 sed
643 5191 698 5252 per
713 5175 922 5236 reverendum
944 5179 1064 5252 patrem

319 5269 482 5330 dominum
513 5268 761 5344 vicesgerentem
790 5273 876 5328 extra
905 5268 1063 5343 ghettum,

319 5361 370 5423 vel
391 5362 424 5423 in
446 5361 512 5422 eius
533 5359 639 5435 (torno,
667 5360 717 5420 vel
740 5360 770 5420 in
800 5359 901 5438 aliqud
928 5359 1063 5434 ecclesia,

320 5455 368 5518 vel
389 5455 448 5516 alio
473 5453 539 5516 loco
560 5453 619 5516 sibi
645 5454 806 5527 beneviso,
829 5461 860 5514 et
882 5452 963 5514 intra
985 5459 1065 5514 tem·

319 5565 375 5626 pus
391 5548 598 5610 necessarium
611 5555 641 5609 et
653 5553 879 5626 opportunum,
893 5547 978 5608 iuxta
995 5547 1065 5608 iacti

318 5641 452 5719 speciem
475 5649 507 5702 et
528 5640 785 5714 circumstantias,
809 5655 864 5717 pro
886 5640 1013 5701 arbitrio
1035 5647 1065 5702 et

320 5733 481 5812 prudentii
503 5733 577 5796 dicti
592 5735 758 5796 reverendi
780 5733 874 5811 patris
889 5733 1006 5796 domini
1021 5733 1066 5793 vi-

319 5827 533 5903 ces-gerentis,
565 5843 673 5888 eorum
706 5827 850 5888 voluntas
880 5825 1065 5905 exploranda

319 5921 389 5982 erit.
410 5956 443 5964 -
461 5919 623 5982 tunsurus
652 5921 836 5982 Lxucvosrus
861 5927 982 5983 sanctae
1006 5919 1063 5981 Ro—

1123 1438 1346 1500 deliberatione
1367 1437 1492 1510 nostris,
1509 1439 1608 1517 deque
1622 1437 1804 1515 apostolicae
1818 1453 1870 1516 po·

1125 1532 1242 1592 testatis
1254 1531 1449 1608 plenitudine
1459 1531 1618 1594 decretum
1631 1533 1868 1608 praeinsertum,

1125 1631 1231 1686 tenore
1252 1626 1475 1701 praesentium,
1495 1630 1645 1703 perpetuo
1666 1625 1869 1702 approbamus

1124 1725 1154 1778 et
1176 1719 1415 1792 conlirmamus,
1439 1717 1547 1796 illique
1568 1717 1754 1779 inviolabilis
1775 1735 1808 1779 33
1829 1717 1869 1777 ir·

1123 1811 1312 1888 refragabilis
1327 1810 1509 1889 apostolicae
1521 1811 1676 1873 firmitatis
1692 1811 1785 1872 robur
1795 1809 1870 1870 adii-

1122 1905 1232 1980 cimus‚
1256 1921 1289 1966 ac
1309 1920 1417 1966 omnes
1439 1913 1469 1966 et
1490 1905 1629 1980 singulos
1651 1905 1726 1964 iuris
1747 1911 1777 1966 et
1799 1902 1867 1964 lacti

1123 1997 1270 2072 delectus,
1294 1999 1392 2075 siqui
1415 2000 1546 2076 desuper
1571 1997 1801 2076 quomodolibet
1822 1996 1869 2057 in·

1125 2091 1318 2152 servenerint
1339 2106 1393 2150 seu
1417 2091 1622 2151 intervenisse
1643 2089 1712 2163 dici,
1736 2090 1866 2164 censeri,

1123 2183 1281 2260 praetendi
1297 2183 1345 2244 vel
1362 2183 1493 2260 intelligi
1508 2199 1643 2261 unquam
1657 2190 1791 2260 possent,
1805 2183 1870 2260 ple·

1125 2276 1252 2336 nissime
1274 2277 1454 2354 supplemus
1476 2283 1506 2337 et
1526 2291 1679 2338 sanamus.

1162 2369 1181 2443 ἓ
1202 2369 1231 2430 3.
1256 2370 1474 2442 Decernentes,
1491 2368 1612 2430 easdem
1629 2375 1806 2446 praesentes
1820 2367 1870 2430 lit-

1124 2469 1203 2524 teras
1217 2477 1339 2539 semper
1355 2463 1469 2536 firmas,
1483 2460 1597 2522 validas
1612 2471 1643 2523 et
1658 2461 1793 2522 ellieaces
1805 2462 1870 2522 exi-

1122 2559 1204 2615 stere
1219 2562 1250 2614 33
1264 2553 1340 2629 love,
1358 2569 1492 2632 suosque
1506 2554 1659 2632 plenarios
1679 2564 1710 2615 et
1729 2554 1869 2629 integros

1123 2647 1250 2708 ellectus
1267 2647 1369 2708 sortiri
1385 2653 1417 2707 et
1432 2647 1585 2722 obtinere,
1604 2663 1638 2708 ac
1657 2647 1727 2721 illis,
1741 2648 1776 2707 ad
1793 2662 1868 2725 quos

1121 2747 1237 2819 spectat
1252 2748 1283 2801 33
1298 2755 1353 2818 pro
1376 2748 1516 2818 tempore
1536 2740 1696 2818 spectabit,
1713 2741 1744 2800 in
1767 2741 1868 2800 omni·

1123 2833 1178 2894 bus
1193 2840 1223 2894 et
1244 2849 1299 2911 per
1320 2833 1423 2893 omnia
1445 2833 1625 2911 plenissime
1645 2832 1817 2910 sulla-agari,
1838 2840 1869 2896 et

1122 2925 1222 2986 abeis
1251 2926 1421 3003 respective
1449 2926 1671 2987 inviolabiliter
1697 2925 1866 3000 observari,

1121 3019 1225 3097 sicque
1253 3021 1285 3080 in
1312 3019 1485 3098 praemissis
1507 3037 1563 3098 per
1587 3036 1800 3098 quoscumque
1822 3019 1867 3081 iu·

1121 3113 1201 3172 dices
1216 3112 1386 3174 ordinarios
1406 3119 1437 3174 et
1459 3113 1626 3189 delegatos,
1650 3113 1743 3174 etiam
1765 3129 1867 3174 causa-

1121 3204 1307 3282 compalatii
1324 3205 1480 3283 apostolici
1498 3205 1664 3280 auditores,
1677 3223 1711 3267 33
1728 3207 1867 3268 euisdem

1122 3297 1151 3359 S.
1164 3297 1200 3359 R.
1217 3299 1252 3359 E.
1267 3298 1440 3360 cardinales
1456 3299 1548 3359 etiarn
1563 3299 1601 3360 de
1616 3299 1710 3359 latere
1724 3299 1867 3374 Legatos,

1120 3392 1235 3453 aliosve
1248 3391 1401 3469 quoslibet
1417 3407 1611 3471 quacumque
1622 3393 1867 3469 praeeminentia

1121 3493 1151 3546 et
1169 3493 1317 3562 potestate
1334 3484 1500 3562 iungentes
1518 3494 1549 3546 et
1564 3485 1737 3560 iuncturos,
1749 3487 1867 3548 sublata

1121 3577 1164 3638 eis
1176 3584 1206 3638 et
1218 3593 1327 3639 eorum
1342 3579 1469 3640 cuilibet
1484 3579 1592 3656 quavis
1607 3579 1697 3640 aliter
1712 3579 1867 3640 iudicandi

1121 3679 1151 3731 33
1176 3671 1399 3748 interpretandi
1428 3670 1571 3733 lacultate
1602 3679 1632 3732 et
1661 3672 1865 3748 auctoritate,

1121 3765 1248 3826 iudicari
1270 3773 1300 3826 et
1322 3765 1444 3826 definiri
1466 3763 1599 3840 debere3
1629 3783 1662 3827 33
1684 3765 1809 3826 irritum
1834 3775 1865 3828 et

1123 3859 1224 3933 inane,
1237 3859 1261 3918 si
1277 3873 1364 3919 secus
1379 3873 1472 3935 super
1487 3859 1534 3918 bis
1549 3876 1564 3918 a
1580 3875 1734 3937 quoquam
1757 3859 1866 3936 quavis

1120 3952 1302 4013 auctoritate
1325 3953 1471 4026 scienter,
1494 3951 1544 4014 vel
1566 3953 1767 4028 ignoranter,
1794 3969 1866 4014 con·

1121 4045 1226 4121 tigerit
1246 4044 1404 4106 attentari.

1160 4139 1179 4212 ἓ
1200 4137 1228 4197 l.
1254 4137 1322 4200 Non
1342 4138 1533 4200 obstantibus
1555 4139 1727 4216 praemissis
1742 4156 1775 4200 ac
1796 4153 1868 4200 cou-
1886 4151 2099 4262 oucr‘bssffdffmm

1120 4231 1332 4293 stitutionibus
1362 4241 1392 4292 et
1420 4231 1665 4294 ordinationibus
1693 4232 1866 4310 apostolicis

1121 4345 1242 4392 necnon
1270 4331 1441 4410 quibusvis,
1464 4332 1558 4394 etiam
1584 4332 1769 4405 iuramento,
1794 4345 1866 4392 con·

1121 4426 1296 4486 firmatione
1328 4425 1507 4503 apostoliea,
1545 4427 1595 4488 vel
1629 4427 1736 4505 quavis
1768 4425 1864 4486 firmi·

1123 4527 1183 4580 tate
1205 4519 1262 4580 alia
1290 4521 1439 4582 roboratis
1466 4521 1589 4582 statutis
1614 4529 1644 4582 et
1668 4518 1867 4581 consuetudi-

1122 4614 1223 4688 nibus,
1241 4613 1412 4692 privilegiis
1427 4629 1561 4692 quoque,
1586 4613 1713 4675 indultis
1735 4621 1764 4674 et
1787 4612 1869 4674 litte-

1121 4707 1163 4767 r-is
1184 4707 1356 4785 apostolicis
1372 4707 1403 4767 in
1419 4707 1607 4767 contrarium
1626 4706 1867 4784 praemissorum

1121 4798 1351 4878 quomodolibet
1363 4798 1525 4872 concessis,
1534 4800 1723 4860 confirmatis
1736 4807 1766 4860 et
1777 4799 1865 4860 inno-

1124 4893 1216 4969 vatis;
1234 4893 1346 4971 quibus
1368 4891 1511 4954 omnibus
1533 4902 1563 4953 et
1577 4891 1721 4968 singulis,
1739 4891 1865 4954 illorum

1123 4995 1246 5046 tenores
1261 4985 1472 5064 praesentibus
1494 5001 1549 5061 pro
1561 4984 1652 5064 plene
1668 4992 1698 5046 et
1712 4984 1867 5046 sufficien-

1123 5086 1169 5141 ter
1184 5077 1334 5156 expressis
1349 5093 1382 5138 33
1397 5079 1433 5139 ad
1455 5077 1586 5139 verbum
1608 5077 1732 5139 insertis
1753 5078 1869 5140 baben-

1123 5180 1178 5246 tes,
1202 5173 1263 5232 illis
1284 5171 1357 5232 alias
1379 5171 1411 5231 in
1433 5187 1488 5232 suo
1511 5171 1620 5232 robore
1645 5171 1867 5248 permansuris,

1122 5264 1156 5324 ad
1180 5265 1419 5344 praemissorum
1437 5263 1593 5339 ellectum,
1614 5264 1670 5326 bac
1692 5264 1759 5326 vice
1780 5264 1869 5324 dum-

1124 5366 1215 5434 taxat,
1238 5359 1410 5437 specialiter
1432 5365 1462 5419 et
1488 5373 1631 5436 expresse
1662 5359 1867 5436 derogamus3
1917 5357 1919 5362 ’

1122 5453 1295 5530 ceterisque
1316 5451 1477 5514 contrariis
1499 5452 1757 5530 quibuscumque.

1161 5546 1272 5606 Datum
1283 5545 1409 5619 Romae,
1424 5545 1503 5622 apud
1518 5543 1548 5608 S.
1562 5544 1758 5606 Petrumsub
1773 5559 1870 5606 aunu-

1123 5637 1150 5698 lo
1167 5638 1337 5713 Piscatoris,
1352 5636 1400 5698 die
1421 5653 1484 5697 xvv.
1502 5636 1649 5698 februarii
1665 5653 1868 5714 33333333,

1123 5731 1320 5808 pontificatus
1341 5729 1438 5792 nostri
1460 5745 1542 5790 anno
1561 5746 1609 5790 ur.
