<?xml version="1.0" encoding="UTF-8"?>
<!DOCTYPE html PUBLIC "-//W3C//DTD XHTML 1.0 Transitional//EN"
    "http://www.w3.org/TR/xhtml1/DTD/xhtml1-transitional.dtd">
<html xmlns="http://www.w3.org/1999/xhtml" xml:lang="en" lang="en">
 <head>
  <title>
</title>
<meta http-equiv="Content-Type" content="text/html;charset=utf-8" />
  <meta name='ocr-system' content='tesseract 3.04.00' />
  <meta name='ocr-capabilities' content='ocr_page ocr_carea ocr_par ocr_line ocrx_word'/>
</head>
<body>
  <div class='ocr_page' id='page_1' title='image "./iurispontificii04martgoog_0332.png"; bbox 0 0 4880 6982; ppageno 0'>
   <div class='ocr_carea' id='block_1_1' title="bbox 347 557 645 620">
    <p class='ocr_par' dir='ltr' id='par_1_1' title="bbox 347 557 645 620">
     <span class='ocr_line' id='line_1_1' title="bbox 347 557 645 620; baseline -0.013 -8"><span class='ocrx_word' id='word_1_1' title='bbox 347 557 401 614; x_wconf 74' lang='lat' dir='ltr'>An.</span> <span class='ocrx_word' id='word_1_2' title='bbox 416 561 446 612; x_wconf 84' lang='lat' dir='ltr'>C.</span> <span class='ocrx_word' id='word_1_3' title='bbox 468 558 536 609; x_wconf 84' lang='lat'><strong>1717</strong></span> <span class='ocrx_word' id='word_1_4' title='bbox 588 557 645 620; x_wconf 58' lang='grc' dir='ltr'>3ἳῇ</span> 
     </span>
    </p>
   </div>
   <div class='ocr_carea' id='block_1_2' title="bbox 355 982 545 1029">
    <p class='ocr_par' dir='ltr' id='par_1_2' title="bbox 355 982 545 1029">
     <span class='ocr_line' id='line_1_2' title="bbox 355 982 545 1029; baseline 0.016 -3"><span class='ocrx_word' id='word_1_5' title='bbox 355 982 545 1029; x_wconf 86' lang='lat' dir='ltr'>concessiodic·</span> 
     </span>
    </p>
   </div>
   <div class='ocr_carea' id='block_1_3' title="bbox 334 1035 1311 1148">
    <p class='ocr_par' dir='ltr' id='par_1_3' title="bbox 334 1035 1311 1148">
     <span class='ocr_line' id='line_1_3' title="bbox 334 1035 1311 1148; baseline 0.001 -19"><span class='ocrx_word' id='word_1_6' title='bbox 334 1039 379 1134; x_wconf 64' lang='lat' dir='ltr'>“ig</span> <span class='ocrx_word' id='word_1_7' title='bbox 413 1035 545 1145; x_wconf 54' lang='grc' dir='ltr'>111111ῗὲ3Ῑὲ</span> <span class='ocrx_word' id='word_1_8' title='bbox 563 1066 781 1144; x_wconf 88' lang='lat' dir='ltr'>subiungebat,</span> <span class='ocrx_word' id='word_1_9' title='bbox 804 1076 995 1130; x_wconf 89' lang='lat' dir='ltr'>memoratus</span> <span class='ocrx_word' id='word_1_10' title='bbox 1016 1069 1170 1131; x_wconf 79' lang='lat' dir='ltr'>Antonius</span> <span class='ocrx_word' id='word_1_11' title='bbox 1203 1085 1311 1148; x_wconf 92' lang='lat' dir='ltr'>procu·</span> 
     </span>
    </p>
   </div>
   <div class='ocr_carea' id='block_1_4' title="bbox 333 1141 544 1243">
    <p class='ocr_par' dir='ltr' id='par_1_4' title="bbox 333 1141 544 1243">
     <span class='ocr_line' id='line_1_4' title="bbox 352 1141 544 1192; baseline 0.026 -5"><span class='ocrx_word' id='word_1_12' title='bbox 352 1141 458 1188; x_wconf 90' lang='lat' dir='ltr'>luminis</span> <span class='ocrx_word' id='word_1_13' title='bbox 501 1147 544 1192; x_wconf 81' lang='lat' dir='ltr'>le-</span> 
     </span>
     <span class='ocr_line' id='line_1_5' title="bbox 333 1197 426 1243; baseline -0.011 -1"><span class='ocrx_word' id='word_1_14' title='bbox 333 1197 426 1243; x_wconf 84' lang='grc'>333311,</span> 
     </span>
    </p>
   </div>
   <div class='ocr_carea' id='block_1_5' title="bbox 363 5568 506 5620">
    <p class='ocr_par' dir='ltr' id='par_1_5' title="bbox 363 5568 506 5620">
     <span class='ocr_line' id='line_1_6' title="bbox 363 5568 506 5620; baseline 0 -4"><span class='ocrx_word' id='word_1_15' title='bbox 363 5568 506 5620; x_wconf 83' lang='lat' dir='ltr'>Clausulae.</span> 
     </span>
    </p>
   </div>
   <div class='ocr_carea' id='block_1_6' title="bbox 565 693 1313 1054">
    <p class='ocr_par' dir='ltr' id='par_1_6' title="bbox 565 693 1313 960">
     <span class='ocr_line' id='line_1_7' title="bbox 566 693 1313 770; baseline 0.007 -17"><span class='ocrx_word' id='word_1_16' title='bbox 566 693 601 756; x_wconf 88' lang='lat' dir='ltr'>ad</span> <span class='ocrx_word' id='word_1_17' title='bbox 625 693 754 757; x_wconf 91' lang='lat' dir='ltr'>verbum</span> <span class='ocrx_word' id='word_1_18' title='bbox 777 694 902 755; x_wconf 89' lang='lat' dir='ltr'>insertis</span> <span class='ocrx_word' id='word_1_19' title='bbox 927 694 1031 756; x_wconf 92' lang='lat' dir='ltr'>baberi</span> <span class='ocrx_word' id='word_1_20' title='bbox 1059 695 1215 770; x_wconf 89' lang='lat' dir='ltr'>volumus,</span> <span class='ocrx_word' id='word_1_21' title='bbox 1239 695 1313 758; x_wconf 83' lang='lat' dir='ltr'>ulte·</span> 
     </span>
     <span class='ocr_line' id='line_1_8' title="bbox 566 785 1310 867; baseline 0.003 -21"><span class='ocrx_word' id='word_1_22' title='bbox 566 785 630 847; x_wconf 91' lang='lat' dir='ltr'>rius</span> <span class='ocrx_word' id='word_1_23' title='bbox 650 787 839 849; x_wconf 80' lang='lat' dir='ltr'><strong>continetur.</strong></span> <span class='ocrx_word' id='word_1_24' title='bbox 862 787 973 865; x_wconf 90' lang='lat' dir='ltr'>Sicque</span> <span class='ocrx_word' id='word_1_25' title='bbox 987 788 1138 866; x_wconf 90' lang='lat' dir='ltr'>praedicta</span> <span class='ocrx_word' id='word_1_26' title='bbox 1154 787 1310 867; x_wconf 91' lang='lat' dir='ltr'>provincia</span> 
     </span>
     <span class='ocr_line' id='line_1_9' title="bbox 565 879 1205 960; baseline 0 -18"><span class='ocrx_word' id='word_1_27' title='bbox 565 879 595 942; x_wconf 88' lang='lat' dir='ltr'>S.</span> <span class='ocrx_word' id='word_1_28' title='bbox 617 881 744 943; x_wconf 75' lang='lat' dir='ltr'><strong>Antonii</strong></span> <span class='ocrx_word' id='word_1_29' title='bbox 764 881 924 960; x_wconf 88' lang='lat' dir='ltr'>hucusque</span> <span class='ocrx_word' id='word_1_30' title='bbox 946 883 1115 959; x_wconf 89' lang='lat' dir='ltr'>gubernata</span> <span class='ocrx_word' id='word_1_31' title='bbox 1137 881 1205 946; x_wconf 90' lang='grc'>1311.</span> 
     </span>
    </p>

    <p class='ocr_par' dir='ltr' id='par_1_7' title="bbox 604 975 1312 1054">
     <span class='ocr_line' id='line_1_10' title="bbox 604 975 1312 1054; baseline 0.006 -20"><span class='ocrx_word' id='word_1_32' title='bbox 604 975 672 1048; x_wconf 67' lang='lat' dir='ltr'>§M</span> <span class='ocrx_word' id='word_1_33' title='bbox 698 975 777 1038; x_wconf 88' lang='lat' dir='ltr'>Cum</span> <span class='ocrx_word' id='word_1_34' title='bbox 798 983 913 1051; x_wconf 88' lang='lat' dir='ltr'>autem,</span> <span class='ocrx_word' id='word_1_35' title='bbox 936 975 1016 1038; x_wconf 91' lang='lat' dir='ltr'>sicut</span> <span class='ocrx_word' id='word_1_36' title='bbox 1038 976 1144 1038; x_wconf 89' lang='lat' dir='ltr'>eadem</span> <span class='ocrx_word' id='word_1_37' title='bbox 1160 977 1312 1054; x_wconf 75' lang='lat' dir='ltr'>expositio</span> 
     </span>
    </p>
   </div>
   <div class='ocr_carea' id='block_1_7' title="bbox 497 1161 1312 5828">
    <p class='ocr_par' dir='ltr' id='par_1_8' title="bbox 497 1161 1312 5530">
     <span class='ocr_line' id='line_1_11' title="bbox 564 1161 1309 1241; baseline 0.004 -21"><span class='ocrx_word' id='word_1_38' title='bbox 564 1167 733 1238; x_wconf 67' lang='lat' dir='ltr'>ruinaque</span> <span class='ocrx_word' id='word_1_39' title='bbox 755 1163 916 1240; x_wconf 84' lang='lat' dir='ltr'>praedictis</span> <span class='ocrx_word' id='word_1_40' title='bbox 937 1161 1226 1238; x_wconf 74' lang='lat' dir='ltr'>inordinationibus,</span> <span class='ocrx_word' id='word_1_41' title='bbox 1243 1164 1309 1241; x_wconf 93' lang='lat' dir='ltr'>qui-</span> 
     </span>
     <span class='ocr_line' id='line_1_12' title="bbox 562 1253 1312 1334; baseline 0.009 -22"><span class='ocrx_word' id='word_1_42' title='bbox 562 1253 618 1314; x_wconf 90' lang='grc'>1333</span> <span class='ocrx_word' id='word_1_43' title='bbox 650 1253 729 1316; x_wconf 85' lang='grc'>311313</span> <span class='ocrx_word' id='word_1_44' title='bbox 760 1255 916 1332; x_wconf 89' lang='lat' dir='ltr'>provincia</span> <span class='ocrx_word' id='word_1_45' title='bbox 944 1273 998 1317; x_wconf 90' lang='lat' dir='ltr'>sua</span> <span class='ocrx_word' id='word_1_46' title='bbox 1026 1255 1062 1316; x_wconf 90' lang='lat' dir='ltr'>de</span> <span class='ocrx_word' id='word_1_47' title='bbox 1083 1257 1236 1334; x_wconf 76' lang='lat' dir='ltr'>praesenti</span> <span class='ocrx_word' id='word_1_48' title='bbox 1258 1257 1312 1319; x_wconf 91' lang='lat' dir='ltr'>ob-</span> 
     </span>
     <span class='ocr_line' id='line_1_13' title="bbox 563 1347 1309 1428; baseline 0.009 -21"><span class='ocrx_word' id='word_1_49' title='bbox 563 1347 653 1408; x_wconf 89' lang='lat' dir='ltr'>noxia</span> <span class='ocrx_word' id='word_1_50' title='bbox 674 1348 838 1428; x_wconf 89' lang='lat' dir='ltr'>reperitur,</span> <span class='ocrx_word' id='word_1_51' title='bbox 863 1365 1026 1412; x_wconf 87' lang='lat' dir='ltr'>occurrere</span> <span class='ocrx_word' id='word_1_52' title='bbox 1049 1349 1157 1425; x_wconf 88' lang='lat' dir='ltr'>valeat,</span> <span class='ocrx_word' id='word_1_53' title='bbox 1174 1351 1309 1428; x_wconf 90' lang='lat' dir='ltr'>praedic·</span> 
     </span>
     <span class='ocr_line' id='line_1_14' title="bbox 563 1443 1307 1520; baseline 0.004 -17"><span class='ocrx_word' id='word_1_54' title='bbox 563 1449 611 1504; x_wconf 90' lang='lat' dir='ltr'>tae</span> <span class='ocrx_word' id='word_1_55' title='bbox 637 1458 709 1503; x_wconf 88' lang='lat' dir='ltr'>suae</span> <span class='ocrx_word' id='word_1_56' title='bbox 737 1443 917 1520; x_wconf 90' lang='lat' dir='ltr'>provinciae</span> <span class='ocrx_word' id='word_1_57' title='bbox 948 1443 1088 1508; x_wconf 88' lang='lat' dir='ltr'>eamdem</span> <span class='ocrx_word' id='word_1_58' title='bbox 1120 1443 1307 1520; x_wconf 76' lang='lat' dir='ltr'>facultatem,</span> 
     </span>
     <span class='ocr_line' id='line_1_15' title="bbox 561 1535 1307 1615; baseline 0.004 -18"><span class='ocrx_word' id='word_1_59' title='bbox 561 1551 639 1614; x_wconf 89' lang='lat' dir='ltr'>quae</span> <span class='ocrx_word' id='word_1_60' title='bbox 660 1537 835 1615; x_wconf 88' lang='lat' dir='ltr'>provinciae</span> <span class='ocrx_word' id='word_1_61' title='bbox 864 1535 895 1600; x_wconf 90' lang='lat' dir='ltr'>S.</span> <span class='ocrx_word' id='word_1_62' title='bbox 919 1537 1048 1600; x_wconf 78' lang='lat' dir='ltr'>Antonii</span> <span class='ocrx_word' id='word_1_63' title='bbox 1074 1553 1215 1602; x_wconf 90' lang='lat' dir='ltr'>concessa</span> <span class='ocrx_word' id='word_1_64' title='bbox 1238 1537 1307 1613; x_wconf 91' lang='lat' dir='ltr'>luit,</span> 
     </span>
     <span class='ocr_line' id='line_1_16' title="bbox 561 1630 1308 1714; baseline 0.004 -24"><span class='ocrx_word' id='word_1_65' title='bbox 561 1646 577 1689; x_wconf 93' lang='lat' dir='ltr'>a</span> <span class='ocrx_word' id='word_1_66' title='bbox 599 1630 686 1691; x_wconf 92' lang='lat' dir='ltr'>nobis</span> <span class='ocrx_word' id='word_1_67' title='bbox 707 1631 831 1714; x_wconf 84' lang='lat' dir='ltr'>concedi</span> <span class='ocrx_word' id='word_1_68' title='bbox 847 1630 1019 1706; x_wconf 91' lang='lat' dir='ltr'>plurimum</span> <span class='ocrx_word' id='word_1_69' title='bbox 1034 1630 1201 1694; x_wconf 87' lang='lat' dir='ltr'>desideret:</span> <span class='ocrx_word' id='word_1_70' title='bbox 1220 1632 1308 1694; x_wconf 93' lang='lat' dir='ltr'>nobis</span> 
     </span>
     <span class='ocr_line' id='line_1_17' title="bbox 562 1723 1307 1803; baseline 0.005 -20"><span class='ocrx_word' id='word_1_71' title='bbox 562 1729 723 1802; x_wconf 88' lang='lat' dir='ltr'>propterea</span> <span class='ocrx_word' id='word_1_72' title='bbox 750 1723 913 1784; x_wconf 88' lang='lat' dir='ltr'>humiliter</span> <span class='ocrx_word' id='word_1_73' title='bbox 939 1723 1104 1803; x_wconf 89' lang='lat' dir='ltr'>supplicari</span> <span class='ocrx_word' id='word_1_74' title='bbox 1125 1723 1197 1786; x_wconf 88' lang='lat' dir='ltr'>lecit</span> <span class='ocrx_word' id='word_1_75' title='bbox 1220 1725 1307 1787; x_wconf 90' lang='lat' dir='ltr'>utin</span> 
     </span>
     <span class='ocr_line' id='line_1_18' title="bbox 561 1816 1307 1896; baseline 0.003 -18"><span class='ocrx_word' id='word_1_76' title='bbox 561 1816 737 1894; x_wconf 88' lang='lat' dir='ltr'>praemissis</span> <span class='ocrx_word' id='word_1_77' title='bbox 768 1823 942 1895; x_wconf 90' lang='lat' dir='ltr'>opportune</span> <span class='ocrx_word' id='word_1_78' title='bbox 973 1817 1136 1896; x_wconf 87' lang='lat' dir='ltr'>providere</span> <span class='ocrx_word' id='word_1_79' title='bbox 1162 1826 1193 1880; x_wconf 91' lang='lat' dir='ltr'>et</span> <span class='ocrx_word' id='word_1_80' title='bbox 1220 1827 1254 1880; x_wconf 93' lang='lat' dir='ltr'>ut</span> <span class='ocrx_word' id='word_1_81' title='bbox 1275 1819 1307 1880; x_wconf 92' lang='lat' dir='ltr'>in</span> 
     </span>
     <span class='ocr_line' id='line_1_19' title="bbox 561 1909 1307 1991; baseline 0.003 -20"><span class='ocrx_word' id='word_1_82' title='bbox 561 1909 640 1972; x_wconf 89' lang='lat' dir='ltr'>inira</span> <span class='ocrx_word' id='word_1_83' title='bbox 673 1910 835 1988; x_wconf 89' lang='lat' dir='ltr'>indulgere</span> <span class='ocrx_word' id='word_1_84' title='bbox 861 1910 898 1972; x_wconf 89' lang='lat' dir='ltr'>de</span> <span class='ocrx_word' id='word_1_85' title='bbox 924 1911 1114 1988; x_wconf 84' lang='lat' dir='ltr'>benignitate</span> <span class='ocrx_word' id='word_1_86' title='bbox 1146 1911 1307 1991; x_wconf 78' lang='lat' dir='ltr'>apostolica</span> 
     </span>
     <span class='ocr_line' id='line_1_20' title="bbox 561 2003 1306 2086; baseline 0.003 -20"><span class='ocrx_word' id='word_1_87' title='bbox 561 2003 772 2080; x_wconf 89' lang='lat' dir='ltr'>dignaremur.</span> <span class='ocrx_word' id='word_1_88' title='bbox 786 2004 848 2068; x_wconf 89' lang='lat' dir='ltr'>Nos</span> <span class='ocrx_word' id='word_1_89' title='bbox 864 2006 969 2083; x_wconf 89' lang='lat' dir='ltr'>igitur,</span> <span class='ocrx_word' id='word_1_90' title='bbox 983 2006 1077 2084; x_wconf 90' lang='lat' dir='ltr'>ipsios</span> <span class='ocrx_word' id='word_1_91' title='bbox 1092 2007 1221 2069; x_wconf 80' lang='grc'>1313311</span> <span class='ocrx_word' id='word_1_92' title='bbox 1238 2022 1306 2086; x_wconf 93' lang='lat' dir='ltr'>pro·</span> 
     </span>
     <span class='ocr_line' id='line_1_21' title="bbox 560 2099 1306 2178; baseline 0.005 -20"><span class='ocrx_word' id='word_1_93' title='bbox 560 2099 709 2159; x_wconf 90' lang='lat' dir='ltr'>curatoris</span> <span class='ocrx_word' id='word_1_94' title='bbox 725 2099 803 2160; x_wconf 92' lang='lat' dir='ltr'>votis</span> <span class='ocrx_word' id='word_1_95' title='bbox 818 2099 850 2160; x_wconf 94' lang='grc'>13</span> <span class='ocrx_word' id='word_1_96' title='bbox 866 2099 1051 2178; x_wconf 73' lang='lat' dir='ltr'>praemissio,</span> <span class='ocrx_word' id='word_1_97' title='bbox 1067 2107 1220 2178; x_wconf 85' lang='lat' dir='ltr'>quantum</span> <span class='ocrx_word' id='word_1_98' title='bbox 1235 2117 1306 2162; x_wconf 91' lang='lat' dir='ltr'>cum</span> 
     </span>
     <span class='ocr_line' id='line_1_22' title="bbox 560 2191 1308 2272; baseline 0.003 -20"><span class='ocrx_word' id='word_1_99' title='bbox 560 2191 691 2252; x_wconf 87' lang='lat' dir='ltr'>Domino</span> <span class='ocrx_word' id='word_1_100' title='bbox 702 2207 875 2272; x_wconf 87' lang='lat' dir='ltr'>possumus,</span> <span class='ocrx_word' id='word_1_101' title='bbox 886 2191 1092 2255; x_wconf 89' lang='lat' dir='ltr'>lavorabiliter</span> <span class='ocrx_word' id='word_1_102' title='bbox 1103 2210 1241 2256; x_wconf 89' lang='lat' dir='ltr'>annuere</span> <span class='ocrx_word' id='word_1_103' title='bbox 1254 2210 1308 2255; x_wconf 93' lang='lat' dir='ltr'>vo-</span> 
     </span>
     <span class='ocr_line' id='line_1_23' title="bbox 561 2285 1306 2365; baseline 0 -17"><span class='ocrx_word' id='word_1_104' title='bbox 561 2285 671 2362; x_wconf 89' lang='lat' dir='ltr'>lentes,</span> <span class='ocrx_word' id='word_1_105' title='bbox 694 2291 725 2348; x_wconf 87' lang='grc'>31</span> <span class='ocrx_word' id='word_1_106' title='bbox 746 2303 761 2346; x_wconf 90' lang='grc'>3</span> <span class='ocrx_word' id='word_1_107' title='bbox 783 2285 942 2365; x_wconf 81' lang='lat' dir='ltr'>quibusvis</span> <span class='ocrx_word' id='word_1_108' title='bbox 963 2288 1306 2364; x_wconf 89' lang='lat' dir='ltr'>excommunicationis,</span> 
     </span>
     <span class='ocr_line' id='line_1_24' title="bbox 559 2379 1307 2460; baseline 0.003 -18"><span class='ocrx_word' id='word_1_109' title='bbox 559 2379 770 2460; x_wconf 83' lang='lat' dir='ltr'>suspensionis</span> <span class='ocrx_word' id='word_1_110' title='bbox 790 2386 820 2441; x_wconf 92' lang='lat' dir='ltr'>et</span> <span class='ocrx_word' id='word_1_111' title='bbox 841 2381 1009 2454; x_wconf 88' lang='lat' dir='ltr'>interdicti,</span> <span class='ocrx_word' id='word_1_112' title='bbox 1026 2380 1154 2458; x_wconf 91' lang='lat' dir='ltr'>aliisque</span> <span class='ocrx_word' id='word_1_113' title='bbox 1168 2381 1307 2444; x_wconf 86' lang='lat' dir='ltr'>ecclosia-</span> 
     </span>
     <span class='ocr_line' id='line_1_25' title="bbox 559 2473 1307 2552; baseline 0.001 -16"><span class='ocrx_word' id='word_1_114' title='bbox 559 2475 644 2536; x_wconf 90' lang='lat' dir='ltr'>sticis</span> <span class='ocrx_word' id='word_1_115' title='bbox 663 2473 838 2550; x_wconf 84' lang='lat' dir='ltr'>sententiis,</span> <span class='ocrx_word' id='word_1_116' title='bbox 855 2473 992 2536; x_wconf 89' lang='lat' dir='ltr'>censuris</span> <span class='ocrx_word' id='word_1_117' title='bbox 1014 2481 1045 2535; x_wconf 88' lang='lat' dir='ltr'>et</span> <span class='ocrx_word' id='word_1_118' title='bbox 1066 2475 1184 2552; x_wconf 86' lang='lat' dir='ltr'>poenis,</span> <span class='ocrx_word' id='word_1_119' title='bbox 1202 2491 1217 2536; x_wconf 99' lang='grc'>3</span> <span class='ocrx_word' id='word_1_120' title='bbox 1238 2477 1307 2537; x_wconf 89' lang='grc'>1333</span> 
     </span>
     <span class='ocr_line' id='line_1_26' title="bbox 559 2566 1306 2645; baseline 0.001 -17"><span class='ocrx_word' id='word_1_121' title='bbox 559 2568 609 2630; x_wconf 92' lang='lat' dir='ltr'>vel</span> <span class='ocrx_word' id='word_1_122' title='bbox 630 2567 667 2628; x_wconf 93' lang='lat' dir='ltr'>ab</span> <span class='ocrx_word' id='word_1_123' title='bbox 688 2567 827 2642; x_wconf 88' lang='lat' dir='ltr'>bomine,</span> <span class='ocrx_word' id='word_1_124' title='bbox 850 2566 959 2645; x_wconf 92' lang='lat' dir='ltr'>quavis</span> <span class='ocrx_word' id='word_1_125' title='bbox 980 2566 1138 2628; x_wconf 78' lang='lat' dir='ltr'>occasione</span> <span class='ocrx_word' id='word_1_126' title='bbox 1153 2567 1203 2629; x_wconf 91' lang='lat' dir='ltr'>vel</span> <span class='ocrx_word' id='word_1_127' title='bbox 1218 2569 1306 2630; x_wconf 78' lang='lat' dir='ltr'>causi</span> 
     </span>
     <span class='ocr_line' id='line_1_27' title="bbox 559 2659 1308 2739; baseline -0.003 -16"><span class='ocrx_word' id='word_1_128' title='bbox 559 2661 638 2736; x_wconf 85' lang='lat' dir='ltr'>latis,</span> <span class='ocrx_word' id='word_1_129' title='bbox 653 2660 680 2722; x_wconf 91' lang='lat' dir='ltr'>si</span> <span class='ocrx_word' id='word_1_130' title='bbox 695 2661 807 2739; x_wconf 91' lang='lat' dir='ltr'>quibus</span> <span class='ocrx_word' id='word_1_131' title='bbox 821 2659 1050 2738; x_wconf 88' lang='lat' dir='ltr'>quomodolibet</span> <span class='ocrx_word' id='word_1_132' title='bbox 1065 2659 1228 2723; x_wconf 88' lang='lat' dir='ltr'>innodatus</span> <span class='ocrx_word' id='word_1_133' title='bbox 1242 2661 1308 2722; x_wconf 90' lang='lat' dir='ltr'>exi-</span> 
     </span>
     <span class='ocr_line' id='line_1_28' title="bbox 558 2753 1306 2832; baseline 0 -17"><span class='ocrx_word' id='word_1_134' title='bbox 558 2755 629 2830; x_wconf 90' lang='lat' dir='ltr'>stit,</span> <span class='ocrx_word' id='word_1_135' title='bbox 662 2753 698 2815; x_wconf 88' lang='lat' dir='ltr'>ad</span> <span class='ocrx_word' id='word_1_136' title='bbox 729 2753 873 2816; x_wconf 81' lang='lat' dir='ltr'>ellectum</span> <span class='ocrx_word' id='word_1_137' title='bbox 903 2754 1113 2832; x_wconf 87' lang='lat' dir='ltr'>praesentium</span> <span class='ocrx_word' id='word_1_138' title='bbox 1145 2753 1306 2818; x_wconf 75' lang='lat' dir='ltr'>dumtaxat</span> 
     </span>
     <span class='ocr_line' id='line_1_29' title="bbox 557 2847 1308 2926; baseline 0 -16"><span class='ocrx_word' id='word_1_139' title='bbox 557 2847 823 2926; x_wconf 88' lang='lat' dir='ltr'>consequendum,</span> <span class='ocrx_word' id='word_1_140' title='bbox 839 2847 950 2909; x_wconf 89' lang='lat' dir='ltr'>barum</span> <span class='ocrx_word' id='word_1_141' title='bbox 972 2849 1050 2909; x_wconf 92' lang='lat' dir='ltr'>serie</span> <span class='ocrx_word' id='word_1_142' title='bbox 1070 2847 1262 2910; x_wconf 85' lang='lat' dir='ltr'>absolventes</span> <span class='ocrx_word' id='word_1_143' title='bbox 1277 2855 1308 2910; x_wconf 93' lang='grc'>31</span> 
     </span>
     <span class='ocr_line' id='line_1_30' title="bbox 557 2940 1306 3022; baseline 0.003 -20"><span class='ocrx_word' id='word_1_144' title='bbox 557 2941 733 3004; x_wconf 89' lang='lat' dir='ltr'>absolutum</span> <span class='ocrx_word' id='word_1_145' title='bbox 754 2940 819 3002; x_wconf 91' lang='lat' dir='ltr'>lore</span> <span class='ocrx_word' id='word_1_146' title='bbox 841 2947 1013 3016; x_wconf 87' lang='lat' dir='ltr'>censentes,</span> <span class='ocrx_word' id='word_1_147' title='bbox 1036 2941 1213 3004; x_wconf 84' lang='lat' dir='ltr'>huiusmodi</span> <span class='ocrx_word' id='word_1_148' title='bbox 1234 2959 1306 3022; x_wconf 88' lang='lat' dir='ltr'>sup-</span> 
     </span>
     <span class='ocr_line' id='line_1_31' title="bbox 557 3033 1306 3113; baseline 0 -17"><span class='ocrx_word' id='word_1_149' title='bbox 557 3035 771 3113; x_wconf 91' lang='lat' dir='ltr'>plicationibus</span> <span class='ocrx_word' id='word_1_150' title='bbox 786 3033 937 3109; x_wconf 89' lang='lat' dir='ltr'>inclinati,</span> <span class='ocrx_word' id='word_1_151' title='bbox 954 3035 990 3096; x_wconf 88' lang='lat' dir='ltr'>de</span> <span class='ocrx_word' id='word_1_152' title='bbox 1006 3035 1231 3098; x_wconf 92' lang='lat' dir='ltr'>venerabilium</span> <span class='ocrx_word' id='word_1_153' title='bbox 1246 3036 1306 3096; x_wconf 91' lang='lat' dir='ltr'>lra-</span> 
     </span>
     <span class='ocr_line' id='line_1_32' title="bbox 558 3128 1304 3194; baseline 0 -4"><span class='ocrx_word' id='word_1_154' title='bbox 558 3129 690 3190; x_wconf 90' lang='lat' dir='ltr'>lratrum</span> <span class='ocrx_word' id='word_1_155' title='bbox 711 3135 891 3190; x_wconf 87' lang='lat' dir='ltr'>nostrorum</span> <span class='ocrx_word' id='word_1_156' title='bbox 918 3128 949 3191; x_wconf 88' lang='lat' dir='ltr'>S.</span> <span class='ocrx_word' id='word_1_157' title='bbox 973 3128 1009 3190; x_wconf 86' lang='lat' dir='ltr'>R.</span> <span class='ocrx_word' id='word_1_158' title='bbox 1034 3129 1068 3190; x_wconf 82' lang='grc' dir='ltr'>Ε.</span> <span class='ocrx_word' id='word_1_159' title='bbox 1093 3129 1304 3194; x_wconf 76' lang='lat' dir='ltr'>cardinalium</span> 
     </span>
     <span class='ocr_line' id='line_1_33' title="bbox 557 3221 1305 3300; baseline 0 -16"><span class='ocrx_word' id='word_1_160' title='bbox 557 3223 691 3299; x_wconf 89' lang='lat' dir='ltr'>negotiis</span> <span class='ocrx_word' id='word_1_161' title='bbox 712 3229 742 3284; x_wconf 87' lang='lat' dir='ltr'>et</span> <span class='ocrx_word' id='word_1_162' title='bbox 773 3221 1051 3284; x_wconf 80' lang='lat' dir='ltr'>consultationibus</span> <span class='ocrx_word' id='word_1_163' title='bbox 1084 3221 1305 3300; x_wconf 82' lang='lat' dir='ltr'>Episcoporum</span> 
     </span>
     <span class='ocr_line' id='line_1_34' title="bbox 557 3315 1304 3393; baseline 0.001 -18"><span class='ocrx_word' id='word_1_164' title='bbox 557 3323 588 3377; x_wconf 91' lang='lat' dir='ltr'>et</span> <span class='ocrx_word' id='word_1_165' title='bbox 608 3315 809 3392; x_wconf 85' lang='lat' dir='ltr'>Regulariam</span> <span class='ocrx_word' id='word_1_166' title='bbox 831 3315 1085 3393; x_wconf 90' lang='lat' dir='ltr'>praepositorum,</span> <span class='ocrx_word' id='word_1_167' title='bbox 1109 3315 1161 3392; x_wconf 91' lang='lat' dir='ltr'>qui</span> <span class='ocrx_word' id='word_1_168' title='bbox 1184 3315 1304 3376; x_wconf 90' lang='lat' dir='ltr'>relatio·</span> 
     </span>
     <span class='ocr_line' id='line_1_35' title="bbox 557 3407 1303 3485; baseline 0 -15"><span class='ocrx_word' id='word_1_169' title='bbox 557 3425 611 3470; x_wconf 92' lang='lat' dir='ltr'>nes</span> <span class='ocrx_word' id='word_1_170' title='bbox 633 3409 692 3470; x_wconf 91' lang='lat' dir='ltr'>iam</span> <span class='ocrx_word' id='word_1_171' title='bbox 715 3407 853 3470; x_wconf 78' lang='lat' dir='ltr'>defuncti</span> <span class='ocrx_word' id='word_1_172' title='bbox 876 3409 1082 3485; x_wconf 82' lang='lat' dir='ltr'>procuratoris</span> <span class='ocrx_word' id='word_1_173' title='bbox 1104 3407 1255 3485; x_wconf 88' lang='lat' dir='ltr'>generalis</span> <span class='ocrx_word' id='word_1_174' title='bbox 1274 3416 1303 3471; x_wconf 90' lang='lat' dir='ltr'>et</span> 
     </span>
     <span class='ocr_line' id='line_1_36' title="bbox 556 3500 1303 3580; baseline 0.003 -20"><span class='ocrx_word' id='word_1_175' title='bbox 556 3501 658 3566; x_wconf 92' lang='lat' dir='ltr'>dilecti</span> <span class='ocrx_word' id='word_1_176' title='bbox 681 3501 736 3563; x_wconf 85' lang='lat' dir='ltr'>filii</span> <span class='ocrx_word' id='word_1_177' title='bbox 765 3502 906 3563; x_wconf 89' lang='lat' dir='ltr'>moderni</span> <span class='ocrx_word' id='word_1_178' title='bbox 929 3500 1127 3580; x_wconf 91' lang='lat' dir='ltr'>vice-prioris</span> <span class='ocrx_word' id='word_1_179' title='bbox 1149 3501 1303 3579; x_wconf 90' lang='lat' dir='ltr'>generalis</span> 
     </span>
     <span class='ocr_line' id='line_1_37' title="bbox 555 3593 1303 3658; baseline 0.005 -4"><span class='ocrx_word' id='word_1_180' title='bbox 555 3594 628 3658; x_wconf 93' lang='lat' dir='ltr'>dicti</span> <span class='ocrx_word' id='word_1_181' title='bbox 649 3594 770 3658; x_wconf 89' lang='lat' dir='ltr'>Ordinis</span> <span class='ocrx_word' id='word_1_182' title='bbox 793 3593 1050 3657; x_wconf 85' lang='lat' dir='ltr'>Discalceatorum</span> <span class='ocrx_word' id='word_1_183' title='bbox 1071 3603 1102 3657; x_wconf 93' lang='lat' dir='ltr'>et</span> <span class='ocrx_word' id='word_1_184' title='bbox 1116 3594 1303 3658; x_wconf 87' lang='lat' dir='ltr'>Recollecto·</span> 
     </span>
     <span class='ocr_line' id='line_1_38' title="bbox 555 3687 1304 3767; baseline 0 -17"><span class='ocrx_word' id='word_1_185' title='bbox 555 3703 627 3750; x_wconf 92' lang='lat' dir='ltr'>rum</span> <span class='ocrx_word' id='word_1_186' title='bbox 647 3703 740 3767; x_wconf 92' lang='lat' dir='ltr'>super</span> <span class='ocrx_word' id='word_1_187' title='bbox 761 3688 876 3750; x_wconf 90' lang='lat' dir='ltr'>eisdem</span> <span class='ocrx_word' id='word_1_188' title='bbox 897 3688 1070 3767; x_wconf 86' lang='lat' dir='ltr'>praemissis</span> <span class='ocrx_word' id='word_1_189' title='bbox 1091 3687 1179 3750; x_wconf 88' lang='lat' dir='ltr'>dictis</span> <span class='ocrx_word' id='word_1_190' title='bbox 1199 3689 1304 3752; x_wconf 85' lang='lat' dir='ltr'>Cardi-</span> 
     </span>
     <span class='ocr_line' id='line_1_39' title="bbox 555 3780 1302 3857; baseline 0.001 -15"><span class='ocrx_word' id='word_1_191' title='bbox 555 3781 677 3842; x_wconf 89' lang='lat' dir='ltr'>nalibus</span> <span class='ocrx_word' id='word_1_192' title='bbox 698 3780 790 3844; x_wconf 87' lang='lat' dir='ltr'>lactas</span> <span class='ocrx_word' id='word_1_193' title='bbox 810 3783 1011 3855; x_wconf 86' lang='lat' dir='ltr'>audiverunt,</span> <span class='ocrx_word' id='word_1_194' title='bbox 1038 3783 1178 3857; x_wconf 90' lang='lat' dir='ltr'>consilio,</span> <span class='ocrx_word' id='word_1_195' title='bbox 1202 3783 1302 3844; x_wconf 87' lang='grc'>133131-</span> 
     </span>
     <span class='ocr_line' id='line_1_40' title="bbox 555 3874 1301 3954; baseline 0.001 -19"><span class='ocrx_word' id='word_1_196' title='bbox 555 3874 611 3936; x_wconf 89' lang='lat' dir='ltr'>bus</span> <span class='ocrx_word' id='word_1_197' title='bbox 632 3875 799 3936; x_wconf 83' lang='lat' dir='ltr'>delinitorii</span> <span class='ocrx_word' id='word_1_198' title='bbox 832 3874 1033 3952; x_wconf 89' lang='lat' dir='ltr'>primodictae</span> <span class='ocrx_word' id='word_1_199' title='bbox 1064 3877 1239 3954; x_wconf 89' lang='lat' dir='ltr'>provinciae</span> <span class='ocrx_word' id='word_1_200' title='bbox 1260 3875 1301 3936; x_wconf 89' lang='lat' dir='ltr'>la·</span> 
     </span>
     <span class='ocr_line' id='line_1_41' title="bbox 553 3966 1301 4049; baseline 0 -19"><span class='ocrx_word' id='word_1_201' title='bbox 553 3966 701 4030; x_wconf 90' lang='lat' dir='ltr'>cultatem</span> <span class='ocrx_word' id='word_1_202' title='bbox 724 3969 857 4045; x_wconf 88' lang='lat' dir='ltr'>eligendi</span> <span class='ocrx_word' id='word_1_203' title='bbox 880 3970 912 4030; x_wconf 94' lang='grc'>13</span> <span class='ocrx_word' id='word_1_204' title='bbox 935 3983 1045 4030; x_wconf 91' lang='lat' dir='ltr'>eorum</span> <span class='ocrx_word' id='word_1_205' title='bbox 1070 3970 1210 4048; x_wconf 90' lang='lat' dir='ltr'>capitulis</span> <span class='ocrx_word' id='word_1_206' title='bbox 1231 3985 1301 4049; x_wconf 90' lang='lat' dir='ltr'>pro-</span> 
     </span>
     <span class='ocr_line' id='line_1_42' title="bbox 553 4061 1302 4140; baseline 0.008 -18"><span class='ocrx_word' id='word_1_207' title='bbox 553 4063 737 4125; x_wconf 91' lang='lat' dir='ltr'>vincialibus</span> <span class='ocrx_word' id='word_1_208' title='bbox 760 4072 820 4126; x_wconf 90' lang='lat' dir='ltr'>tres</span> <span class='ocrx_word' id='word_1_209' title='bbox 843 4061 1002 4140; x_wconf 89' lang='lat' dir='ltr'>religiosos</span> <span class='ocrx_word' id='word_1_210' title='bbox 1029 4063 1247 4140; x_wconf 88' lang='lat' dir='ltr'>benemeritos,</span> <span class='ocrx_word' id='word_1_211' title='bbox 1271 4074 1302 4128; x_wconf 91' lang='lat' dir='ltr'>et</span> 
     </span>
     <span class='ocr_line' id='line_1_43' title="bbox 553 4157 1302 4238; baseline 0.003 -19"><span class='ocrx_word' id='word_1_212' title='bbox 553 4174 630 4236; x_wconf 91' lang='lat' dir='ltr'>quos</span> <span class='ocrx_word' id='word_1_213' title='bbox 660 4157 757 4234; x_wconf 89' lang='lat' dir='ltr'>magis</span> <span class='ocrx_word' id='word_1_214' title='bbox 788 4157 914 4219; x_wconf 91' lang='lat' dir='ltr'>idoneos</span> <span class='ocrx_word' id='word_1_215' title='bbox 946 4157 1160 4233; x_wconf 90' lang='lat' dir='ltr'>iudicaverint,</span> <span class='ocrx_word' id='word_1_216' title='bbox 1188 4175 1302 4238; x_wconf 88' lang='lat' dir='ltr'>eosque</span> 
     </span>
     <span class='ocr_line' id='line_1_44' title="bbox 553 4249 1301 4330; baseline 0 -16"><span class='ocrx_word' id='word_1_217' title='bbox 553 4251 704 4314; x_wconf 90' lang='lat' dir='ltr'>ministris</span> <span class='ocrx_word' id='word_1_218' title='bbox 725 4249 774 4312; x_wconf 88' lang='lat' dir='ltr'>vel</span> <span class='ocrx_word' id='word_1_219' title='bbox 797 4251 1015 4312; x_wconf 83' lang='lat' dir='ltr'>commissoriis</span> <span class='ocrx_word' id='word_1_220' title='bbox 1034 4251 1231 4328; x_wconf 80' lang='lat' dir='ltr'>generalibus</span> <span class='ocrx_word' id='word_1_221' title='bbox 1247 4269 1301 4330; x_wconf 91' lang='lat' dir='ltr'>pro</span> 
     </span>
     <span class='ocr_line' id='line_1_45' title="bbox 555 4343 1302 4425; baseline -0.001 -17"><span class='ocrx_word' id='word_1_222' title='bbox 555 4355 693 4425; x_wconf 88' lang='lat' dir='ltr'>tempore</span> <span class='ocrx_word' id='word_1_223' title='bbox 722 4343 929 4408; x_wconf 85' lang='lat' dir='ltr'>existentibus</span> <span class='ocrx_word' id='word_1_224' title='bbox 960 4344 1165 4424; x_wconf 90' lang='lat' dir='ltr'>proponendi,</span> <span class='ocrx_word' id='word_1_225' title='bbox 1188 4347 1222 4407; x_wconf 90' lang='lat' dir='ltr'>ad</span> <span class='ocrx_word' id='word_1_226' title='bbox 1245 4345 1302 4408; x_wconf 87' lang='lat' dir='ltr'>lroc</span> 
     </span>
     <span class='ocr_line' id='line_1_46' title="bbox 554 4439 1302 4502; baseline -0.001 -1"><span class='ocrx_word' id='word_1_227' title='bbox 554 4448 588 4502; x_wconf 90' lang='lat' dir='ltr'>at</span> <span class='ocrx_word' id='word_1_228' title='bbox 609 4455 648 4500; x_wconf 89' lang='lat' dir='ltr'>ex</span> <span class='ocrx_word' id='word_1_229' title='bbox 669 4439 706 4500; x_wconf 93' lang='lat' dir='ltr'>iis</span> <span class='ocrx_word' id='word_1_230' title='bbox 729 4439 826 4501; x_wconf 89' lang='lat' dir='ltr'>tribus</span> <span class='ocrx_word' id='word_1_231' title='bbox 848 4453 946 4500; x_wconf 91' lang='lat' dir='ltr'>unum</span> <span class='ocrx_word' id='word_1_232' title='bbox 968 4439 1214 4500; x_wconf 87' lang='lat' dir='ltr'>commissarium</span> <span class='ocrx_word' id='word_1_233' title='bbox 1229 4440 1302 4500; x_wconf 90' lang='lat' dir='ltr'>visi-</span> 
     </span>
     <span class='ocr_line' id='line_1_47' title="bbox 555 4531 1300 4609; baseline 0 -15"><span class='ocrx_word' id='word_1_234' title='bbox 555 4539 686 4595; x_wconf 89' lang='lat' dir='ltr'>tatorem</span> <span class='ocrx_word' id='word_1_235' title='bbox 707 4531 846 4595; x_wconf 87' lang='lat' dir='ltr'>eiusdem</span> <span class='ocrx_word' id='word_1_236' title='bbox 867 4531 1043 4609; x_wconf 91' lang='lat' dir='ltr'>provinciae</span> <span class='ocrx_word' id='word_1_237' title='bbox 1064 4533 1255 4594; x_wconf 90' lang='lat' dir='ltr'>constituant</span> <span class='ocrx_word' id='word_1_238' title='bbox 1268 4540 1300 4594; x_wconf 90' lang='lat' dir='ltr'>et</span> 
     </span>
     <span class='ocr_line' id='line_1_48' title="bbox 553 4623 1300 4705; baseline 0.004 -19"><span class='ocrx_word' id='word_1_239' title='bbox 553 4626 715 4705; x_wconf 89' lang='lat' dir='ltr'>deputent,</span> <span class='ocrx_word' id='word_1_240' title='bbox 739 4631 781 4702; x_wconf 92' lang='lat' dir='ltr'>et,</span> <span class='ocrx_word' id='word_1_241' title='bbox 804 4625 835 4686; x_wconf 91' lang='lat' dir='ltr'>in</span> <span class='ocrx_word' id='word_1_242' title='bbox 858 4623 1011 4686; x_wconf 90' lang='lat' dir='ltr'>delectum</span> <span class='ocrx_word' id='word_1_243' title='bbox 1039 4625 1143 4702; x_wconf 91' lang='lat' dir='ltr'>primi,</span> <span class='ocrx_word' id='word_1_244' title='bbox 1166 4625 1300 4688; x_wconf 88' lang='lat' dir='ltr'>alterum</span> 
     </span>
     <span class='ocr_line' id='line_1_49' title="bbox 552 4717 1299 4796; baseline 0.003 -16"><span class='ocrx_word' id='word_1_245' title='bbox 552 4719 734 4796; x_wconf 88' lang='lat' dir='ltr'>subrogent,</span> <span class='ocrx_word' id='word_1_246' title='bbox 766 4735 800 4779; x_wconf 90' lang='lat' dir='ltr'>ac</span> <span class='ocrx_word' id='word_1_247' title='bbox 831 4717 1062 4796; x_wconf 88' lang='lat' dir='ltr'>deputationem</span> <span class='ocrx_word' id='word_1_248' title='bbox 1093 4720 1128 4780; x_wconf 89' lang='lat' dir='ltr'>ad</span> <span class='ocrx_word' id='word_1_249' title='bbox 1160 4718 1299 4782; x_wconf 90' lang='lat' dir='ltr'>camdem</span> 
     </span>
     <span class='ocr_line' id='line_1_50' title="bbox 554 4809 1301 4891; baseline 0.001 -17"><span class='ocrx_word' id='word_1_250' title='bbox 554 4813 745 4891; x_wconf 89' lang='lat' dir='ltr'>provinciam</span> <span class='ocrx_word' id='word_1_251' title='bbox 767 4809 1000 4888; x_wconf 81' lang='lat' dir='ltr'>quamprimum</span> <span class='ocrx_word' id='word_1_252' title='bbox 1029 4811 1190 4872; x_wconf 90' lang='lat' dir='ltr'>remittere</span> <span class='ocrx_word' id='word_1_253' title='bbox 1211 4811 1301 4876; x_wconf 88' lang='lat' dir='ltr'>debe·</span> 
     </span>
     <span class='ocr_line' id='line_1_51' title="bbox 553 4904 1300 4986; baseline 0.003 -19"><span class='ocrx_word' id='word_1_254' title='bbox 553 4913 617 4982; x_wconf 90' lang='lat' dir='ltr'>ant,</span> <span class='ocrx_word' id='word_1_255' title='bbox 635 4913 670 4968; x_wconf 93' lang='lat' dir='ltr'>ut</span> <span class='ocrx_word' id='word_1_256' title='bbox 683 4904 910 4967; x_wconf 89' lang='lat' dir='ltr'>commissarius</span> <span class='ocrx_word' id='word_1_257' title='bbox 926 4904 1066 4966; x_wconf 88' lang='lat' dir='ltr'>visitator</span> <span class='ocrx_word' id='word_1_258' title='bbox 1080 4905 1161 4968; x_wconf 88' lang='lat' dir='ltr'>intra</span> <span class='ocrx_word' id='word_1_259' title='bbox 1177 4913 1300 4986; x_wconf 89' lang='lat' dir='ltr'>tempus</span> 
     </span>
     <span class='ocr_line' id='line_1_52' title="bbox 553 4995 1299 5075; baseline 0.001 -15"><span class='ocrx_word' id='word_1_260' title='bbox 553 5017 567 5060; x_wconf 92' lang='grc'>3</span> <span class='ocrx_word' id='word_1_261' title='bbox 596 4997 871 5060; x_wconf 90' lang='lat' dir='ltr'>constitutionibus</span> <span class='ocrx_word' id='word_1_262' title='bbox 902 4995 1125 5075; x_wconf 87' lang='lat' dir='ltr'>praescriptum</span> <span class='ocrx_word' id='word_1_263' title='bbox 1154 4999 1299 5062; x_wconf 91' lang='lat' dir='ltr'>visitatio·</span> 
     </span>
     <span class='ocr_line' id='line_1_53' title="bbox 552 5091 1301 5170; baseline 0.001 -16"><span class='ocrx_word' id='word_1_264' title='bbox 552 5109 627 5154; x_wconf 94' lang='lat' dir='ltr'>uem</span> <span class='ocrx_word' id='word_1_265' title='bbox 648 5107 804 5154; x_wconf 85' lang='lat' dir='ltr'>assumere</span> <span class='ocrx_word' id='word_1_266' title='bbox 825 5099 856 5152; x_wconf 90' lang='lat' dir='ltr'>et</span> <span class='ocrx_word' id='word_1_267' title='bbox 877 5091 1032 5170; x_wconf 87' lang='lat' dir='ltr'>complere</span> <span class='ocrx_word' id='word_1_268' title='bbox 1048 5093 1152 5170; x_wconf 90' lang='lat' dir='ltr'>possit,</span> <span class='ocrx_word' id='word_1_269' title='bbox 1169 5095 1301 5155; x_wconf 89' lang='lat' dir='ltr'>auctori-</span> 
     </span>
     <span class='ocr_line' id='line_1_54' title="bbox 554 5185 1300 5264; baseline 0.003 -17"><span class='ocrx_word' id='word_1_270' title='bbox 554 5194 614 5248; x_wconf 89' lang='lat' dir='ltr'>tate</span> <span class='ocrx_word' id='word_1_271' title='bbox 635 5186 808 5264; x_wconf 80' lang='lat' dir='ltr'>apostolica,</span> <span class='ocrx_word' id='word_1_272' title='bbox 832 5192 940 5246; x_wconf 89' lang='lat' dir='ltr'>tenore</span> <span class='ocrx_word' id='word_1_273' title='bbox 954 5185 1174 5262; x_wconf 88' lang='lat' dir='ltr'>praesentium,</span> <span class='ocrx_word' id='word_1_274' title='bbox 1192 5203 1300 5249; x_wconf 90' lang='lat' dir='ltr'>conce-</span> 
     </span>
     <span class='ocr_line' id='line_1_55' title="bbox 552 5279 1299 5358; baseline 0.001 -16"><span class='ocrx_word' id='word_1_275' title='bbox 552 5281 670 5357; x_wconf 79' lang='lat' dir='ltr'>dimus3</span> <span class='ocrx_word' id='word_1_276' title='bbox 692 5280 775 5341; x_wconf 80' lang='lat' dir='ltr'>salvi</span> <span class='ocrx_word' id='word_1_277' title='bbox 797 5288 900 5340; x_wconf 88' lang='lat' dir='ltr'>tamen</span> <span class='ocrx_word' id='word_1_278' title='bbox 929 5295 1051 5357; x_wconf 89' lang='lat' dir='ltr'>semper</span> <span class='ocrx_word' id='word_1_279' title='bbox 1072 5279 1104 5339; x_wconf 93' lang='lat' dir='ltr'>in</span> <span class='ocrx_word' id='word_1_280' title='bbox 1126 5282 1299 5358; x_wconf 89' lang='lat' dir='ltr'>praemissis</span> 
     </span>
     <span class='ocr_line' id='line_1_56' title="bbox 497 5369 1300 5450; baseline 0.004 -16"><span class='ocrx_word' id='word_1_281' title='bbox 497 5369 499 5374; x_wconf 82' lang='grc'><strong>’</strong></span> <span class='ocrx_word' id='word_1_282' title='bbox 553 5373 852 5436; x_wconf 87' lang='grc'>333133113133113133</span> <span class='ocrx_word' id='word_1_283' title='bbox 877 5373 1131 5450; x_wconf 82' lang='lat' dir='ltr'>congregationis</span> <span class='ocrx_word' id='word_1_284' title='bbox 1154 5373 1300 5437; x_wconf 72' lang='grc'>03331133-</span> 
     </span>
     <span class='ocr_line' id='line_1_57' title="bbox 554 5469 641 5530; baseline -0.011 -1"><span class='ocrx_word' id='word_1_285' title='bbox 554 5469 641 5530; x_wconf 92' lang='lat' dir='ltr'>lium.</span> 
     </span>
    </p>

    <p class='ocr_par' dir='ltr' id='par_1_9' title="bbox 553 5559 1301 5828">
     <span class='ocr_line' id='line_1_58' title="bbox 592 5559 1301 5638; baseline 0.001 -14"><span class='ocrx_word' id='word_1_286' title='bbox 592 5563 611 5636; x_wconf 69' lang='grc' dir='ltr'><strong>ἓ</strong></span> <span class='ocrx_word' id='word_1_287' title='bbox 632 5563 661 5624; x_wconf 86' lang='grc'>3.</span> <span class='ocrx_word' id='word_1_288' title='bbox 684 5563 904 5635; x_wconf 84' lang='lat' dir='ltr'>Decernentes,</span> <span class='ocrx_word' id='word_1_289' title='bbox 921 5559 1043 5622; x_wconf 90' lang='lat' dir='ltr'>easdem</span> <span class='ocrx_word' id='word_1_290' title='bbox 1060 5572 1236 5638; x_wconf 88' lang='lat' dir='ltr'>praesentes</span> <span class='ocrx_word' id='word_1_291' title='bbox 1252 5563 1301 5626; x_wconf 92' lang='lat' dir='ltr'>lit·</span> 
     </span>
     <span class='ocr_line' id='line_1_59' title="bbox 555 5655 1299 5734; baseline 0.003 -18"><span class='ocrx_word' id='word_1_292' title='bbox 555 5664 633 5716; x_wconf 88' lang='lat' dir='ltr'>teras</span> <span class='ocrx_word' id='word_1_293' title='bbox 663 5671 786 5734; x_wconf 89' lang='lat' dir='ltr'>semper</span> <span class='ocrx_word' id='word_1_294' title='bbox 814 5655 931 5730; x_wconf 86' lang='lat' dir='ltr'>firmas,</span> <span class='ocrx_word' id='word_1_295' title='bbox 964 5655 1078 5717; x_wconf 91' lang='lat' dir='ltr'>validas</span> <span class='ocrx_word' id='word_1_296' title='bbox 1106 5663 1137 5718; x_wconf 91' lang='lat' dir='ltr'>et</span> <span class='ocrx_word' id='word_1_297' title='bbox 1165 5656 1299 5719; x_wconf 88' lang='lat' dir='ltr'>ellicaces</span> 
     </span>
     <span class='ocr_line' id='line_1_60' title="bbox 553 5748 1300 5828; baseline 0.004 -19"><span class='ocrx_word' id='word_1_298' title='bbox 553 5749 687 5810; x_wconf 81' lang='lat' dir='ltr'>existere</span> <span class='ocrx_word' id='word_1_299' title='bbox 707 5755 737 5810; x_wconf 90' lang='lat' dir='ltr'>et</span> <span class='ocrx_word' id='word_1_300' title='bbox 760 5748 834 5824; x_wconf 89' lang='lat' dir='ltr'>lore,</span> <span class='ocrx_word' id='word_1_301' title='bbox 858 5765 993 5828; x_wconf 90' lang='lat' dir='ltr'>suosque</span> <span class='ocrx_word' id='word_1_302' title='bbox 1019 5749 1174 5828; x_wconf 90' lang='lat' dir='ltr'>plenarios</span> <span class='ocrx_word' id='word_1_303' title='bbox 1194 5757 1225 5812; x_wconf 91' lang='lat' dir='ltr'>et</span> <span class='ocrx_word' id='word_1_304' title='bbox 1254 5750 1300 5812; x_wconf 93' lang='lat' dir='ltr'>in·</span> 
     </span>
    </p>
   </div>
   <div class='ocr_carea' id='block_1_8' title="bbox 594 5961 1116 6020">
    <p class='ocr_par' dir='ltr' id='par_1_10' title="bbox 594 5961 1116 6020">
     <span class='ocr_line' id='line_1_61' title="bbox 594 5961 1116 6020; baseline 0.006 -16"><span class='ocrx_word' id='word_1_305' title='bbox 594 5963 623 6018; x_wconf 85' lang='lat' dir='ltr'>(l)</span> <span class='ocrx_word' id='word_1_306' title='bbox 640 5963 675 6006; x_wconf 75' lang='lat' dir='ltr'>lax</span> <span class='ocrx_word' id='word_1_307' title='bbox 690 5961 764 6006; x_wconf 80' lang='lat' dir='ltr'>arch.</span> <span class='ocrx_word' id='word_1_308' title='bbox 782 5964 804 6006; x_wconf 84' lang='lat' dir='ltr'>S.</span> <span class='ocrx_word' id='word_1_309' title='bbox 821 5964 897 6018; x_wconf 85' lang='lat' dir='ltr'>Cong.</span> <span class='ocrx_word' id='word_1_310' title='bbox 913 5963 944 6006; x_wconf 89' lang='lat' dir='ltr'>de</span> <span class='ocrx_word' id='word_1_311' title='bbox 959 5965 1031 6020; x_wconf 84' lang='lat' dir='ltr'>Prop.</span> <span class='ocrx_word' id='word_1_312' title='bbox 1048 5963 1116 6007; x_wconf 75' lang='lat' dir='ltr'>Fide.</span> 
     </span>
    </p>
   </div>
   <div class='ocr_carea' id='block_1_9' title="bbox 1092 575 1589 622">
    <p class='ocr_par' dir='ltr' id='par_1_11' title="bbox 1092 575 1589 622">
     <span class='ocr_line' id='line_1_62' title="bbox 1092 575 1589 622; baseline -0.002 -2"><span class='ocrx_word' id='word_1_313' title='bbox 1092 575 1155 620; x_wconf 79' lang='lat' dir='ltr'>lt&#39;n.</span> <span class='ocrx_word' id='word_1_314' title='bbox 1181 576 1271 622; x_wconf 75' lang='grc' dir='ltr'><strong>ΡΟΝΤ.</strong></span> <span class='ocrx_word' id='word_1_315' title='bbox 1295 578 1334 622; x_wconf 80' lang='lat' dir='ltr'>be</span> <span class='ocrx_word' id='word_1_316' title='bbox 1357 578 1386 622; x_wconf 83' lang='lat' dir='ltr'>P·</span> <span class='ocrx_word' id='word_1_317' title='bbox 1409 577 1437 621; x_wconf 74' lang='lat' dir='ltr'>F·</span> <span class='ocrx_word' id='word_1_318' title='bbox 1464 577 1546 622; x_wconf 75' lang='lat' dir='ltr'>PARS</span> <span class='ocrx_word' id='word_1_319' title='bbox 1568 577 1589 620; x_wconf 91' lang='lat'>1.</span> 
     </span>
    </p>
   </div>
   <div class='ocr_carea' id='block_1_10' title="bbox 1364 695 2114 1708">
    <p class='ocr_par' dir='ltr' id='par_1_12' title="bbox 1364 695 2114 1708">
     <span class='ocr_line' id='line_1_63' title="bbox 1369 695 2113 776; baseline 0.004 -18"><span class='ocrx_word' id='word_1_320' title='bbox 1369 703 1470 772; x_wconf 83' lang='lat' dir='ltr'>tegnas</span> <span class='ocrx_word' id='word_1_321' title='bbox 1492 695 1619 758; x_wconf 82' lang='lat' dir='ltr'>allectus</span> <span class='ocrx_word' id='word_1_322' title='bbox 1639 696 1743 758; x_wconf 90' lang='lat' dir='ltr'>sortiri</span> <span class='ocrx_word' id='word_1_323' title='bbox 1764 705 1796 759; x_wconf 92' lang='lat' dir='ltr'>et</span> <span class='ocrx_word' id='word_1_324' title='bbox 1819 697 2020 774; x_wconf 72' lang='grc'>3131333333</span> <span class='ocrx_word' id='word_1_325' title='bbox 2041 698 2113 776; x_wconf 86' lang='grc'>11113,</span> 
     </span>
     <span class='ocr_line' id='line_1_64' title="bbox 1366 789 2114 869; baseline 0.005 -20"><span class='ocrx_word' id='word_1_326' title='bbox 1366 789 1402 850; x_wconf 86' lang='grc'>331</span> <span class='ocrx_word' id='word_1_327' title='bbox 1424 805 1500 866; x_wconf 84' lang='grc'>3333</span> <span class='ocrx_word' id='word_1_328' title='bbox 1531 795 1647 867; x_wconf 88' lang='lat' dir='ltr'>spectat</span> <span class='ocrx_word' id='word_1_329' title='bbox 1668 795 1699 850; x_wconf 92' lang='lat' dir='ltr'>et</span> <span class='ocrx_word' id='word_1_330' title='bbox 1720 806 1775 868; x_wconf 94' lang='lat' dir='ltr'>pro</span> <span class='ocrx_word' id='word_1_331' title='bbox 1806 797 1945 868; x_wconf 91' lang='lat' dir='ltr'>tempore</span> <span class='ocrx_word' id='word_1_332' title='bbox 1978 791 2114 869; x_wconf 87' lang='lat' dir='ltr'>quando·</span> 
     </span>
     <span class='ocr_line' id='line_1_65' title="bbox 1365 883 2114 964; baseline 0.004 -20"><span class='ocrx_word' id='word_1_333' title='bbox 1365 897 1499 960; x_wconf 83' lang='lat' dir='ltr'>canaque</span> <span class='ocrx_word' id='word_1_334' title='bbox 1514 883 1673 962; x_wconf 88' lang='lat' dir='ltr'>spectabit,</span> <span class='ocrx_word' id='word_1_335' title='bbox 1687 883 1719 944; x_wconf 94' lang='lat' dir='ltr'>in</span> <span class='ocrx_word' id='word_1_336' title='bbox 1735 883 1880 946; x_wconf 87' lang='lat' dir='ltr'>omnibus</span> <span class='ocrx_word' id='word_1_337' title='bbox 1896 891 1926 946; x_wconf 93' lang='lat' dir='ltr'>et</span> <span class='ocrx_word' id='word_1_338' title='bbox 1940 901 1996 964; x_wconf 87' lang='lat' dir='ltr'>per</span> <span class='ocrx_word' id='word_1_339' title='bbox 2011 886 2114 948; x_wconf 88' lang='lat' dir='ltr'>omnia</span> 
     </span>
     <span class='ocr_line' id='line_1_66' title="bbox 1365 975 2113 1057; baseline 0.007 -21"><span class='ocrx_word' id='word_1_340' title='bbox 1365 975 1542 1054; x_wconf 88' lang='lat' dir='ltr'>plenissime</span> <span class='ocrx_word' id='word_1_341' title='bbox 1563 975 1736 1052; x_wconf 79' lang='lat' dir='ltr'>suflragari,</span> <span class='ocrx_word' id='word_1_342' title='bbox 1763 983 1793 1038; x_wconf 91' lang='lat' dir='ltr'>et</span> <span class='ocrx_word' id='word_1_343' title='bbox 1814 977 1852 1038; x_wconf 91' lang='lat' dir='ltr'>ab</span> <span class='ocrx_word' id='word_1_344' title='bbox 1873 977 1916 1038; x_wconf 91' lang='lat' dir='ltr'>eis</span> <span class='ocrx_word' id='word_1_345' title='bbox 1943 979 2113 1057; x_wconf 79' lang='lat' dir='ltr'>respective</span> 
     </span>
     <span class='ocr_line' id='line_1_67' title="bbox 1366 1069 2113 1150; baseline 0.008 -22"><span class='ocrx_word' id='word_1_346' title='bbox 1366 1069 1587 1132; x_wconf 90' lang='lat' dir='ltr'>inviolabiliter</span> <span class='ocrx_word' id='word_1_347' title='bbox 1608 1070 1774 1144; x_wconf 87' lang='lat' dir='ltr'>observari,</span> <span class='ocrx_word' id='word_1_348' title='bbox 1797 1071 1903 1148; x_wconf 89' lang='lat' dir='ltr'>sicque</span> <span class='ocrx_word' id='word_1_349' title='bbox 1918 1071 1950 1133; x_wconf 91' lang='lat' dir='ltr'>in</span> <span class='ocrx_word' id='word_1_350' title='bbox 1965 1074 2113 1150; x_wconf 88' lang='lat' dir='ltr'>praemis·</span> 
     </span>
     <span class='ocr_line' id='line_1_68' title="bbox 1364 1163 2112 1243; baseline 0.007 -21"><span class='ocrx_word' id='word_1_351' title='bbox 1364 1163 1403 1223; x_wconf 90' lang='lat' dir='ltr'>sis</span> <span class='ocrx_word' id='word_1_352' title='bbox 1425 1179 1480 1242; x_wconf 91' lang='lat' dir='ltr'>per</span> <span class='ocrx_word' id='word_1_353' title='bbox 1501 1179 1715 1243; x_wconf 88' lang='lat' dir='ltr'>quoscumque</span> <span class='ocrx_word' id='word_1_354' title='bbox 1744 1163 1860 1226; x_wconf 90' lang='lat' dir='ltr'>iudices</span> <span class='ocrx_word' id='word_1_355' title='bbox 1890 1165 2061 1227; x_wconf 89' lang='lat' dir='ltr'>ordinarios</span> <span class='ocrx_word' id='word_1_356' title='bbox 2082 1174 2112 1227; x_wconf 92' lang='grc'>31</span> 
     </span>
     <span class='ocr_line' id='line_1_69' title="bbox 1364 1255 2111 1336; baseline 0.003 -20"><span class='ocrx_word' id='word_1_357' title='bbox 1364 1255 1530 1332; x_wconf 90' lang='lat' dir='ltr'>delegatos,</span> <span class='ocrx_word' id='word_1_358' title='bbox 1547 1257 1640 1318; x_wconf 90' lang='lat' dir='ltr'>etiam</span> <span class='ocrx_word' id='word_1_359' title='bbox 1655 1273 1815 1320; x_wconf 88' lang='lat' dir='ltr'>causarum</span> <span class='ocrx_word' id='word_1_360' title='bbox 1831 1257 1935 1336; x_wconf 92' lang='lat' dir='ltr'>palatii</span> <span class='ocrx_word' id='word_1_361' title='bbox 1956 1257 2111 1336; x_wconf 91' lang='lat' dir='ltr'>apostolici</span> 
     </span>
     <span class='ocr_line' id='line_1_70' title="bbox 1364 1349 2113 1424; baseline 0.007 -16"><span class='ocrx_word' id='word_1_362' title='bbox 1364 1349 1532 1424; x_wconf 88' lang='lat' dir='ltr'>auditores,</span> <span class='ocrx_word' id='word_1_363' title='bbox 1562 1351 1690 1414; x_wconf 86' lang='lat' dir='ltr'>iudicari</span> <span class='ocrx_word' id='word_1_364' title='bbox 1717 1358 1748 1412; x_wconf 91' lang='lat' dir='ltr'>et</span> <span class='ocrx_word' id='word_1_365' title='bbox 1773 1351 1896 1412; x_wconf 80' lang='lat' dir='ltr'>deliniri</span> <span class='ocrx_word' id='word_1_366' title='bbox 1924 1350 2053 1424; x_wconf 89' lang='lat' dir='ltr'>debere,</span> <span class='ocrx_word' id='word_1_367' title='bbox 2079 1367 2113 1413; x_wconf 91' lang='lat' dir='ltr'>ac</span> 
     </span>
     <span class='ocr_line' id='line_1_71' title="bbox 1364 1443 2112 1524; baseline 0.003 -22"><span class='ocrx_word' id='word_1_368' title='bbox 1364 1443 1489 1504; x_wconf 90' lang='lat' dir='ltr'>irritum</span> <span class='ocrx_word' id='word_1_369' title='bbox 1505 1443 1655 1520; x_wconf 81' lang='lat' dir='ltr'>etimne,</span> <span class='ocrx_word' id='word_1_370' title='bbox 1672 1445 1698 1505; x_wconf 89' lang='lat' dir='ltr'>si</span> <span class='ocrx_word' id='word_1_371' title='bbox 1718 1460 1806 1508; x_wconf 87' lang='lat' dir='ltr'>secus</span> <span class='ocrx_word' id='word_1_372' title='bbox 1826 1461 1919 1524; x_wconf 90' lang='lat' dir='ltr'>super</span> <span class='ocrx_word' id='word_1_373' title='bbox 1941 1445 1988 1506; x_wconf 92' lang='lat' dir='ltr'>bis</span> <span class='ocrx_word' id='word_1_374' title='bbox 2006 1460 2022 1504; x_wconf 90' lang='grc'>3</span> <span class='ocrx_word' id='word_1_375' title='bbox 2037 1460 2112 1522; x_wconf 91' lang='lat' dir='ltr'>quo-</span> 
     </span>
     <span class='ocr_line' id='line_1_72' title="bbox 1364 1537 2113 1615; baseline 0.005 -19"><span class='ocrx_word' id='word_1_376' title='bbox 1364 1551 1467 1613; x_wconf 88' lang='lat' dir='ltr'>quam,</span> <span class='ocrx_word' id='word_1_377' title='bbox 1480 1537 1587 1615; x_wconf 88' lang='lat' dir='ltr'>quavis</span> <span class='ocrx_word' id='word_1_378' title='bbox 1601 1537 1795 1612; x_wconf 87' lang='lat' dir='ltr'>auctoritate,</span> <span class='ocrx_word' id='word_1_379' title='bbox 1810 1538 1944 1600; x_wconf 89' lang='lat' dir='ltr'>scienter</span> <span class='ocrx_word' id='word_1_380' title='bbox 1959 1537 2008 1600; x_wconf 94' lang='lat' dir='ltr'>vel</span> <span class='ocrx_word' id='word_1_381' title='bbox 2024 1539 2113 1615; x_wconf 91' lang='lat' dir='ltr'>igno-</span> 
     </span>
     <span class='ocr_line' id='line_1_73' title="bbox 1364 1631 1845 1708; baseline 0.004 -20"><span class='ocrx_word' id='word_1_382' title='bbox 1364 1635 1479 1704; x_wconf 88' lang='lat' dir='ltr'>ranter,</span> <span class='ocrx_word' id='word_1_383' title='bbox 1503 1631 1669 1708; x_wconf 88' lang='lat' dir='ltr'>contigerit</span> <span class='ocrx_word' id='word_1_384' title='bbox 1690 1631 1845 1694; x_wconf 89' lang='lat' dir='ltr'>attentari.</span> 
     </span>
    </p>
   </div>
   <div class='ocr_carea' id='block_1_11' title="bbox 1403 1722 2356 1847">
    <p class='ocr_par' dir='ltr' id='par_1_13' title="bbox 1403 1722 2356 1847">
     <span class='ocr_line' id='line_1_74' title="bbox 1403 1722 2356 1837; baseline 0.005 -53"><span class='ocrx_word' id='word_1_385' title='bbox 1403 1723 1421 1798; x_wconf 68' lang='lat' dir='ltr'>S</span> <span class='ocrx_word' id='word_1_386' title='bbox 1442 1722 1471 1784; x_wconf 77' lang='grc'>1.</span> <span class='ocrx_word' id='word_1_387' title='bbox 1496 1722 1563 1785; x_wconf 93' lang='lat' dir='ltr'>Non</span> <span class='ocrx_word' id='word_1_388' title='bbox 1579 1724 1772 1786; x_wconf 89' lang='lat' dir='ltr'>obstantibus</span> <span class='ocrx_word' id='word_1_389' title='bbox 1787 1725 1973 1803; x_wconf 88' lang='lat' dir='ltr'>praemissis,</span> <span class='ocrx_word' id='word_1_390' title='bbox 1990 1745 2025 1790; x_wconf 91' lang='grc'>33</span> <span class='ocrx_word' id='word_1_391' title='bbox 2039 1744 2110 1790; x_wconf 90' lang='lat' dir='ltr'>con·</span> <span class='ocrx_word' id='word_1_392' title='bbox 2130 1737 2356 1837; x_wconf 53' lang='lat' dir='ltr'>affr‘iss&#39;affimmm</span> 
     </span>
     <span class='ocr_line' id='line_1_75' title="bbox 2192 1823 2278 1847; baseline 0 -12"><span class='ocrx_word' id='word_1_393' title='bbox 2192 1823 2206 1847; x_wconf 80' lang='lat'>,‚</span> <span class='ocrx_word' id='word_1_394' title='bbox 2273 1825 2278 1835; x_wconf 93' lang='lat'>.</span> 
     </span>
    </p>
   </div>
   <div class='ocr_carea' id='block_1_12' title="bbox 1361 1816 2108 1989">
    <p class='ocr_par' dir='ltr' id='par_1_14' title="bbox 1361 1816 2108 1989">
     <span class='ocr_line' id='line_1_76' title="bbox 1361 1816 2108 1898; baseline 0.007 -22"><span class='ocrx_word' id='word_1_395' title='bbox 1361 1816 1574 1878; x_wconf 89' lang='lat' dir='ltr'>stitutionibus</span> <span class='ocrx_word' id='word_1_396' title='bbox 1600 1825 1630 1878; x_wconf 91' lang='lat' dir='ltr'>et</span> <span class='ocrx_word' id='word_1_397' title='bbox 1651 1818 1899 1880; x_wconf 89' lang='lat' dir='ltr'>ordinationibus</span> <span class='ocrx_word' id='word_1_398' title='bbox 1927 1819 2108 1898; x_wconf 89' lang='lat' dir='ltr'>apostolicis,</span> 
     </span>
     <span class='ocr_line' id='line_1_77' title="bbox 1363 1909 2108 1989; baseline 0.003 -17"><span class='ocrx_word' id='word_1_399' title='bbox 1363 1925 1483 1972; x_wconf 91' lang='lat' dir='ltr'>necnon</span> <span class='ocrx_word' id='word_1_400' title='bbox 1495 1909 1726 1987; x_wconf 89' lang='lat' dir='ltr'>provinciarum</span> <span class='ocrx_word' id='word_1_401' title='bbox 1741 1919 1771 1974; x_wconf 92' lang='lat' dir='ltr'>et</span> <span class='ocrx_word' id='word_1_402' title='bbox 1784 1911 1904 1975; x_wconf 83' lang='lat' dir='ltr'>Ordinis</span> <span class='ocrx_word' id='word_1_403' title='bbox 1920 1913 2108 1989; x_wconf 85' lang='lat' dir='ltr'>huiusmodi,</span> 
     </span>
    </p>
   </div>
   <div class='ocr_carea' id='block_1_13' title="bbox 1362 2002 2196 2084">
    <p class='ocr_par' dir='ltr' id='par_1_15' title="bbox 1362 2002 2196 2084">
     <span class='ocr_line' id='line_1_78' title="bbox 1362 2002 2196 2084; baseline 0.002 -20"><span class='ocrx_word' id='word_1_404' title='bbox 1362 2002 1453 2064; x_wconf 88' lang='lat' dir='ltr'>etiam</span> <span class='ocrx_word' id='word_1_405' title='bbox 1478 2003 1663 2078; x_wconf 87' lang='lat' dir='ltr'>iuramenta,</span> <span class='ocrx_word' id='word_1_406' title='bbox 1679 2003 1917 2067; x_wconf 84' lang='lat' dir='ltr'>confirmatione</span> <span class='ocrx_word' id='word_1_407' title='bbox 1934 2004 2108 2084; x_wconf 82' lang='lat' dir='ltr'>apostolica,</span> <span class='ocrx_word' id='word_1_408' title='bbox 2190 2051 2196 2066; x_wconf 89' lang='lat'><em>.</em></span> 
     </span>
    </p>
   </div>
   <div class='ocr_carea' id='block_1_14' title="bbox 1361 2095 2110 2547">
    <p class='ocr_par' dir='ltr' id='par_1_16' title="bbox 1361 2095 2110 2547">
     <span class='ocr_line' id='line_1_79' title="bbox 1362 2095 2110 2174; baseline 0.007 -18"><span class='ocrx_word' id='word_1_409' title='bbox 1362 2095 1410 2157; x_wconf 90' lang='lat' dir='ltr'>vel</span> <span class='ocrx_word' id='word_1_410' title='bbox 1435 2095 1541 2174; x_wconf 85' lang='lat' dir='ltr'>quavis</span> <span class='ocrx_word' id='word_1_411' title='bbox 1564 2095 1711 2159; x_wconf 81' lang='lat' dir='ltr'>firmitate</span> <span class='ocrx_word' id='word_1_412' title='bbox 1732 2097 1790 2159; x_wconf 84' lang='lat' dir='ltr'>alia</span> <span class='ocrx_word' id='word_1_413' title='bbox 1809 2098 1971 2174; x_wconf 89' lang='lat' dir='ltr'>roboratis,</span> <span class='ocrx_word' id='word_1_414' title='bbox 1988 2101 2110 2162; x_wconf 87' lang='lat' dir='ltr'>statutis</span> 
     </span>
     <span class='ocr_line' id='line_1_80' title="bbox 1362 2187 2110 2271; baseline 0.008 -22"><span class='ocrx_word' id='word_1_415' title='bbox 1362 2195 1392 2250; x_wconf 90' lang='lat' dir='ltr'>et</span> <span class='ocrx_word' id='word_1_416' title='bbox 1413 2187 1701 2265; x_wconf 90' lang='lat' dir='ltr'>consuetudinibus,</span> <span class='ocrx_word' id='word_1_417' title='bbox 1724 2191 1897 2269; x_wconf 90' lang='lat' dir='ltr'>privilegiis</span> <span class='ocrx_word' id='word_1_418' title='bbox 1912 2207 2046 2271; x_wconf 89' lang='lat' dir='ltr'>quoque,</span> <span class='ocrx_word' id='word_1_419' title='bbox 2063 2194 2110 2255; x_wconf 92' lang='lat' dir='ltr'>in-</span> 
     </span>
     <span class='ocr_line' id='line_1_81' title="bbox 1361 2281 2109 2362; baseline 0.009 -21"><span class='ocrx_word' id='word_1_420' title='bbox 1361 2281 1455 2344; x_wconf 90' lang='lat' dir='ltr'>dultis</span> <span class='ocrx_word' id='word_1_421' title='bbox 1477 2291 1507 2344; x_wconf 89' lang='lat' dir='ltr'>et</span> <span class='ocrx_word' id='word_1_422' title='bbox 1529 2282 1641 2344; x_wconf 89' lang='lat' dir='ltr'>litteris</span> <span class='ocrx_word' id='word_1_423' title='bbox 1662 2284 1835 2362; x_wconf 89' lang='lat' dir='ltr'>apostolicis</span> <span class='ocrx_word' id='word_1_424' title='bbox 1857 2285 1889 2348; x_wconf 94' lang='lat' dir='ltr'>in</span> <span class='ocrx_word' id='word_1_425' title='bbox 1917 2287 2109 2348; x_wconf 86' lang='lat' dir='ltr'>contrarium</span> 
     </span>
     <span class='ocr_line' id='line_1_82' title="bbox 1362 2376 2109 2455; baseline 0.007 -19"><span class='ocrx_word' id='word_1_426' title='bbox 1362 2376 1599 2452; x_wconf 88' lang='lat' dir='ltr'>praemissorum</span> <span class='ocrx_word' id='word_1_427' title='bbox 1616 2377 1848 2454; x_wconf 90' lang='lat' dir='ltr'>quomodolibet</span> <span class='ocrx_word' id='word_1_428' title='bbox 1864 2380 2025 2455; x_wconf 88' lang='lat' dir='ltr'>concessis,</span> <span class='ocrx_word' id='word_1_429' title='bbox 2039 2396 2109 2442; x_wconf 91' lang='lat' dir='ltr'>con·</span> 
     </span>
     <span class='ocr_line' id='line_1_83' title="bbox 1363 2465 2110 2547; baseline 0.009 -22"><span class='ocrx_word' id='word_1_430' title='bbox 1363 2465 1492 2527; x_wconf 85' lang='lat' dir='ltr'>firmatis</span> <span class='ocrx_word' id='word_1_431' title='bbox 1514 2474 1544 2528; x_wconf 92' lang='lat' dir='ltr'>et</span> <span class='ocrx_word' id='word_1_432' title='bbox 1573 2468 1747 2544; x_wconf 84' lang='lat' dir='ltr'>innovatis3</span> <span class='ocrx_word' id='word_1_433' title='bbox 1777 2467 1889 2547; x_wconf 89' lang='lat' dir='ltr'>quibas</span> <span class='ocrx_word' id='word_1_434' title='bbox 1914 2471 2057 2532; x_wconf 78' lang='lat' dir='ltr'>omatibus</span> <span class='ocrx_word' id='word_1_435' title='bbox 2079 2479 2110 2532; x_wconf 91' lang='lat' dir='ltr'>et</span> 
     </span>
    </p>
   </div>
   <div class='ocr_carea' id='block_1_15' title="bbox 1359 2558 2109 3481">
    <p class='ocr_par' dir='ltr' id='par_1_17' title="bbox 1360 2558 2109 3200">
     <span class='ocr_line' id='line_1_84' title="bbox 1361 2558 2108 2643; baseline 0.011 -25"><span class='ocrx_word' id='word_1_436' title='bbox 1361 2558 1504 2635; x_wconf 90' lang='lat' dir='ltr'>singulis,</span> <span class='ocrx_word' id='word_1_437' title='bbox 1530 2559 1656 2622; x_wconf 92' lang='lat' dir='ltr'>illorum</span> <span class='ocrx_word' id='word_1_438' title='bbox 1679 2567 1800 2624; x_wconf 90' lang='lat' dir='ltr'>tenores</span> <span class='ocrx_word' id='word_1_439' title='bbox 1821 2564 2032 2640; x_wconf 88' lang='lat' dir='ltr'>praesentibus</span> <span class='ocrx_word' id='word_1_440' title='bbox 2053 2581 2108 2643; x_wconf 91' lang='lat' dir='ltr'>pro</span> 
     </span>
     <span class='ocr_line' id='line_1_85' title="bbox 1360 2651 2109 2734; baseline 0.011 -22"><span class='ocrx_word' id='word_1_441' title='bbox 1360 2651 1450 2729; x_wconf 90' lang='lat' dir='ltr'>plene</span> <span class='ocrx_word' id='word_1_442' title='bbox 1472 2660 1502 2714; x_wconf 92' lang='lat' dir='ltr'>et</span> <span class='ocrx_word' id='word_1_443' title='bbox 1523 2653 1714 2718; x_wconf 88' lang='lat' dir='ltr'>sufficienter</span> <span class='ocrx_word' id='word_1_444' title='bbox 1735 2657 1887 2734; x_wconf 85' lang='lat' dir='ltr'>expressis</span> <span class='ocrx_word' id='word_1_445' title='bbox 1915 2674 1948 2720; x_wconf 91' lang='grc'>33</span> <span class='ocrx_word' id='word_1_446' title='bbox 1975 2659 2011 2720; x_wconf 89' lang='lat' dir='ltr'>ad</span> <span class='ocrx_word' id='word_1_447' title='bbox 2039 2675 2109 2720; x_wconf 88' lang='lat' dir='ltr'>ver-</span> 
     </span>
     <span class='ocr_line' id='line_1_86' title="bbox 1362 2745 2107 2824; baseline 0.011 -18"><span class='ocrx_word' id='word_1_448' title='bbox 1362 2745 1436 2807; x_wconf 89' lang='lat' dir='ltr'>bum</span> <span class='ocrx_word' id='word_1_449' title='bbox 1456 2745 1580 2808; x_wconf 89' lang='lat' dir='ltr'>insertis</span> <span class='ocrx_word' id='word_1_450' title='bbox 1596 2747 1754 2824; x_wconf 90' lang='lat' dir='ltr'>habentes,</span> <span class='ocrx_word' id='word_1_451' title='bbox 1773 2749 1833 2810; x_wconf 89' lang='lat' dir='ltr'>illis</span> <span class='ocrx_word' id='word_1_452' title='bbox 1848 2750 1921 2812; x_wconf 81' lang='lat' dir='ltr'>aliis</span> <span class='ocrx_word' id='word_1_453' title='bbox 1936 2751 1969 2812; x_wconf 91' lang='lat' dir='ltr'>in</span> <span class='ocrx_word' id='word_1_454' title='bbox 1983 2768 2039 2814; x_wconf 89' lang='lat' dir='ltr'>suo</span> <span class='ocrx_word' id='word_1_455' title='bbox 2061 2768 2107 2814; x_wconf 89' lang='lat' dir='ltr'>ra-</span> 
     </span>
     <span class='ocr_line' id='line_1_87' title="bbox 1362 2839 2109 2922; baseline 0.011 -22"><span class='ocrx_word' id='word_1_456' title='bbox 1362 2839 1435 2902; x_wconf 84' lang='lat' dir='ltr'>bore</span> <span class='ocrx_word' id='word_1_457' title='bbox 1456 2841 1678 2918; x_wconf 89' lang='lat' dir='ltr'>permansuris,</span> <span class='ocrx_word' id='word_1_458' title='bbox 1701 2841 1738 2904; x_wconf 82' lang='lat' dir='ltr'>aul</span> <span class='ocrx_word' id='word_1_459' title='bbox 1759 2845 1998 2922; x_wconf 86' lang='lat' dir='ltr'>praemissorum</span> <span class='ocrx_word' id='word_1_460' title='bbox 2020 2846 2109 2908; x_wconf 89' lang='lat' dir='ltr'>ellec-</span> 
     </span>
     <span class='ocr_line' id='line_1_88' title="bbox 1363 2935 2108 3016; baseline 0.008 -22"><span class='ocrx_word' id='word_1_461' title='bbox 1363 2941 1440 3008; x_wconf 92' lang='lat' dir='ltr'>tum,</span> <span class='ocrx_word' id='word_1_462' title='bbox 1463 2935 1518 2996; x_wconf 89' lang='lat' dir='ltr'>bac</span> <span class='ocrx_word' id='word_1_463' title='bbox 1539 2935 1606 2996; x_wconf 91' lang='lat' dir='ltr'>vice</span> <span class='ocrx_word' id='word_1_464' title='bbox 1627 2936 1800 3011; x_wconf 79' lang='lat' dir='ltr'>dumtaxat,</span> <span class='ocrx_word' id='word_1_465' title='bbox 1822 2937 1994 3016; x_wconf 88' lang='lat' dir='ltr'>specialiter</span> <span class='ocrx_word' id='word_1_466' title='bbox 2010 2947 2041 3002; x_wconf 92' lang='grc'>31</span> <span class='ocrx_word' id='word_1_467' title='bbox 2055 2957 2108 3002; x_wconf 89' lang='lat' dir='ltr'>ex-</span> 
     </span>
     <span class='ocr_line' id='line_1_89' title="bbox 1362 3029 2107 3112; baseline 0.011 -25"><span class='ocrx_word' id='word_1_468' title='bbox 1362 3041 1462 3104; x_wconf 89' lang='lat' dir='ltr'>presse</span> <span class='ocrx_word' id='word_1_469' title='bbox 1478 3030 1672 3106; x_wconf 87' lang='lat' dir='ltr'>derogamus;</span> <span class='ocrx_word' id='word_1_470' title='bbox 1685 3029 1857 3109; x_wconf 90' lang='lat' dir='ltr'>ceterisque</span> <span class='ocrx_word' id='word_1_471' title='bbox 1868 3033 2030 3094; x_wconf 89' lang='lat' dir='ltr'>contrariis</span> <span class='ocrx_word' id='word_1_472' title='bbox 2041 3035 2107 3112; x_wconf 90' lang='lat' dir='ltr'>qui·</span> 
     </span>
     <span class='ocr_line' id='line_1_90' title="bbox 1361 3121 1565 3200; baseline -0.005 -18"><span class='ocrx_word' id='word_1_473' title='bbox 1361 3121 1565 3200; x_wconf 88' lang='lat' dir='ltr'>boscumque.</span> 
     </span>
    </p>

    <p class='ocr_par' dir='ltr' id='par_1_18' title="bbox 1359 3215 2107 3481">
     <span class='ocr_line' id='line_1_91' title="bbox 1400 3215 2105 3296; baseline 0.009 -20"><span class='ocrx_word' id='word_1_474' title='bbox 1400 3215 1512 3276; x_wconf 87' lang='lat' dir='ltr'>Datum</span> <span class='ocrx_word' id='word_1_475' title='bbox 1527 3215 1653 3290; x_wconf 86' lang='lat' dir='ltr'>Romae,</span> <span class='ocrx_word' id='word_1_476' title='bbox 1665 3215 1744 3294; x_wconf 91' lang='lat' dir='ltr'>apud</span> <span class='ocrx_word' id='word_1_477' title='bbox 1761 3217 1791 3280; x_wconf 89' lang='lat' dir='ltr'>S.</span> <span class='ocrx_word' id='word_1_478' title='bbox 1807 3218 1933 3279; x_wconf 91' lang='lat' dir='ltr'>Mariam</span> <span class='ocrx_word' id='word_1_479' title='bbox 1949 3219 2105 3296; x_wconf 85' lang='lat' dir='ltr'>Maiorem,</span> 
     </span>
     <span class='ocr_line' id='line_1_92' title="bbox 1359 3308 2107 3390; baseline 0.008 -22"><span class='ocrx_word' id='word_1_480' title='bbox 1359 3308 1417 3370; x_wconf 89' lang='lat' dir='ltr'>sub</span> <span class='ocrx_word' id='word_1_481' title='bbox 1437 3308 1554 3370; x_wconf 93' lang='lat' dir='ltr'>annulo</span> <span class='ocrx_word' id='word_1_482' title='bbox 1575 3309 1751 3384; x_wconf 91' lang='lat' dir='ltr'>Piscatoris,</span> <span class='ocrx_word' id='word_1_483' title='bbox 1775 3311 1824 3372; x_wconf 88' lang='lat' dir='ltr'>die</span> <span class='ocrx_word' id='word_1_484' title='bbox 1845 3327 1900 3372; x_wconf 91' lang='lat' dir='ltr'>vn.</span> <span class='ocrx_word' id='word_1_485' title='bbox 1924 3313 2107 3390; x_wconf 88' lang='lat' dir='ltr'>septembris</span> 
     </span>
     <span class='ocr_line' id='line_1_93' title="bbox 1361 3403 2071 3481; baseline 0.006 -17"><span class='ocrx_word' id='word_1_486' title='bbox 1361 3417 1541 3477; x_wconf 75' lang='lat' dir='ltr'>nuscanum,</span> <span class='ocrx_word' id='word_1_487' title='bbox 1564 3403 1759 3481; x_wconf 83' lang='lat' dir='ltr'>pontificatus</span> <span class='ocrx_word' id='word_1_488' title='bbox 1781 3405 1879 3468; x_wconf 89' lang='lat' dir='ltr'>nostri</span> <span class='ocrx_word' id='word_1_489' title='bbox 1897 3421 1980 3468; x_wconf 91' lang='lat' dir='ltr'>anuo</span> <span class='ocrx_word' id='word_1_490' title='bbox 1995 3423 2071 3468; x_wconf 87' lang='lat' dir='ltr'>xvrr.</span> 
     </span>
    </p>
   </div>
   <div class='ocr_carea' id='block_1_16' title="bbox 1696 3687 1772 3750">
    <p class='ocr_par' dir='ltr' id='par_1_19' title="bbox 1696 3687 1772 3750">
     <span class='ocr_line' id='line_1_94' title="bbox 1696 3687 1772 3750; baseline -0.026 -2"><span class='ocrx_word' id='word_1_491' title='bbox 1696 3687 1772 3750; x_wconf 88' lang='lat' dir='ltr'>LVl.</span> 
     </span>
    </p>
   </div>
   <div class='ocr_carea' id='block_1_17' title="bbox 1363 3872 2107 4334">
    <p class='ocr_par' dir='ltr' id='par_1_20' title="bbox 1363 3872 2107 4334">
     <span class='ocr_line' id='line_1_95' title="bbox 1363 3872 2105 3954; baseline 0.011 -19"><span class='ocrx_word' id='word_1_492' title='bbox 1363 3873 1436 3936; x_wconf 76' lang='lat' dir='ltr'>llicit</span> <span class='ocrx_word' id='word_1_493' title='bbox 1459 3872 1643 3954; x_wconf 76' lang='lat' dir='ltr'>beraeficiuna</span> <span class='ocrx_word' id='word_1_494' title='bbox 1666 3876 1700 3938; x_wconf 87' lang='lat' dir='ltr'>ia</span> <span class='ocrx_word' id='word_1_495' title='bbox 1728 3878 1859 3942; x_wconf 85' lang='grc'>33313313</span> <span class='ocrx_word' id='word_1_496' title='bbox 1884 3878 1938 3942; x_wconf 87' lang='lat' dir='ltr'>SS.</span> <span class='ocrx_word' id='word_1_497' title='bbox 1963 3880 2054 3942; x_wconf 86' lang='lat' dir='ltr'>Petri</span> <span class='ocrx_word' id='word_1_498' title='bbox 2074 3888 2105 3942; x_wconf 88' lang='grc'>31</span> 
     </span>
     <span class='ocr_line' id='line_1_96' title="bbox 1397 3970 2106 4053; baseline 0.003 -18"><span class='ocrx_word' id='word_1_499' title='bbox 1397 3970 1580 4035; x_wconf 84' lang='lat' dir='ltr'>Marcellini</span> <span class='ocrx_word' id='word_1_500' title='bbox 1595 3972 2106 4053; x_wconf 69' lang='grc'>[3331313333133331113333333133-</span> 
     </span>
     <span class='ocr_line' id='line_1_97' title="bbox 1397 4068 2107 4146; baseline 0.006 -20"><span class='ocrx_word' id='word_1_501' title='bbox 1397 4081 1470 4127; x_wconf 82' lang='grc'>3333</span> <span class='ocrx_word' id='word_1_502' title='bbox 1500 4068 1742 4130; x_wconf 83' lang='lat' dir='ltr'>Maronitarum</span> <span class='ocrx_word' id='word_1_503' title='bbox 1770 4083 1866 4146; x_wconf 87' lang='lat' dir='ltr'>prope</span> <span class='ocrx_word' id='word_1_504' title='bbox 1896 4071 2107 4132; x_wconf 78' lang='grc'>1113333313-</span> 
     </span>
     <span class='ocr_line' id='line_1_98' title="bbox 1396 4159 2104 4239; baseline 0.011 -21"><span class='ocrx_word' id='word_1_505' title='bbox 1396 4159 1478 4221; x_wconf 88' lang='lat' dir='ltr'>siam</span> <span class='ocrx_word' id='word_1_506' title='bbox 1500 4167 1614 4232; x_wconf 86' lang='lat' dir='ltr'>erecto,</span> <span class='ocrx_word' id='word_1_507' title='bbox 1638 4161 1814 4239; x_wconf 83' lang='lat' dir='ltr'>usquedum</span> <span class='ocrx_word' id='word_1_508' title='bbox 1837 4163 1934 4224; x_wconf 86' lang='lat' dir='ltr'>iidem</span> <span class='ocrx_word' id='word_1_509' title='bbox 1955 4163 2104 4227; x_wconf 82' lang='lat' dir='ltr'>naouaclti</span> 
     </span>
     <span class='ocr_line' id='line_1_99' title="bbox 1397 4253 1914 4334; baseline 0.004 -20"><span class='ocrx_word' id='word_1_510' title='bbox 1397 4253 1433 4314; x_wconf 87' lang='lat' dir='ltr'>in</span> <span class='ocrx_word' id='word_1_511' title='bbox 1455 4267 1487 4314; x_wconf 88' lang='lat' dir='ltr'>ca</span> <span class='ocrx_word' id='word_1_512' title='bbox 1511 4253 1649 4330; x_wconf 84' lang='lat' dir='ltr'>bospitio</span> <span class='ocrx_word' id='word_1_513' title='bbox 1670 4263 1838 4318; x_wconf 81' lang='lat' dir='ltr'>morentur</span> <span class='ocrx_word' id='word_1_514' title='bbox 1857 4255 1914 4334; x_wconf 90' lang='lat' dir='ltr'>(l).</span> 
     </span>
    </p>
   </div>
   <div class='ocr_carea' id='block_1_18' title="bbox 1518 4435 1944 4508">
    <p class='ocr_par' dir='ltr' id='par_1_21' title="bbox 1518 4435 1944 4508">
     <span class='ocr_line' id='line_1_100' title="bbox 1518 4435 1944 4508; baseline 0.014 -6"><span class='ocrx_word' id='word_1_515' title='bbox 1518 4435 1703 4504; x_wconf 73' lang='grc' dir='ltr'>01ΕΜΕΝ8</span> <span class='ocrx_word' id='word_1_516' title='bbox 1728 4437 1944 4508; x_wconf 72' lang='lat' dir='ltr'>[aracaeus</span> 
     </span>
    </p>
   </div>
   <div class='ocr_carea' id='block_1_19' title="bbox 1485 4603 1983 4815">
    <p class='ocr_par' dir='ltr' id='par_1_22' title="bbox 1485 4603 1983 4815">
     <span class='ocr_line' id='line_1_101' title="bbox 1551 4603 1914 4671; baseline 0.014 -5"><span class='ocrx_word' id='word_1_517' title='bbox 1551 4615 1658 4666; x_wconf 86' lang='lat' dir='ltr'>servus</span> <span class='ocrx_word' id='word_1_518' title='bbox 1681 4617 1836 4670; x_wconf 87' lang='lat' dir='ltr'>servorun</span> <span class='ocrx_word' id='word_1_519' title='bbox 1860 4603 1914 4671; x_wconf 83' lang='grc'>1131</span> 
     </span>
     <span class='ocr_line' id='line_1_102' title="bbox 1485 4721 1983 4815; baseline 0.01 -28"><span class='ocrx_word' id='word_1_520' title='bbox 1485 4721 1521 4815; x_wconf 80' lang='lat' dir='ltr'>ad</span> <span class='ocrx_word' id='word_1_521' title='bbox 1543 4728 1715 4805; x_wconf 85' lang='lat' dir='ltr'>perpetuam</span> <span class='ocrx_word' id='word_1_522' title='bbox 1738 4725 1781 4791; x_wconf 91' lang='grc'>331</span> <span class='ocrx_word' id='word_1_523' title='bbox 1805 4726 1983 4792; x_wconf 87' lang='lat' dir='ltr'>memorien.</span> 
     </span>
    </p>
   </div>
   <div class='ocr_carea' id='block_1_20' title="bbox 1397 4911 2294 4998">
    <p class='ocr_par' dir='ltr' id='par_1_23' title="bbox 1397 4911 2294 4998">
     <span class='ocr_line' id='line_1_103' title="bbox 1397 4911 2294 4998; baseline 0.004 -23"><span class='ocrx_word' id='word_1_524' title='bbox 1397 4911 1650 4990; x_wconf 89' lang='lat' dir='ltr'>Supereminenti</span> <span class='ocrx_word' id='word_1_525' title='bbox 1666 4915 1699 4975; x_wconf 91' lang='lat' dir='ltr'>B.</span> <span class='ocrx_word' id='word_1_526' title='bbox 1714 4915 1796 4978; x_wconf 84' lang='lat' dir='ltr'>Petri</span> <span class='ocrx_word' id='word_1_527' title='bbox 1814 4917 1962 4996; x_wconf 84' lang='lat' dir='ltr'>Principis</span> <span class='ocrx_word' id='word_1_528' title='bbox 1978 4919 2105 4998; x_wconf 75' lang='grc'>133313-</span> <span class='ocrx_word' id='word_1_529' title='bbox 2152 4935 2294 4982; x_wconf 73' lang='lat' dir='ltr'>exoratum.</span> 
     </span>
    </p>
   </div>
   <div class='ocr_carea' id='block_1_21' title="bbox 1354 5005 2103 5838">
    <p class='ocr_par' dir='ltr' id='par_1_24' title="bbox 1354 5005 2103 5838">
     <span class='ocr_line' id='line_1_104' title="bbox 1356 5005 2103 5090; baseline 0.012 -24"><span class='ocrx_word' id='word_1_530' title='bbox 1356 5005 1456 5067; x_wconf 91' lang='lat' dir='ltr'>lorum</span> <span class='ocrx_word' id='word_1_531' title='bbox 1479 5007 1641 5083; x_wconf 78' lang='lat' dir='ltr'>Catlredrd,</span> <span class='ocrx_word' id='word_1_532' title='bbox 1657 5009 1776 5069; x_wconf 88' lang='lat' dir='ltr'>meritis</span> <span class='ocrx_word' id='word_1_533' title='bbox 1799 5009 1869 5072; x_wconf 90' lang='lat' dir='ltr'>licet</span> <span class='ocrx_word' id='word_1_534' title='bbox 1888 5011 2057 5090; x_wconf 88' lang='lat' dir='ltr'>imparibus</span> <span class='ocrx_word' id='word_1_535' title='bbox 2072 5022 2103 5075; x_wconf 88' lang='lat' dir='ltr'>et</span> 
     </span>
     <span class='ocr_line' id='line_1_105' title="bbox 1354 5099 2101 5180; baseline 0.011 -22"><span class='ocrx_word' id='word_1_536' title='bbox 1354 5099 1460 5161; x_wconf 71' lang='lat' dir='ltr'>&lt;livini</span> <span class='ocrx_word' id='word_1_537' title='bbox 1481 5101 1524 5162; x_wconf 91' lang='grc'>313</span> <span class='ocrx_word' id='word_1_538' title='bbox 1544 5099 1726 5179; x_wconf 85' lang='lat' dir='ltr'>disponente</span> <span class='ocrx_word' id='word_1_539' title='bbox 1748 5101 1914 5165; x_wconf 81' lang='lat' dir='ltr'>clementia</span> <span class='ocrx_word' id='word_1_540' title='bbox 1929 5106 2101 5180; x_wconf 89' lang='lat' dir='ltr'>constituti,</span> 
     </span>
     <span class='ocr_line' id='line_1_106' title="bbox 1355 5192 2102 5278; baseline 0.012 -26"><span class='ocrx_word' id='word_1_541' title='bbox 1355 5192 1428 5254; x_wconf 88' lang='lat' dir='ltr'>adeo</span> <span class='ocrx_word' id='word_1_542' title='bbox 1451 5193 1585 5256; x_wconf 89' lang='lat' dir='ltr'>libenter</span> <span class='ocrx_word' id='word_1_543' title='bbox 1606 5194 1810 5272; x_wconf 88' lang='lat' dir='ltr'>intendimus,</span> <span class='ocrx_word' id='word_1_544' title='bbox 1827 5214 1882 5276; x_wconf 88' lang='lat' dir='ltr'>per</span> <span class='ocrx_word' id='word_1_545' title='bbox 1903 5215 1981 5277; x_wconf 91' lang='lat' dir='ltr'>quae</span> <span class='ocrx_word' id='word_1_546' title='bbox 2003 5200 2102 5278; x_wconf 92' lang='lat' dir='ltr'>bospi-</span> 
     </span>
     <span class='ocr_line' id='line_1_107' title="bbox 1356 5285 2101 5363; baseline 0.012 -17"><span class='ocrx_word' id='word_1_547' title='bbox 1356 5285 1447 5348; x_wconf 88' lang='grc'>11331</span> <span class='ocrx_word' id='word_1_548' title='bbox 1469 5289 1626 5363; x_wconf 88' lang='lat' dir='ltr'>regulares</span> <span class='ocrx_word' id='word_1_549' title='bbox 1658 5289 1768 5352; x_wconf 91' lang='lat' dir='ltr'>domus</span> <span class='ocrx_word' id='word_1_550' title='bbox 1790 5292 1821 5351; x_wconf 96' lang='lat' dir='ltr'>in</span> <span class='ocrx_word' id='word_1_551' title='bbox 1843 5291 1922 5354; x_wconf 78' lang='lat' dir='ltr'>alma</span> <span class='ocrx_word' id='word_1_552' title='bbox 1944 5293 2026 5356; x_wconf 88' lang='lat' dir='ltr'>Urbe</span> <span class='ocrx_word' id='word_1_553' title='bbox 2048 5309 2101 5355; x_wconf 92' lang='lat' dir='ltr'>no-</span> 
     </span>
     <span class='ocr_line' id='line_1_108' title="bbox 1354 5379 2103 5460; baseline 0.016 -22"><span class='ocrx_word' id='word_1_554' title='bbox 1354 5385 1414 5440; x_wconf 92' lang='lat' dir='ltr'>stra</span> <span class='ocrx_word' id='word_1_555' title='bbox 1437 5379 1473 5441; x_wconf 89' lang='lat' dir='ltr'>ad</span> <span class='ocrx_word' id='word_1_556' title='bbox 1492 5380 1591 5443; x_wconf 90' lang='lat' dir='ltr'>divini</span> <span class='ocrx_word' id='word_1_557' title='bbox 1607 5383 1708 5444; x_wconf 90' lang='lat' dir='ltr'>cultus</span> <span class='ocrx_word' id='word_1_558' title='bbox 1723 5395 1928 5460; x_wconf 90' lang='lat' dir='ltr'>augmentum</span> <span class='ocrx_word' id='word_1_559' title='bbox 1944 5396 2103 5450; x_wconf 91' lang='lat' dir='ltr'>construc-</span> 
     </span>
     <span class='ocr_line' id='line_1_109' title="bbox 1356 5478 2102 5558; baseline 0.013 -25"><span class='ocrx_word' id='word_1_560' title='bbox 1356 5481 1383 5534; x_wconf 89' lang='lat' dir='ltr'>la</span> <span class='ocrx_word' id='word_1_561' title='bbox 1404 5489 1459 5534; x_wconf 89' lang='lat' dir='ltr'>seu</span> <span class='ocrx_word' id='word_1_562' title='bbox 1482 5482 1676 5537; x_wconf 88' lang='lat' dir='ltr'>constructae</span> <span class='ocrx_word' id='word_1_563' title='bbox 1704 5478 1820 5554; x_wconf 89' lang='lat' dir='ltr'>possint</span> <span class='ocrx_word' id='word_1_564' title='bbox 1849 5495 1972 5558; x_wconf 89' lang='lat' dir='ltr'>semper</span> <span class='ocrx_word' id='word_1_565' title='bbox 1993 5498 2102 5543; x_wconf 90' lang='lat' dir='ltr'>manu·</span> 
     </span>
     <span class='ocr_line' id='line_1_110' title="bbox 1356 5567 2101 5651; baseline 0.016 -25"><span class='ocrx_word' id='word_1_566' title='bbox 1356 5567 1465 5642; x_wconf 89' lang='lat' dir='ltr'>teneri,</span> <span class='ocrx_word' id='word_1_567' title='bbox 1490 5574 1520 5628; x_wconf 91' lang='lat' dir='ltr'>et</span> <span class='ocrx_word' id='word_1_568' title='bbox 1542 5584 1650 5631; x_wconf 90' lang='lat' dir='ltr'>eorum</span> <span class='ocrx_word' id='word_1_569' title='bbox 1672 5587 1726 5632; x_wconf 89' lang='lat' dir='ltr'>sea</span> <span class='ocrx_word' id='word_1_570' title='bbox 1748 5587 1855 5634; x_wconf 91' lang='lat' dir='ltr'>earum</span> <span class='ocrx_word' id='word_1_571' title='bbox 1874 5573 2052 5651; x_wconf 90' lang='lat' dir='ltr'>indigentiis</span> <span class='ocrx_word' id='word_1_572' title='bbox 2068 5593 2101 5638; x_wconf 92' lang='lat' dir='ltr'>ac</span> 
     </span>
     <span class='ocr_line' id='line_1_111' title="bbox 1355 5660 2100 5746; baseline 0.016 -27"><span class='ocrx_word' id='word_1_573' title='bbox 1355 5660 1587 5722; x_wconf 87' lang='lat' dir='ltr'>necessitatibus</span> <span class='ocrx_word' id='word_1_574' title='bbox 1602 5661 1764 5725; x_wconf 88' lang='lat' dir='ltr'>adiutrices</span> <span class='ocrx_word' id='word_1_575' title='bbox 1776 5667 1965 5744; x_wconf 88' lang='lat' dir='ltr'>porrigimus</span> <span class='ocrx_word' id='word_1_576' title='bbox 1977 5685 2100 5746; x_wconf 90' lang='lat' dir='ltr'>manus,</span> 
     </span>
     <span class='ocr_line' id='line_1_112' title="bbox 1355 5753 2101 5838; baseline 0.017 -28"><span class='ocrx_word' id='word_1_577' title='bbox 1355 5759 1446 5830; x_wconf 88' lang='lat' dir='ltr'>prout</span> <span class='ocrx_word' id='word_1_578' title='bbox 1468 5753 1618 5831; x_wconf 90' lang='lat' dir='ltr'>locorum,</span> <span class='ocrx_word' id='word_1_579' title='bbox 1646 5763 1824 5834; x_wconf 89' lang='lat' dir='ltr'>temporum</span> <span class='ocrx_word' id='word_1_580' title='bbox 1846 5767 1877 5820; x_wconf 90' lang='lat' dir='ltr'>et</span> <span class='ocrx_word' id='word_1_581' title='bbox 1898 5776 2101 5838; x_wconf 89' lang='lat' dir='ltr'>personarum</span> 
     </span>
    </p>
   </div>
   <div class='ocr_carea' id='block_1_22' title="bbox 0 0 2444 6982">
    <p class='ocr_par' dir='ltr' id='par_1_25' title="bbox 0 0 2444 6982">
     <span class='ocr_line' id='line_1_113' title="bbox 0 0 2444 6982; baseline 0 2"><span class='ocrx_word' id='word_1_582' title='bbox 0 0 2444 6982; x_wconf 95' lang='lat' dir='ltr'> </span> 
     </span>
    </p>
   </div>
  </div>
 </body>
</html>
