4836 6998
92 565 146 620 An.
160 566 191 619 G.
213 561 284 620 1722

115 4179 195 4239 lieres
209 4177 311 4234 provin-

104 4241 150 4276 ciae
170 4236 195 4278 et
217 4241 311 4278 caiisae

104 4339 224 4384 cessionis.

939 575 1146 626 lNNOOENl'lUS
1168 574 1238 626 xiil.

353 699 372 774 ἓ
393 699 421 760 li.
444 697 514 762 Non
536 697 727 762 obstantibus
741 698 1014 762 constitutionibus
1030 707 1060 761 et

314 793 558 856 ordinationibus
579 793 760 872 apostolicis,
783 808 904 856 necnon
927 792 1061 872 praedic-

315 897 418 951 torum
449 887 571 950 Ordinis
592 895 623 948 et
643 887 831 965 provinciae,
864 886 959 948 etiam
980 886 1060 947 iura-

314 988 433 1055 mento,
450 981 685 1042 confirmatione
699 981 873 1059 apostolici,
889 981 939 1042 vel
954 982 1061 1059 quavis

315 1075 462 1138 sumitate
482 1075 541 1136 alib
563 1074 722 1148 roboratis,
739 1075 861 1136 statutis
881 1081 912 1136 et
933 1089 1061 1136 eonsue-

316 1169 491 1242 iodinibus,
525 1167 695 1246 privilegiis
724 1184 858 1246 quoque,
882 1167 1010 1230 indultis
1031 1175 1062 1230 et

316 1263 429 1325 litteris
450 1261 621 1340 apostolicis
642 1261 673 1322 in
700 1261 890 1322 contrariom
918 1261 1063 1342 praemis-

316 1373 422 1418 sorum
443 1355 675 1434 quomodolibet
696 1355 857 1428 concessis,
874 1354 1063 1416 confirmatis

317 1458 348 1512 et
369 1449 539 1524 innovatis;
562 1448 675 1526 quibus
701 1448 846 1508 omnibus
868 1455 899 1508 et
919 1447 1062 1524 singolis,

318 1544 444 1606 illorum
468 1550 590 1604 tenores
611 1541 823 1620 praesentibus
845 1557 900 1619 pro
921 1540 1013 1619 plene
1032 1548 1064 1601 et

317 1637 509 1698 sullicienier
528 1635 678 1714 expressis
694 1636 776 1697 acad
792 1635 924 1696 verbum
941 1632 1064 1695 insertis

318 1730 476 1804 babentes
499 1728 559 1790 illis
580 1728 652 1788 alias
673 1729 706 1790 in
726 1743 782 1790 suo
797 1727 908 1788 robore
922 1743 1065 1806 perman·

318 1823 410 1896 suris,
432 1825 467 1884 ad
489 1822 729 1901 praemissorum
750 1823 905 1895 ellectum,
922 1821 977 1883 bac
998 1821 1066 1882 vice

319 1918 488 1990 domarat,
520 1915 690 1995 specialiter
710 1923 741 1976 et
768 1931 911 1994 expresse
940 1916 1065 1990 deroga·

320 2028 407 2086 mus3
430 2011 601 2088 ceterisque
620 2009 784 2072 contrariis
805 2009 1062 2087 quibuscumque.

360 2105 379 2180 ἓ
399 2104 429 2164 5.
450 2103 605 2166 Volumus
618 2112 722 2164 autern
738 2109 773 2164 ut
787 2093 967 2164 earumdem
982 2117 1068 2180 pree-

320 2197 458 2260 sentium
474 2197 647 2259 litterarum
663 2195 876 2274 transumptis,
892 2211 947 2256 seu
963 2210 1066 2256 exeni-

322 2291 390 2370 plis,
406 2291 499 2352 etiam
516 2289 682 2368 impressis,
699 2305 793 2350 manu
812 2288 940 2350 alicuius
955 2287 1066 2349 notarii

324 2383 437 2462 publici
468 2382 659 2459 subscriptis,
686 2389 718 2443 et
737 2381 838 2458 sigillo
866 2396 1013 2460 personae
1035 2381 1066 2441 iii

322 2476 520 2539 ecclesiastici
541 2475 695 2552 dignitate
714 2475 900 2536 constitutae
920 2473 1066 2548 monitis,

323 2570 429 2632 eadem
450 2585 575 2648 prorsus
600 2569 675 2632 sides
702 2568 816 2646 ubique
844 2568 983 2630 locorum
1005 2573 1068 2628 tarn

324 2666 357 2728 in
379 2664 491 2726 iudicio
513 2677 607 2742 qoam
621 2669 708 2723 extra
723 2661 799 2722 illud
815 2660 974 2734 habeatur,
991 2676 1069 2738 quae

324 2760 398 2837 ipsis
419 2756 631 2836 praesentibus
653 2755 829 2828 baberetur,
845 2754 870 2814 si
892 2753 996 2815 lorent
1018 2769 1071 2813 ex·

324 2853 439 2914 bibliae
459 2850 512 2912 vel
532 2858 682 2911 ostensae.

366 2945 476 3006 Datum
507 2942 637 3016 lioinae,
666 2941 745 3020 apud
772 2941 801 3004 S.
827 2941 952 3004 Mariam
978 2939 1069 3003 llaio-

325 3055 404 3112 rem,
426 3037 484 3100 sub
504 3036 620 3098 annulo
641 3036 808 3109 Piscatoris,
825 3035 873 3096 die
889 3051 973 3094 xxiv.
991 3033 1077 3112 apri.

326 3133 364 3193 lis
385 3146 567 3204 uoccxxii,
587 3127 782 3208 pontificatus
804 3127 902 3189 nostri
923 3142 1005 3188 anno
1026 3143 1048 3186 i.

661 3372 738 3435 liiii.

331 3509 479 3573 Coiicedr't
500 3526 556 3570 sec
577 3508 698 3588 prodes
721 3505 900 3585 irrepistcri'i
923 3520 979 3582 pro
1001 3517 1072 3580 pro·

368 3603 478 3664 iriocid
509 3600 720 3664 Mccboucoud
751 3601 897 3680 fratrum
928 3597 1075 3658 creniito·

369 3715 442 3760 rom
466 3695 496 3759 S.
521 3695 698 3775 diiqusti'ni'
719 3694 731 3770 (
752 3693 774 3771 ).

495 3863 747 3936 innocentius
767 3865 826 3932 ΡΡ.
844 3863 912 3932 lillt.

473 3990 510 4056 ail
531 3989 661 4055 loturam
684 3988 727 4053 rei
749 3987 928 4054 memorien.

371 4169 389 4242 5
413 4167 438 4228 l.
464 4166 585 4245 Exponi
601 4165 687 4228 nobis
702 4180 804 4242 nuper
819 4165 958 4226 iecerunt
974 4159 1076 4223 dilecti

105 4287 235 4339 praesentis
250 4296 312 4330 eon·
332 4260 387 4322 silii
409 4259 518 4321 iratres
532 4259 707 4337 provinciae
723 4257 941 4320 llecboacanae
955 4255 1077 4320 Ordinis

331 4352 534 4414 eremitarum
556 4351 587 4415 S.
611 4351 789 4428 Augustini,
823 4349 916 4428 quod,
949 4365 1021 4412 cuni
1043 4349 1076 4410 in

331 4445 483 4523 praedicta
513 4445 672 4523 provincia
702 4459 757 4504 sex
787 4451 911 4505 tantum
943 4443 974 4504 in
996 4443 1077 4504 sacra

333 4538 486 4614 theologia
516 4538 656 4614 magistri
687 4537 899 4615 reperiantur,
928 4554 961 4598 ac
990 4536 1020 4598 in
1043 4536 1078 4598 ed

331 4633 458 4708 triginta
482 4639 543 4692 tres
562 4639 736 4694 conventos
757 4637 787 4692 et
810 4629 939 4692 trecenti
955 4630 1079 4692 circiter

331 4725 479 4802 religiosi,
508 4732 539 4786 et
560 4741 599 4786 ex
621 4725 655 4786 iis
684 4725 812 4801 triginta
845 4725 984 4798 lectores,
1007 4739 1079 4786 cuni

332 4821 474 4898 quinque
492 4819 640 4894 collegiis,
662 4835 797 4897 quorum
822 4835 921 4880 unum
951 4818 1080 4880 univer·

330 4915 403 4976 sitas
434 4913 527 4976 studii
559 4912 711 4989 generalis
740 4913 857 4986 existit,
880 4927 959 4990 quac
980 4911 1079 4990 prima

332 5006 364 5068 in
387 5007 480 5070 indiis
502 5005 655 5068 institutio
683 5005 752 5082 iiiii,
777 5012 998 5079 numerentur,
1022 5003 1078 5083 ipsi

332 5105 523 5178 exponentes
543 5099 701 5160 senarium
723 5097 899 5160 buiusmodi
919 5097 1079 5173 magistro·

313 5208 406 5254 rum
427 5208 596 5254 numerum
618 5193 653 5254 ad
675 5191 901 5253 duodenarium
923 5192 1008 5254 iuxta
1029 5192 1082 5254 de-

333 5293 454 5348 cretum
474 5286 642 5348 delinitorii
674 5286 827 5362 generalis
852 5285 973 5349 Ordinis
995 5301 1080 5363 prae-

333 5379 405 5442 dicti
428 5380 597 5442 novissime
617 5380 761 5442 celebrati
781 5379 889 5456 augeri
911 5395 998 5458 posse
1013 5379 1080 5458 plu·

334 5473 452 5536 rimom
473 5472 660 5535 desiderant.
683 5473 776 5535 Nobis
796 5481 958 5552 propterea
980 5473 1080 5534 bumi-

334 5565 406 5626 liter
429 5565 593 5644 supplicari
617 5566 767 5640 iecerunt,
791 5566 880 5628 utin
906 5565 1081 5643 praemissis

336 5671 509 5740 opportune
530 5661 692 5740 providere
713 5668 744 5722 et
766 5667 800 5721 ut
822 5659 900 5722 inira
916 5659 1081 5736 indulgere

335 5753 373 5815 de
393 5753 584 5831 benignitate
605 5753 767 5833 apostolici
788 5753 1000 5830 dignaremur.

383 5967 412 6024 (l)
428 5968 465 6012 Ex
480 5968 583 6024 Regest.
601 5967 627 6011 in
642 5967 716 6012 arcii.
733 5971 804 6014 Brer.

1783 553 1841 622 355
1893 560 1945 612 du.
1960 559 1990 612 O.
2012 555 2080 610 1722

1155 698 1223 772 52.
1248 696 1309 759 Nos
1340 695 1447 774 igitur,
1472 696 1550 776 ipsos
1583 703 1774 778 exponentes
1794 713 1861 776 spe·
1904 705 2035 752 concessio
2050 714 2093 750 sei

1115 793 1242 854 cialibus
1274 791 1428 854 favoribus
1449 799 1480 852 et
1508 791 1612 866 gratiis
1644 789 1787 869 prosequi
1809 806 1862 851 vo·
1880 761 2095 871 ξξξὼῖξξῗὸήῑιξξὲ

1116 886 1226 960 lentes,
1243 893 1273 946 et
1294 900 1404 946 eorum
1419 884 1591 960 singulares
1606 899 1750 963 personas
1765 901 1780 944 a
1797 884 1863 962 qui·
1881 873 2087 968 {loffssisossirfiuffn

1117 981 1222 1043 busvis
1240 977 1579 1053 excommunicationis
1601 979 1812 1056 suspensionis
1833 987 1865 1040 et

1117 1071 1285 1146 interdicti,
1309 1072 1438 1148 aliisque
1459 1071 1668 1134 ecclesiasticis
1688 1073 1863 1146 sententiis,

1119 1166 1254 1230 censuris
1279 1173 1310 1226 et
1334 1165 1452 1244 poenis,
1478 1183 1493 1225 a
1516 1165 1584 1227 iure
1604 1165 1656 1227 vel
1676 1167 1713 1229 ab
1738 1167 1866 1228 homine

1118 1260 1226 1339 quavis
1248 1263 1405 1324 occasione
1426 1258 1476 1318 vel
1497 1275 1584 1320 causa
1606 1259 1685 1334 latis,
1706 1260 1732 1320 si
1754 1259 1866 1337 quibus

1118 1354 1349 1433 quomodolibet
1364 1353 1528 1416 innodatae
1548 1354 1698 1428 existunt,
1721 1355 1756 1415 ad
1779 1353 1867 1415 ellec-
1947 1431 1950 1438 ι

1121 1457 1188 1511 tuni
1199 1449 1411 1527 praesentium
1425 1448 1583 1510 dumtaxat
1597 1449 1865 1526 consequendum,

1121 1544 1231 1604 barum
1255 1543 1335 1604 serie
1359 1542 1552 1604 absolventes
1574 1550 1605 1604 et
1630 1541 1783 1603 absolutas
1804 1541 1869 1602 lore

1120 1643 1291 1708 censentes,
1321 1634 1499 1696 huiusmodi
1526 1633 1799 1712 supplicationibus
1822 1633 1867 1694 in-

1121 1727 1237 1800 elinaii,
1250 1727 1288 1789 de
1303 1727 1526 1790 venerabilium
1542 1728 1673 1790 iratrum
1690 1735 1868 1790 nostrorum

1122 1819 1486 1884 sirmondianam
1509 1820 1641 1898 negotiis
1663 1827 1694 1882 et
1716 1820 1870 1882 consulta·

1121 1915 1258 1976 tionibus
1280 1915 1501 1992 Episcoporum
1522 1923 1554 1976 et
1568 1914 1768 1990 Regularium
1785 1930 1869 1992 prae·

1122 2009 1305 2087 positorum,
1325 2010 1378 2087 qui
1399 2009 1582 2070 relationem
1604 2008 1705 2071 dilecti
1728 2007 1783 2068 silli
1805 2023 1870 2068 mo·

1122 2103 1209 2166 derui
1230 2103 1437 2181 procuratoris
1458 2102 1610 2178 generalis
1634 2101 1755 2166 Ordinis
1777 2117 1870 2180 super

1122 2195 1294 2273 praemissis
1318 2196 1434 2258 eisdem
1457 2196 1669 2260 Cardinalibus
1696 2195 1805 2258 iactam
1827 2205 1870 2258 at-

1122 2291 1305 2362 tenderunt,
1327 2291 1467 2363 consilio,
1498 2290 1669 2368 praedictae
1695 2290 1871 2367 provinciae

1124 2383 1339 2446 bleclioacanae
1359 2399 1414 2444 ser
1434 2383 1545 2461 petitos
1567 2385 1680 2461 gradus
1701 2383 1870 2460 magisterii

1124 2477 1156 2538 in
1179 2477 1284 2538 eadem
1302 2477 1385 2538 sacra
1400 2476 1563 2552 theologii,
1581 2486 1642 2538 tres
1657 2475 1801 2540 videlicet
1816 2493 1872 2554 pro

1124 2570 1288 2632 lectoribus
1308 2578 1339 2630 et
1360 2570 1434 2632 alios
1456 2581 1517 2633 tres
1538 2585 1593 2648 pro
1614 2569 1701 2632 verbi
1716 2570 1771 2632 Dei
1786 2585 1870 2647 prae-

1124 2664 1318 2738 dicatoribus,
1346 2663 1527 2726 auctoritate
1555 2663 1735 2741 apostolica,
1764 2671 1873 2725 tenore

1124 2757 1345 2836 praesentium,
1358 2755 1565 2820 concedimus:
1583 2756 1664 2818 salva
1679 2765 1781 2818 tamen
1793 2773 1872 2818 sein-

1125 2868 1180 2930 per
1194 2852 1227 2912 in
1239 2851 1411 2928 praemissis
1425 2851 1606 2914 auctoritate
1617 2851 1873 2928 congregationis

1126 2945 1307 3008 eorumdem
1331 2944 1551 3008 Cardinalium.

1166 3040 1185 3113 ἓ
1206 3039 1234 3100 3.
1259 3039 1476 3113 Decernentes,
1498 3039 1620 3100 easdem
1635 3051 1810 3118 praesentes
1825 3039 1875 3101 lit·

1128 3142 1206 3194 teras
1233 3147 1357 3210 semper
1388 3133 1507 3207 tirmas,
1540 3133 1653 3196 validas
1681 3141 1713 3195 et
1740 3132 1875 3196 elllcaces

1128 3228 1259 3290 existere
1281 3233 1312 3287 et
1337 3225 1414 3300 iore,
1442 3243 1575 3306 suosque
1601 3226 1753 3303 plenarios
1774 3234 1805 3288 et
1828 3227 1874 3288 iii-

1129 3329 1231 3398 tegros
1252 3321 1378 3382 ellectus
1398 3321 1501 3382 sortiri
1523 3329 1553 3381 et
1574 3321 1726 3396 obtinere,
1746 3337 1779 3382 ac
1801 3321 1872 3396 illis,

1129 3417 1165 3479 ad
1190 3431 1266 3493 quos
1294 3421 1409 3494 spectat
1430 3423 1460 3476 et
1488 3429 1543 3492 pro
1572 3421 1711 3496 tempore
1739 3417 1875 3492 quando·

1128 3524 1262 3587 cumque
1277 3508 1436 3586 spectabit,
1448 3509 1480 3570 in
1497 3507 1641 3570 omnibus
1657 3516 1688 3570 et
1702 3524 1757 3586 per
1772 3509 1876 3569 omnia

1130 3602 1308 3681 plenissime
1333 3601 1507 3677 suffragari,
1531 3609 1561 3662 et
1582 3603 1620 3662 ab
1641 3602 1684 3664 eis
1706 3602 1878 3680 respective

1131 3696 1351 3758 inviolabiliter
1372 3695 1541 3769 observari,
1563 3696 1669 3774 sicque
1683 3697 1716 3757 in
1732 3697 1878 3774 praemis·

1130 3791 1170 3852 sis
1191 3805 1247 3868 per
1271 3804 1484 3867 quoscumque
1512 3788 1626 3852 iudices
1655 3789 1825 3852 ordinarios
1846 3797 1878 3852 et

1131 3884 1296 3960 delegatos,
1319 3883 1413 3945 etiam
1428 3899 1589 3946 causarum
1604 3883 1708 3960 palatii
1723 3883 1879 3962 apostolici

1920 3053 2063 3100 clausolae.

1132 3977 1301 4052 auditores,
1330 3977 1456 4039 iudicari
1483 3984 1514 4039 et
1541 3977 1666 4038 deliniri
1693 3977 1822 4052 debere,
1845 3993 1879 4038 ac

1132 4071 1257 4133 irritum
1278 4077 1308 4131 et
1329 4071 1433 4144 inane,
1456 4071 1482 4131 si
1501 4087 1590 4132 secus
1603 4087 1697 4148 super
1711 4071 1758 4132 bis
1773 4088 1788 4131 a
1804 4087 1879 4150 quo-

1132 4179 1237 4243 quam,
1252 4165 1360 4242 quavis
1375 4164 1568 4239 auctoritate,
1579 4165 1713 4227 scienter
1727 4165 1778 4227 vel
1794 4165 1879 4242 igno-

1133 4265 1249 4333 ranter,
1272 4257 1437 4334 contigerit
1458 4259 1614 4320 attentari.

1173 4353 1191 4426 ἓ
1212 4352 1240 4413 q,
1264 4349 1334 4412 Non
1352 4351 1545 4414 obstantibus
1559 4351 1834 4415 constitutionibus
1849 4359 1880 4413 et

1134 4445 1376 4508 ordinationibus
1397 4446 1581 4523 apostolicis,
1601 4461 1723 4510 necnon
1745 4445 1881 4524 praedic-

1133 4547 1237 4601 torum
1265 4538 1387 4602 Ordinis
1408 4547 1440 4600 et
1459 4539 1650 4619 provinciae,
1683 4539 1777 4600 etiam
1799 4539 1879 4600 iura·

1135 4641 1253 4708 mento,
1269 4633 1504 4696 confirmatione
1519 4633 1692 4710 apostolica,
1708 4633 1758 4694 vel
1773 4633 1881 4710 quavis

1134 4728 1281 4788 firmitate
1301 4726 1358 4788 alid
1379 4726 1540 4800 roboratis
1563 4726 1685 4787 statutis
1707 4733 1738 4788 et
1752 4741 1880 4787 consue-

1137 4819 1305 4894 tudinibus,
1334 4819 1505 4896 privilegiis
1533 4835 1668 4897 quoque,
1698 4818 1825 4880 indultis
1851 4827 1882 4880 et

1135 4912 1247 4974 litteris
1268 4911 1439 4990 apostolicis
1461 4913 1494 4972 in
1516 4913 1709 4974 contrarium
1738 4911 1882 4991 praemis·

1135 5022 1240 5067 sorum
1262 5005 1493 5084 quomodolibet
1515 5006 1676 5080 concessis,
1692 5006 1881 5068 confirmatis

1136 5107 1167 5160 et
1188 5097 1362 5172 innovatis;
1385 5098 1497 5175 quibos
1519 5099 1665 5160 omuibus
1686 5106 1717 5160 et
1737 5099 1881 5176 singolis,

1138 5191 1262 5252 illorum
1285 5197 1407 5254 tenores
1429 5192 1641 5269 praesentibus
1662 5207 1717 5270 pro
1739 5192 1830 5270 plene
1852 5201 1883 5254 et

1136 5284 1326 5346 sufficienter
1347 5285 1497 5362 expressis
1521 5302 1554 5346 ac
1575 5287 1611 5348 ad
1632 5285 1765 5347 verbum
1788 5287 1884 5348 iuscr-

1137 5379 1176 5440 tis
1198 5378 1356 5454 babentes,
1379 5378 1441 5439 illis
1461 5379 1532 5440 aliis
1554 5381 1587 5440 in
1609 5395 1664 5442 suo
1685 5379 1796 5442 robore
1817 5397 1884 5459 per·

1138 5472 1303 5547 mansuris,
1329 5472 1365 5533 ad
1387 5473 1625 5551 praemissorum
1650 5473 1807 5546 ellectum,
1831 5474 1885 5535 bac

1137 5567 1204 5627 vice
1226 5567 1401 5641 dumtaxat,
1428 5565 1598 5644 specialiter
1617 5574 1649 5628 et
1671 5582 1814 5644 expresse
1834 5569 1884 5628 de-

1138 5675 1297 5736 rogamos3
1321 5661 1491 5739 ceterisque
1509 5660 1671 5722 contrariis
1686 5661 1884 5740 quibuscum·

1139 5768 1209 5830 que.
