1290 1819
585 173 618 185 tun.
629 173 675 184 ΡοΝτ.
687 172 708 184 uz
718 172 733 184 P.
745 173 759 184 ιι
772 173 813 184 rans
824 173 835 184 1.

376 206 392 220 et
402 204 495 224 protectioni
507 203 576 222 subsint,
587 203 648 223 ipsique
659 203 698 218 Con-

368 227 394 243 itio
401 227 505 243 cardinalium
510 229 526 242 et
531 226 617 247 praefectus
624 226 698 246 deputare

369 253 375 266 t
389 255 439 266 unum
450 255 469 266 ex
480 250 524 266 dictis
538 250 616 265 monacbis
630 249 698 265 aliumve

368 278 441 294 tcumque
453 273 594 289 administratorem
608 277 636 288 seu
650 275 698 288 recto-

369 297 443 313 ecclesiae
450 296 532 317 praefatae,
540 296 566 316 qui
577 296 648 315 linguam
655 296 699 315 abys-

368 325 375 336 rt
389 325 417 337 seu
431 320 532 340 aethiopicam
546 322 561 336 et
575 320 650 340 copticam
665 319 698 335 sive

368 344 429 360 >tiacam
444 347 472 359 nec
486 347 518 359 non
531 343 607 359 arabicam
620 343 698 359 sufficien-

368 367 419 386 alleat,
427 371 444 383 ac
452 367 523 386 epistolas
534 366 601 387 aliasque
608 366 697 386 scripturas,

375 395 395 406 ex
407 391 477 410 Aegypto
490 390 516 405 vel
530 390 610 409 Aethiopia
624 390 642 405 ad
657 394 699 405 eam-

368 414 508 433 Congregationem
514 413 619 429 Gardinalium
625 412 651 428 vel
659 413 698 428 lianc

368 437 408 452 idem
419 441 446 456 pro
454 438 524 456 tompore
534 436 664 452 transmittuntur
675 436 698 451 in-

368 460 406 475 etari
417 460 473 478 valeat,
480 464 497 475 ac
508 459 567 481 debeat,
575 459 644 474 iniuncta
655 463 698 478 prae-

374 483 454 499 monacbis
461 483 541 502 praedictis
550 482 643 501 obligatione
650 482 698 501 Abys-

376 511 404 522 seu
415 506 497 526 Aethiopes
504 508 520 521 et
528 506 584 525 Coptos
594 506 627 521 sive
638 505 698 525 Aegyp·

368 529 461 545 orthodoxos
477 531 508 544 tam
524 529 634 544 ecclesiasticos
651 532 697 548 quam

370 552 410 568 lares
416 552 435 567 ad
442 552 497 567 urbem
504 552 590 567 devotionis
598 553 613 567 et
620 556 661 567 sacra
666 552 697 567 loca

368 575 401 591 endi
412 575 455 591 causa
466 575 548 590 venientes
559 575 624 594 bospitio
632 575 648 590 in
658 575 698 590 eius-

374 598 445 614 domibus
455 598 548 618 excipiendi.

368 622 379 638 i.
390 622 503 640 Decernentes.
518 621 557 641 ipsas
570 624 659 641 praesentes
673 621 698 637 lit-

379 649 440 665 semper
454 645 513 663 firmas,
529 645 587 661 validas
600 647 616 661 et
630 645 697 660 efficaces

368 673 391 684 ire
401 670 416 684 et
426 668 465 687 tore,
476 672 544 688 suosque
557 668 634 688 plenarios
645 670 661 684 et
675 668 698 684 in-

368 696 375 707 s
386 692 449 707 effectus
459 691 511 707 sortiri
522 693 538 707 et
549 691 625 710 obtinere,
633 695 650 707 ac
661 691 696 710 illis,

368 719 391 730 ios
406 716 464 734 spectat
474 717 489 730 et
500 718 528 734 pro
544 716 613 734 tempore
629 714 698 734 quando*

368 742 391 758 iue
398 738 477 758 spectabit,
484 738 500 753 in
508 738 581 753 omnibus
588 739 603 753 et
611 741 638 757 per
646 738 697 753 omnia

368 762 412 777 ssime
422 761 509 780 suflragari.
522 763 537 776 et
548 761 567 776 ab
577 761 599 776 eis
612 761 697 780 respective

368 784 435 800 labiliter
445 784 528 802 observari,
539 784 592 803 sicque
600 784 616 799 in
624 784 697 803 praemis-

368 812 381 823 3r
392 811 498 827 quoscumque
512 807 571 823 iudices
586 807 671 822 ordinarios
682 809 697 822 et

368 833 407 849 atos,
415 831 461 846 etiam
468 834 548 846 causarum
557 830 608 850 palatii
619 830 697 850 apostolici

368 858 408 873 ores,
423 854 486 869 iudicari
500 856 515 869 et
527 853 589 869 definiri
603 853 667 871 debere,
681 857 697 868 ac

368 881 386 893 ,111
394 879 409 893 et
417 877 469 895 inane.
477 877 490 892 si
500 881 544 892 secus
554 881 601 896 super
611 877 635 891 bis
644 880 652 891 a
660 880 697 895 quo-

371 912 375 920 ,
381 900 435 920 quavis
442 900 539 918 auctoritate,
546 900 613 916 scienter
620 899 645 915 vel
654 900 697 919 igno-

368 928 381 943 r,
393 923 476 943 contigerit
486 923 564 939 attentari.

368 947 377 962 i.
389 947 424 962 Non
432 947 528 962 obstantibus
535 946 622 966 praemissis
629 950 651 965 ac,
660 950 697 966 qua-

368 981 369 984 ,
379 974 417 990 opus
424 970 449 988 sit,
458 970 491 989 piae
501 974 548 985 mem.
560 970 602 985 Pauli
611 969 628 985 11.
637 972 653 985 et
660 969 696 985 alio-

369 994 475 1009 ananorum
487 993 580 1008 Pontificum
592 993 696 1012 praedecesso-

369 1017 423 1032 itidem
434 1018 524 1032 nostrorum
535 1017 553 1031 de
564 1016 610 1031 rebus
620 1016 696 1031 Ecclesiae

368 1040 461 1058 alienandis,
473 1039 538 1059 aliisque
552 1039 638 1059 apostolicis
652 1043 669 1054 ac
680 1039 695 1054 in

368 1063 442 1081 irsalibus,
454 1062 573 1082 provincialibus
585 1062 653 1078 conciliis
664 1063 695 1077 edi-

369 1086 457 1102 eneralibus
468 1086 493 1101 vel
501 1086 592 1105 specialibus
599 1086 695 1101 constitutio-

378 1111 394 1125 et
404 1109 532 1127 ordinationibus.
541 1112 569 1124 nec
577 1112 608 1124 non
616 1108 695 1127 ecclesiae,

368 1136 391 1148 :ae
404 1135 419 1148 et
431 1132 492 1148 Ordinis
504 1131 618 1151 praefatorum,
631 1131 695 1151 aliisque

370 1156 402 1171 svis
412 1156 459 1171 etiam
472 1155 565 1173 iuramento,
578 1154 696 1170 confirmatione

368 1179 408 1197 ilica,
419 1178 444 1193 vel
458 1178 512 1198 quavis
525 1178 598 1193 tlrmitate
611 1178 640 1193 alia
650 1178 696 1193 robo-

374 1202 435 1218 statutis
447 1203 462 1217 et
475 1201 619 1219 consuetudinibus,
632 1201 695 1220 privile-

368 1229 430 1245 1uoque,
441 1225 506 1240 indultis
516 1227 532 1240 et
543 1224 598 1240 litteris
609 1224 694 1244 apostolicis

368 1249 442 1264 ntrarium
451 1248 572 1268 praemissorum
579 1247 694 1267 quomodolibet

368 1272 401 1290 ssis‚
417 1271 513 1287 confirmatis
528 1273 544 1286 et
560 1271 642 1286 innovatis.
658 1271 694 1289 Qui-

368 1295 435 1310 imnibus
446 1297 461 1310 et
471 1294 543 1314 singulis.
556 1294 619 1310 illorum
633 1297 694 1310 tenores

368 1318 427 1334 entibus
438 1322 465 1337 pro
479 1318 526 1337 plene
536 1320 551 1333 et
561 1317 658 1333 sufficienter
668 1321 694 1332 ex-

369 1346 376 1356 s
390 1345 407 1357 ac
420 1342 439 1357 de
455 1341 502 1356 verbo
517 1341 536 1356 ad
550 1341 615 1356 verbum
632 1341 694 1356 insertis

368 1367 402 1383 nes,
418 1364 449 1380 illis
464 1364 501 1380 attins
516 1364 532 1379 in
546 1368 575 1379 suc
590 1364 645 1379 robure
659 1368 693 1384 per-

368 1388 405 1407 iris,
416 1388 434 1403 ad
445 1388 566 1407 praemissorum
577 1387 655 1406 ellectum.
667 1387 694 1403 hac

368 1412 448 1430 lumtaxat,
462 1411 548 1431 specialiter
559 1413 574 1427 et
584 1415 656 1431 expresse
668 1412 694 1427 de-

368 1439 397 1454 ins,
409 1435 495 1454 ceterisque
505 1434 586 1450 contrariis
593 1434 694 1454 quibuscum-

368 1512 381 1522 ιι
388 1512 440 1526 nere-t.
448 1511 461 1523 1η
469 1512 506 1523 Aren.
514 1512 550 1523 iit-ev.

747 202 803 218 Datum
816 202 874 218 nomae
889 203 929 222 apud
945 202 961 218 S.
976 202 1039 218 Mariam
1054 202 1100 218 Maio-

727 229 760 241 rem
771 225 800 241 sub
813 225 871 241 annulo
886 225 946 244 Piscat,
960 226 984 241 die
996 229 1022 241 xv.
1035 225 1101 241 ianuarii

728 253 816 265 unccxxxr.
828 249 929 264 Pontificatus
939 249 989 264 nostri
999 253 1041 264 anno
1051 253 1063 264 1.

902 320 927 336 ΙΙΙ.

728 366 815 386 Confirmat
827 367 908 382 decretum
917 366 1051 386 Congreuationie
1063 366 1101 385 Epi·-

746 394 830 409 aecoporum
838 392 853 406 et
861 390 975 410 Reqularium,
986 393 1016 409 quo
1027 391 1100 407 cavetur,

747 417 766 428 m
773 413 863 429 sacerdotes
872 413 939 429 Ordinis
947 412 1052 432 hospitalarii
1061 412 1102 428 San-

747 436 769 452 cti
779 436 862 456 Hippolyti
870 436 951 452 Maximini
959 436 1063 455 praelaturas
1073 435 1101 451 Or-

747 459 790 474 dinis
802 459 873 475 obtinere
883 459 952 478 possint,
965 461 994 474 aut
1008 459 1100 478 provinciae

747 482 840 498 assistentes
851 482 889 502 eliqi
900 482 929 502 (l).

827 524 920 541 emmens
931 525 962 542 ΡΡ.
974 524 1002 541 xtt.

796 555 814 572 sd
827 555 892 572 futuram
903 556 925 572 rei
939 555 1029 572 memoriam.

746 599 755 618 5
767 599 780 614 l.
792 599 874 615 Emanavit
888 603 940 619 nuper
952 603 960 614 a
974 599 1100 618 Congregatione

726 623 840 638 venerabilium
851 622 917 638 fratrum
928 624 1018 638 nostrorum
1030 622 1045 638 S.
1054 622 1072 638 n.
1081 623 1099 638 ΕΑ

726 645 841 664 Cardinalium.
856 646 924 665 negotiis
934 648 950 661 et
960 645 1100 661 consultationibus

726 669 838 688 Episcoporum
846 671 861 684 et
869 669 970 688 Regularium
978 669 1068 688 praeposita,
1075 669 1100 684 de-

725 694 786 708 cretum
797 692 855 708 tenoris
866 692 893 711 qui
903 692 980 712 sequitur,
991 692 1072 708 videlicet:

746 742 755 753 ‹
763 738 861 757 Supplicante
870 738 939 757 generali
947 738 1008 754 Ordinis
1018 738 1099 758 hospitala-

726 761 745 776 rii
753 761 769 777 S.
776 761 849 781 llippoliti
857 761 912 776 ille-<ici
919 765 971 777 sacrae
978 761 1099 781 congregationi

726 785 837 804 Episcoporum
848 786 864 799 et
875 784 976 803 Regularium
989 788 1016 804 pro
1027 785 1099 801 facultate

726 807 792 823 habendi
803 808 819 823 in
830 808 862 823 suis
873 807 974 827 hospitalibus
981 808 1020 823 duos
1030 809 1100 824 sacerdo-

726 833 748 846 tes
759 831 782 846 sui
793 831 862 849 Ordinis,
875 835 906 846 non
918 831 1024 849 obstantibus,
1036 834 1072 850 etc..
1083 834 1099 847 et

725 856 805 869 annuente
813 854 843 873 ips-’l
850 854 891 869 sacra
899 854 1024 873 congregatione
1031 859 1058 874 pro
1066 859 1099 874 gra-

726 877 751 895 tia,
756 877 811 892 additis
817 877 908 896 quibusdam
914 877 1029 893 conditionibus
1034 880 1050 893 et
1056 882 1099 897 prae-

725 900 770 919 cipue
780 900 820 920 quod
835 900 921 915 sacerdotes
932 900 1005 920 praedicti
1020 901 1099 920 regulares

725 924 761 943 eligi
773 927 805 939 non
816 923 874 943 possint
881 923 899 938 ad
906 923 1000 943 praelaturas
1011 924 1097 943 religionis,

725 949 789 966 excepto
800 948 858 965 tamen.
870 947 909 966 quo-l
923 947 982 966 possint
993 951 1026 962 esse
1036 947 1098 963 discreti

725 972 837 988 conventuum,
850 970 919 989 magistri
930 970 1025 985 novitiorum
1036 974 1053 986 ac
1064 975 1098 990 pro-

725 993 784 1008 vinciae
795 994 891 1012 assistentes;
903 993 961 1009 iterum
967 995 1019 1009 orator
1030 994 1062 1013 ipse
1072 994 1097 1009 de-

725 1017 747 1032 dit
758 1021 810 1036 preces
821 1020 849 1036 pro
859 1016 937 1032 deletione
947 1016 1033 1036 praedictae
1044 1021 1097 1037 excep-

725 1040 771 1055 tionis
782 1040 801 1055 ab
811 1040 895 1055 enunciato
906 1040 973 1055 decreto.

744 1063 789 1079 Sacra
796 1063 851 1078 idcirco
856 1063 910 1078 eadem
916 1063 1020 1082 Congregatio
1027 1064 1099 1079 eminen-

724 1086 819 1102 tissimorum
831 1088 846 1101 et
857 1086 1022 1102 reverendissimorum
1034 1087 1096 1103 S.R.E.

724 1109 829 1125 Cardinalinm
845 1109 912 1128 negotiis
928 1111 943 1124 et
959 1110 1097 1126 consultationibus

724 1133 835 1152 Episcoporum
845 1134 861 1148 et
872 1132 973 1151 Regularium
981 1133 1072 1152 praeposita,
1080 1138 1097 1149 re

723 1157 784 1171 mature
795 1156 868 1174 discussa,
880 1155 959 1171 referente
973 1156 1097 1172 eminentissimo

724 1178 799 1195 Cardinali
809 1178 873 1198 Belluga
884 1181 958 1198 ponente,
968 1179 1036 1198 henigne
1044 1180 1098 1195 rescri-

723 1203 760 1222 psit:
772 1207 781 1217 ‹
789 1202 857 1217 Promoti
868 1203 886 1218 ad
896 1206 946 1218 sacros
954 1203 1016 1218 ordines
1024 1207 1056 1218 non
1063 1207 1097 1223 pos-

723 1226 755 1241 sint
765 1225 821 1241 habers
834 1225 902 1245 aliquam
916 1225 1019 1245 praelaturam
1034 1226 1050 1241 in
1061 1226 1097 1241 reli-

723 1249 774 1268 gione,
790 1249 819 1264 nisi
830 1253 866 1264 cum
880 1249 962 1268 apostolica
976 1249 1096 1268 dispensatione,

724 1272 765 1287 iuxta
776 1272 856 1287 decretum
867 1276 917 1287 sacrae
929 1272 1057 1291 Congregationis
1068 1272 1096 1288 sub

723 1295 747 1310 die
758 1299 796 1310 xxx.
808 1295 1002 1314 septembrisnncexxix,
1013 1296 1054 1315 quod
1069 1296 1097 1311 ite-

722 1322 758 1333 rum
769 1318 878 1334 confirmatur:
890 1319 916 1333 sed
925 1320 986 1333 tantum
997 1322 1030 1333 esse
1038 1320 1096 1338 possint

722 1342 783 1357 discreti
797 1343 904 1357 conventuum
915 1343 931 1357 et
946 1341 1016 1361 magistri
1030 1342 1096 1357 novitio>

722 1368 764 1382 rum,
776 1368 808 1379 non
819 1368 857 1379 vero
867 1364 956 1383 provinciae
963 1364 1058 1379 assistentes.
1066 1364 1096 1379 Ro—

722 1391 763 1406 mae,
774 1387 798 1402 die
809 1391 835 1402 xv.
848 1387 900 1402 martii
911 1391 1002 1403 nnccxxxi.

742 1411 786 1426 Gard.
800 1411 902 1426 Fnanmscus
916 1411 1020 1426 Bannenmus
1037 1410 1095 1430 pracfe-

722 1436 761 1450 ctus.
772 1434 790 1449 Α.
802 1434 929 1454 Archiepiscopus
943 1434 1020 1450 Petrensis
1030 1436 1096 1450 secreta⁴

722 1462 754 1473 l'lus
762 1462 777 1472 ).

1116 169 1144 182 An.
1152 169 1169 182 C>
1180 169 1209 182 17³1

1123 600 1176 615 spectu
1183 601 1212 612 hm.

1113 741 1182 756 oneratum
1187 741 1213 752 con-

1108 755 1193 768 vagationis:
