1290 1819
318 164 347 180 17⁶

318 202 353 213 uam
360 203 392 214 non
399 199 528 218 mendicantium,
534 200 625 215 militiarum
633 200 679 215 etiam

315 222 359 237 §ancti
370 222 430 238 loannis
442 223 586 243 Hierosolymitani,
597 226 681 242 congrega-

315 245 374 264 ionum,
385 246 486 264 societatum,
498 251 514 262 ac
525 246 607 262 cuiuslibet
618 246 681 261 alterius

315 269 380 287 nstituti,
387 269 434 284 etiam
445 270 530 285 necessario
541 272 556 285 et
567 270 648 285 individuo
655 273 681 284 ex-

315 292 384 307 ›rimendi
390 304 394 311 ,
414 293 513 309 ecclesiarum
518 305 522 312 ‚
540 293 671 308 monasteriorum
676 304 680 311 ‚

315 317 423 335 onventuum,
439 316 550 336 collegiorum,
568 316 680 336 capitulorum.

315 339 415 358 nospitalium,
426 340 572 355 confraternitatum
585 342 601 355 et
614 339 681 354 aliorum

315 366 443 382 tuorumcumque
452 365 483 378 tam
491 363 592 378 saecularium
603 366 650 382 quarn
657 366 681 378 re-

315 385 385 403 :ularium
396 386 472 404 locorum,
482 390 542 402 necnon
554 386 622 404 illorum,
634 385 681 401 etiam

315 411 405 427 uramento,
420 410 537 425 confirmatione
551 410 641 428 apostolica,
656 409 681 424 vel

315 432 362 451 tuavis
373 433 447 448 firmitate
459 433 487 448 aliti
499 433 580 451 roboratis,
594 433 656 448 statutis
666 434 682 447 et

317 456 454 475 onsuetudinibus,
469 457 516 472 etiarn
528 456 681 474 immemorabilibus,

315 479 394 498 ›rivilegiis
404 483 471 499 quoque,
484 480 547 495 indultis
554 482 570 495 et
581 479 636 495 litteris
647 483 682 499 apo·

317 502 371 520 tolicis,
383 503 429 518 etiam
441 503 484 518 Μαι-ι’
495 507 554 523 maqno
560 507 588 518 seu
596 503 645 518 Baua
653 507 682 518 au-

315 525 337 540 ·ed
347 527 373 541 aut
384 526 420 541 alias
433 527 531 546 nuncupatis,
542 526 571 542 sub
581 526 682 546 quibuscum-

315 553 339 568 tue
350 549 429 564 tenoribus
437 552 452 565 et
459 549 519 568 formis,
527 554 544 565 ac
555 554 591 565 cum
601 549 682 569 quibusvis

315 572 354 587 *tiam
362 572 495 591 derogatoriarum
503 573 609 592 derogatoriis,
617 572 682 591 aliisque

315 595 418 611 zllicacinribus
429 598 444 611 et
456 596 521 611 insolitis
531 595 609 614 clausulis,
621 599 681 611 necnon

315 619 406 635 rritantibus
417 620 489 638 decretis,
500 620 547 635 etiam
558 621 602 635 motu
613 619 681 638 proprio,

315 645 324 658 ει
335 647 353 658 ex
364 643 405 658 ceria
415 643 484 662 scicntia,
497 647 513 658 ac
524 642 543 658 ile
553 643 645 662 apostolicae
655 646 682 662 po-

315 666 368 682 estatis
375 666 478 686 plenitudine,
484 668 511 681 ant
516 666 552 681 alias
560 666 681 686 quomodolibet,

315 690 354 705 *tiam
365 694 393 709 per
403 690 445 705 viam
459 689 604 705 communicationis
617 693 645 704 seu
656 693 682 704 ex-

315 713 383 728 ensionis
398 713 474 728 concessis
488 715 503 728 et
514 713 572 728 iteratis
585 712 644 728 vicibus
657 716 682 731 ap-

315 736 376 752 ›robatis
386 738 401 751 et
412 736 496 755 innovatis,
507 736 567 751 etiamsi
580 740 608 755 pro
618 735 681 751 illorum

316 759 392 775 ufficienti
407 759 508 778 derogatione
520 760 539 775 de
552 759 582 774 illis
595 762 682 778 corumque

316 783 345 798 otis
356 782 436 798 tenoribus
446 784 461 798 et
472 783 526 798 formis
537 782 605 802 specialis
616 785 632 798 et
642 782 682 797 indi-

315 806 361 824 yidua,
369 810 386 821 ac
393 806 412 821 tlc
419 806 467 821 verbo
477 806 496 821 ad
506 806 578 824 verbum,
590 810 621 821 non
629 807 681 821 autem

315 834 336 845 ier
346 829 422 845 clausulas
429 829 509 848 generales
517 829 576 844 mentio
583 833 610 844 scu
618 829 682 848 quaevis

315 853 336 868 ilia
343 853 420 872 expressio
426 852 501 871 habenda,
507 854 534 868 aut
539 852 589 872 aliqua
594 852 623 867 alia
628 852 682 872 exqui-

316 876 336 891 ita
342 876 391 891 forma
398 876 473 891 servanda
480 877 526 894 esset,
534 878 595 891 tenores
603 875 683 891 huiusmo-

315 899 330 918 li,
338 903 354 915 ao
361 899 374 915 si
382 899 401 915 de
408 899 455 914 verbo
463 899 481 914 ad
489 899 561 918 verbum,
573 899 612 914 nihil
619 899 682 919 penitus

315 923 366 938 »misso
376 924 392 938 et
403 922 451 938 fornia
463 922 479 938 in
490 922 520 938 illis
531 922 585 938 tradita
596 922 681 940 observata,

315 946 362 961 nserti
377 946 436 964 forent,
448 946 555 965 praesentibus
567 950 595 965 pro
605 945 682 965 expressis

315 969 372 987 tabens,
384 969 446 989 quihus,
457 969 507 988 quoad
518 973 535 984 ea
546 973 585 988 quae
598 969 682 989 praesenti-

315 997 338 1008 ius
351 993 461 1011 adversantur,
477 992 507 1007 illis
514 992 551 1007 alias
562 992 578 1008 in
588 996 616 1007 suo
627 992 682 1007 robore

315 1015 420 1034 aermansuris,
428 1019 469 1031 sacra
477 1015 586 1034 Congregatio,
595 1015 682 1031 Sanctitatis

315 1039 350 1055 ¹>uae
366 1039 464 1057 auctoritate,
480 1038 566 1058 specialiter
580 1040 595 1054 et
610 1042 682 1058 expresse

315 1062 380 1081 lerogat;
391 1062 477 1081 ceterisque
488 1062 569 1077 contrariis
583 1061 683 1081 quibuscum-

315 1089 344 1104 [ue.

329 1113 338 1123 ›
346 1109 365 1124 Et
375 1112 395 1124 ne
406 1108 527 1128 praemissorum
535 1108 621 1127 ignorantia
629 1112 637 1123 a
645 1113 683 1128 quo-

315 1134 355 1151 {uam
366 1132 445 1151 praetendi
456 1131 509 1151 possit,
520 1132 570 1147 voluit
580 1132 634 1147 eadem
641 1136 682 1148 sacra

315 1155 412 1174 lnngregatio
420 1157 437 1170 ut
448 1157 536 1174 praesentes
546 1155 658 1174 ordinationes,
666 1156 682 1171 in

315 1178 358 1194 ralvis
368 1178 466 1194 basilicarum
477 1179 492 1194 S.
503 1178 564 1194 loannis
575 1178 682 1194 Lateranensis

315 1204 325 1217 ιι
335 1202 410 1221 Principis
424 1202 534 1222 Apostolorum
545 1202 564 1218 de
578 1202 626 1221 Urbe,
638 1206 655 1217 ac
665 1202 682 1218 in

315 1226 341 1241 scie
352 1225 405 1245 Campi
419 1225 481 1244 Florae.
493 1227 511 1241 ut
521 1225 568 1241 moris
579 1227 611 1244 ost,
622 1225 682 1244 affixae,

315 1253 369 1267 nunes,
378 1249 395 1264 ad
407 1253 445 1268 quos
455 1249 528 1268 pertinet,
538 1249 557 1264 ita
568 1251 628 1264 arctent
639 1251 654 1264 et
661 1249 682 1264 al*-

315 1272 370 1291 iciant,
382 1276 398 1287 ac
409 1272 421 1287 si
433 1272 518 1291 unicuique
532 1272 633 1292 personaliter
646 1272 682 1288 inti-

315 1298 359 1311 natae
370 1295 443 1314 luissent·,
455 1297 504 1314 utque
510 1296 601 1311 earumdem
612 1300 683 1315 praeseu-

316 1319 350 1334 ium
360 1318 470 1338 transumptis.
482 1319 528 1334 etiam
540 1319 623 1338 impressis,
635 1323 682 1334 manu

315 1342 374 1357 ilicuius
381 1342 437 1357 notarii
443 1342 501 1361 publici
508 1342 602 1361 subscriptis,
609 1344 624 1358 et
632 1342 683 1361 sigillo

315 1369 384 1381 ›eisonae
391 1365 406 1380 in
415 1365 490 1384 dignitate
497 1365 597 1381 ecelesiastica
608 1366 683 1381 constitu-

316 1393 334 1404 ae
344 1389 415 1407 munitis,
427 1389 481 1404 eadem
492 1393 554 1408 prorsus
565 1389 602 1405 fides
613 1389 683 1405 adhibea-

315 1416 341 1430 ¹ur,
348 1416 387 1431 quae
393 1412 499 1431 praesentibus
504 1412 627 1431 adhiberetur-‚si
633 1413 683 1428 i'orent

315 1436 388 1451 xxhibitae
398 1436 423 1451 vel
434 1438 509 1451 ostensae.
524 1436 580 1451 Datum
591 1436 648 1452 Romae
658 1436 683 1452 die

315 1463 344 1474 xxi.
356 1459 401 1478 iunii,
412 1463 483 1474 nncxxv.
494 1467 513 1471 —
524 1459 587 1475 Cosnos
598 1459 641 1475 Car-d.
654 1460 684 1475 De·-

315 1487 376 1498 [onnes.
384 1483 455 1498 Pnosenn
463 1483 550 1498 Fnoxaxus
556 1486 607 1498 sacrae
614 1483 683 1503 Congre-

315 1506 376 1526 gationis
386 1506 479 1522 secretarius
486 1510 500 1521 »i

568 171 600 182 ιῦιι.
613 170 658 181 ινοΝτΔ
671 170 691 181 ns
702 170 716 181 r.
728 170 742 181 1⁷.
755 170 796 182 tuns
807 170 817 181 ι,

728 203 738 214 ‹
743 199 760 214 11.
770 199 843 215 Excitatis
848 201 901 215 autem
908 203 955 219 super
962 200 1083 219 praemissorum

708 222 805 238 decretorum
817 223 922 243 intelligentia,
930 227 957 238 seu
968 223 1083 243 interpretatio-

709 250 728 261 ne
735 245 834 265 infrascriptis
843 246 900 264 dubiis,
910 246 1001 265 prodierunt
1008 250 1016 261 a
1024 250 1083 261 memo-

709 269 740 284 rata
748 269 878 288 Congregatione,
884 269 931 285 simili
943 269 1033 285 auctoritate
1045 269 1067 284 illi
1075 273 1083 284 a

709 292 776 312 praefato
784 292 845 307 Urbano
852 292 891 312 Papa
899 292 937 308 Vlll.
946 292 1032 312 specialiter
1039 292 1083 308 attri-

709 315 751 334 buta,
763 315 870 335 responsiones
883 320 910 331 seu
921 315 1031 331 declarationes
1043 315 1083 331 inie-

709 338 741 354 rius
751 339 856 358 apponendae.

729 366 740 377 1.
752 362 802 382 Super
817 362 868 382 primo
883 362 899 378 S.
915 362 1043 381 Congregationis
1057 362 1083 378 de-

709 387 751 400 creto
762 385 781 401 de
791 385 894 401 celebratione
906 386 995 404 missarum,
1006 389 1037 405 quo
1048 389 1083 405 pro-

710 408 772 424 hibetur
783 413 802 424 ne
813 409 883 428 Episcopi
895 409 910 424 in
919 409 1007 425 dioecesana
1017 409 1082 428 synodo.

709 433 735 447 aut
746 432 826 451 generales
837 432 853 447 in
864 432 934 452 capitulis
945 432 1049 451 generalibus.
1057 432 1083 447 vel

710 455 746 470 alias
761 459 823 475 quoquo
834 455 889 474 modo,
905 456 979 471 reducant
994 459 1040 471 onera
1057 455 1083 471 illa

710 478 792 493 missarum
807 478 943 498 celebrandarumy
954 481 981 494 aut
992 481 1026 498 post
1041 478 1082 494 idem

709 501 797 517 Concilium
810 502 888 521 imposita,
899 505 925 518 aut
936 502 952 517 in
964 502 1018 518 limine
1029 502 1083 518 lunda-

710 525 762 543 tionis,
774 525 863 544 quaeritur,
878 526 914 545 quid
925 525 938 541 si
949 525 1017 545 legatum
1031 525 1051 541 sit
1062 525 1082 540 ita

710 550 762 566 tenue,
771 550 788 563 ut
800 552 830 564 non
838 549 891 568 sitqui
899 549 937 564 velit
944 553 984 564 onus
991 549 1013 564 illi
1022 548 1083 564 iniunc-

710 573 744 587 tum
754 571 812 590 subire,
823 574 844 590 et,
856 572 868 587 si
879 572 992 588 recurrendum
1002 572 1023 587 sit
1030 572 1048 587 ad
1056 572 1083 588 Se-

709 595 744 610 dem
755 595 858 614 Apostolicam
869 600 897 615 pro
908 595 1013 611 moderatione
1024 595 1081 613 oneris,

709 620 759 633 totum
770 621 797 634 aut
807 619 840 634 iere
847 621 898 635 totum
909 619 1020 634 insumendum
1027 619 1048 634 sit
1055 622 1083 638 pro

709 642 780 661 expensis
790 642 808 657 ad
820 642 834 657 id
846 642 944 658 necessariisi
953 644 969 657 et
979 642 1022 662 quidy
1030 642 1042 657 si
1048 646 1083 661 per-

710 665 781 680 mittatur
792 665 866 685 Episcopo
877 666 893 681 in
905 665 995 681 fundatione
1008 667 1025 681 ιιι
1036 665 1083 685 possit

709 688 798 704 huiusmodi
809 692 856 704 onera
866 689 953 704 moderari?

729 716 746 727 ιιΔ
758 711 808 731 Super
818 711 887 727 secundo
896 712 965 727 eiusdem
976 712 1083 731 congregatio-

709 735 733 750 nis
749 735 819 753 decreto,
834 739 865 754 quo
879 737 942 751 oavetur
956 737 973 750 nt
983 735 1083 751 celebrentur

710 759 732 773 tot
743 758 803 777 missae,
811 760 849 777 quot
856 758 875 774 ad
882 758 959 774 rationem
967 758 1035 774 tributae
1042 758 1083 774 elee-

709 785 783 800 mosynae
788 781 889 801 praescriptae
897 781 961 800 tuerint.
969 782 1055 801 quaeritur,
1063 786 1082 797 an

709 805 756 820 verba
764 805 789 820 illa
796 804 905 824 praescriptae
912 805 976 824 suerint
982 805 1083 824 intelligenda

709 828 741 843 sint
748 828 766 843 de
773 828 895 847 praescriptione
902 828 940 843 iacta
947 828 966 843 ab
973 828 1048 844 offerente
1058 828 1084 844 vei

709 851 728 867 ab
738 851 828 867 ordinarint

730 879 754 890 ιιι.
766 875 795 893 Αιι,
810 878 846 890 curn
862 874 952 891 Ordinarius
968 875 1083 895 praescripserit

709 899 826 918 eleemosynam
834 902 926 917 congruam.
938 898 981 914 iuxta
991 899 1083 918 qualitatem

709 922 744 940 loci,
755 925 858 941 personarum
868 925 885 937 ac
896 924 989 941 temporum,
998 922 1084 938 sacerdotes

709 945 801 965 accipientes
811 945 907 964 stipendium
918 945 970 960 minus
980 949 1050 964 congruo
1062 947 1084 961 te—

710 971 777 984 neantur
788 968 841 983 missas
852 968 882 983 illis
890 968 908 983 ab
915 968 990 984 offerente
1000 969 1084 989 praescrip-

710 994 732 1007 ias
742 991 830 1007 celebrare?

730 1019 751 1030 iv.
763 1016 787 1031 An
797 1015 892 1033 sacerdotes,
903 1015 930 1034 qui
944 1017 1020 1031 tenentur
1030 1016 1084 1032 missas

709 1039 787 1054 celebrare
802 1039 863 1054 ratione
877 1038 947 1054 beneficii
959 1043 986 1054 seu
1000 1039 1083 1059 cappellae,

710 1062 755 1081 legati
766 1063 793 1077 aut
803 1062 859 1080 salarii,
868 1062 926 1082 possint
936 1062 983 1078 etiam
994 1063 1082 1079 manualem

709 1085 825 1105 eleemosynam
832 1089 860 1105 pro
867 1086 916 1101 missis
922 1086 978 1101 votivis
986 1088 1012 1102 aut
1020 1086 1083 1102 deiunc-

711 1111 762 1124 torum
774 1109 847 1128 recipere,
859 1110 875 1124 ct
886 1109 932 1125 unico
944 1109 999 1125 missae
1009 1110 1083 1125 sacrificio

710 1132 773 1151 utrique
784 1133 828 1148 oneri
838 1132 935 1148 satisfaceret

730 1160 744 1171 v.
756 1156 807 1171 Posito
817 1156 858 1175 quod
870 1158 934 1171 testator
944 1156 1023 1176 relinquat
1031 1159 1049 1172 ut
1060 1161 1084 1173 ce-

710 1179 791 1195 lebrentur
802 1183 829 1199 pro
841 1179 875 1195 eius
885 1179 936 1195 anima
947 1182 1010 1195 centum
1021 1180 1083 1199 missae,

709 1203 766 1222 absque
782 1203 813 1218 ulla
829 1203 949 1223 praescriptione
968 1203 1083 1224 eleemosynae,

710 1227 796 1246 quaeritur,
802 1231 821 1242 an
832 1226 900 1242 liberum
910 1227 931 1242 sit
941 1227 1033 1243 haeredibus
1043 1227 1084 1243 elee-

710 1254 791 1269 mosynam
801 1250 830 1265 sibi
841 1250 931 1265 benevisam
943 1250 1052 1270 praescribere,
1063 1255 1083 1266 an

710 1277 747 1289 vero
760 1274 813 1289 eadem
826 1273 923 1293 eleemosyna
937 1274 1053 1293 praescribenda
1064 1274 1084 1289 sit

709 1297 728 1313 ab
738 1297 827 1313 Ordinariol

730 1325 751 1335 vi.
764 1320 814 1340 Super
825 1320 871 1336 tertio
879 1320 1008 1340 congregationis
1015 1321 1083 1340 decreto,

711 1344 726 1359 in
736 1347 766 1363 quo
774 1344 827 1359 eadem
835 1344 939 1363 Congregauo
949 1345 1011 1360 revocat
1022 1344 1084 1364 privile>

710 1367 740 1386 gia,
749 1367 805 1386 quibus
816 1367 907 1386 indulgetur
916 1369 933 1383 ut
944 1370 1021 1383 certarum
1031 1368 1084 1383 missa<

710 1394 746 1405 rum
754 1390 779 1405 vel
787 1390 929 1406 anniversariorum
940 1390 1049 1410 celebratione,
1058 1393 1084 1406 aut

710 1413 788 1433 aliquibus
795 1413 862 1429 collectis
870 1418 897 1429 seu
905 1414 1006 1433 orationibus,
1014 1414 1084 1434 plurium

711 1437 792 1452 missarum
803 1437 877 1452 oneribus
888 1437 904 1452 in
915 1437 987 1453 futurum
1000 1438 1084 1457 suscipien-

710 1460 733 1475 dis
746 1460 833 1478 satisfaciat,
846 1461 928 1480 quaeritur
938 1464 957 1476 an
968 1461 1014 1476 verba
1029 1461 1047 1476 t'n
1058 1461 1085 1481 su-

711 1485 768 1499 turam
783 1483 890 1503 suscipiendis
904 1483 1005 1503 intelligenda
1020 1484 1052 1500 sint
1066 1485 1085 1500 de

711 1506 784 1522 oneribus
794 1507 895 1527 suscipiendis
905 1509 939 1528 post
949 1507 1060 1527 privilegium!

1098 166 1126 179 An>
1133 166 1148 179 0>
1158 166 1195 179 1o97

1113 203 1155 218 numa
1166 204 1200 214 con-

1092 218 1114 240 §.¹15
1123 216 1201 244 ’ἓῗέᾞῗὶζ

1092 243 1126 254 eim
1133 243 1160 254 ηιι

1093 257 1130 268 mra-

1180 243 1200 254 ds

1098 363 1116 373 un
1124 362 1201 374 mutuom

1092 375 1166 387 minutum.

1092 713 1187 738 ω’ἲηῦῗῶᾞ
1191 719 1201 738 μ’

1092 740 1200 767 mseras*

1094 1323 1201 1349 nffsscffiss'ss‘ffl'
