4878 6982
127 536 184 589 An.
198 537 229 590 0.
251 535 322 587 1704
338 607 342 614 .

1023 552 1166 598 (timueris
1188 552 1232 596 xl.

115 682 333 780 ,ssffiffigff
391 675 410 750 ἓ
435 675 461 736 l.
486 675 524 737 Et
546 675 672 753 quidem
700 675 842 752 plerique
863 672 1027 734 vicariatus
1048 686 1104 733 no-

116 787 203 884 affiuo
227 785 333 831 acuim-
350 767 407 830 stri
422 768 620 842 missionarii‚
638 771 713 828 banc
729 767 761 828 in
777 765 1007 845 quaestionibus
1023 765 1102 826 tanti

351 861 506 923 momenti
527 876 590 922 non
617 860 847 922 sententiarum
879 860 970 920 modo
992 859 1104 920 discre-

351 953 501 1030 pantiam,
523 953 587 1022 sed¹
602 952 704 1030 praxis
725 959 756 1014 et
777 968 853 1012 usus
879 950 1104 1013 dissimilitudi-

351 1061 425 1106 nem
447 1043 514 1106 tolli
547 1060 735 1121 magnopere
757 1045 928 1122 cupientes,
952 1053 1101 1118 nostram,

351 1152 406 1215 pro
428 1153 465 1198 eo
486 1153 548 1214 quo
569 1137 691 1214 indigni
713 1135 876 1213 fungimur
895 1135 1007 1197 Vicarii
1023 1136 1104 1215 Apo-

351 1228 452 1290 stolici
473 1244 617 1302 munere,
640 1229 828 1290 sententiam
848 1229 993 1291 sciscitati
1014 1237 1101 1304 sunt,

315 1361 318 1366 -
352 1337 397 1396 ac,
420 1337 461 1382 ne
482 1322 640 1382 continuis
667 1321 875 1384 conscientiae
896 1322 1050 1398 scrupulis
1072 1331 1103 1384 et

352 1413 521 1490 angoribus
535 1422 768 1492 premerentur,
781 1414 906 1492 aliquid
921 1417 1035 1477 saltem
1047 1431 1103 1494 per

280 1561 283 1566 .
351 1505 480 1567 interim
509 1523 528 1566 a
557 1506 651 1567 nodis
681 1506 808 1567 decerni
839 1507 969 1584 saepius
998 1508 1104 1568 iusto-

352 1604 443 1658 rttot.
468 1597 585 1660 Rerum
607 1605 712 1659 autem
734 1598 868 1674 gravitas
886 1599 969 1673 iecit,
986 1606 1101 1661 utnon

351 1690 393 1750 ita
413 1689 474 1752 cito
502 1690 765 1767 responderimus,
799 1697 891 1768 atque
912 1691 958 1752 illi
979 1699 1103 1769 exopta-

351 1782 438 1842 bant:
463 1782 521 1844 etsi
542 1782 628 1843 enim
649 1782 711 1844 iam
733 1783 866 1844 amulto
883 1792 1033 1861 tempore,
1051 1783 1103 1844 bo-

351 1889 408 1935 nae
429 1873 598 1936 memoriae
620 1875 760 1952 Episcopi
779 1875 1009 1952 Heliopolitani‚
1026 1876 1102 1938 olim

352 1965 463 2028 Vicarii
495 1966 662 2044 Apostolici
695 1967 859 2028 Fokiensis
891 1975 922 2030 et
954 1967 1101 2030 Sinarum

351 2057 537 2120 missionum
565 2058 720 2135 generalis
746 2059 1013 2134 administratoris,
1041 2061 1102 2122 ius·

351 2169 398 2224 su,
421 2167 494 2212 cum
515 2168 584 2213 suas
604 2152 694 2212 nobis
715 2153 798 2214 vices
820 2153 1031 2224 demandaret,
1056 2154 1102 2214 bis

351 2244 442 2304 rebus
459 2244 728 2320 incumberemus3
746 2260 825 2305 nova
842 2253 944 2306 tamen
960 2255 991 2307 et
1003 2247 1102 2306 acrior

351 2333 525 2411 diligentia,
547 2345 709 2414 postquam
731 2339 767 2398 ad
789 2337 1000 2416 Apostolicum
1016 2337 1102 2400 Vica-

351 2429 466 2490 riatum
488 2443 503 2487 a
526 2429 635 2492 Sancta
657 2429 736 2491 Sede
757 2429 848 2491 electi
870 2430 998 2506 luimus,
1018 2431 1102 2492 adbi-

351 2521 449 2582 benda
472 2537 539 2582 esse
558 2521 624 2582 visa
646 2529 702 2582 est.
725 2523 786 2596 Qua
809 2523 841 2583 in
863 2522 946 2584 reid
968 2540 1043 2584 vere
1060 2523 1102 2584 ai-

352 2615 476 2676 drmare
508 2629 689 2692 possumuS,
723 2615 801 2676 nibil
829 2633 845 2676 a
873 2615 961 2677 nobis
992 2625 1102 2694 sponte

350 2707 604 2783 praetermissum
634 2707 738 2782 luisse,
768 2715 815 2782 ut,
838 2709 905 2769 sive
930 2725 969 2770 eu
991 2708 1102 2771 Sinicis

351 2799 500 2873 lontibus,
522 2799 586 2860 sive
608 2816 644 2860 ev
666 2800 898 2862 commentariis
920 2801 976 2863 boc
999 2802 1031 2863 in
1051 2816 1103 2876 ge-

351 2907 427 2952 nere
448 2907 601 2968 europaeo
622 2891 768 2953 idiomate
796 2893 989 2970 conscriptis
1012 2909 1103 2970 quos-

349 2999 485 3062 cumque
512 2984 625 3046 babere
653 2985 861 3062 potuerimus,
885 2985 950 3046 sive
972 3001 1009 3046 ex
1030 3001 1103 3047 eru·

350 3077 488 3138 ditorum
515 3077 658 3138 virorum
685 3078 840 3138 consortio
868 3078 1034 3140 veritatem
1055 3079 1101 3139 in-

350 3169 542 3246 dagaremus.
566 3169 606 3229 Et
626 3171 708 3247 quod
730 3170 874 3230 omnium
895 3171 1031 3232 manime
1047 3187 1100 3233 ne-

350 3261 518 3323 cessarium
540 3268 596 3335 est,
619 3261 717 3322 Deum
743 3261 809 3337 iugi
835 3263 983 3324 sacrificio
1005 3271 1036 3325 et
1057 3281 1102 3324 as·

349 3353 446 3416 siduis
470 3353 612 3432 precibus
637 3354 877 3427 obsecravimus,
901 3362 935 3416 ut
958 3357 1101 3418 tenebras

351 3452 471 3507 nostras
491 3446 696 3520 illuminaret,
719 3454 751 3507 et
771 3447 895 3508 semitas
909 3464 989 3522 suas,
1007 3449 1103 3526 quod-

351 3555 412 3616 que
424 3538 570 3616 placitum
586 3545 617 3600 et
628 3548 788 3616 acceptum
803 3547 848 3601 est
866 3539 896 3600 in
913 3540 1010 3602 oculis
1024 3543 1100 3616 suis,

352 3631 504 3693 edoceret.

110 3743 332 3850 prorffiffigpgaxsga
391 3725 410 3798 5
431 3725 460 3784 2.
485 3724 565 3786 Cum
586 3723 691 3802 itaque
712 3725 842 3786 decretis
863 3732 893 3786 et
908 3727 1103 3790 constitutio-

110 3847 230 3892 cutione.

351 3817 442 3878 nibus
463 3817 635 3894 apostolicis
658 3817 811 3879 sancitum
832 3818 872 3879 sit
893 3819 930 3879 ad
950 3820 1103 3896 Apostoli·

351 3926 401 3970 cos
423 3909 560 3972 Vicarios
581 3916 720 3988 spectare
735 3919 770 3971 nt
785 3911 822 3970 iis
837 3927 915 3988 quae
930 3913 964 3974 ad
980 3912 1101 3974 cultum

352 4003 495 4064 divinum
517 4009 547 4063 et
573 4003 669 4062 bonos
700 4017 802 4064 mores
834 4003 992 4082 pertinent
1021 4005 1101 4066 intra

351 4111 481 4156 suorum
503 4093 716 4157 Vicariatuum
743 4095 821 4156 fines
850 4095 1043 4174 provideant,
1067 4105 1101 4159 ut

351 4190 408 4248 hac
427 4188 461 4248 in
483 4195 567 4266 parte
589 4187 688 4249 oilicio
719 4197 827 4250 nostro
849 4189 995 4251 iaciamus
1016 4192 1099 4264 satis,

351 4281 497 4342 omnibus
519 4290 548 4342 et
569 4280 702 4357 singulis
722 4279 893 4343 vicariatus
915 4283 1013 4344 nostri
1029 4284 1103 4344 mis-

351 4373 492 4434 sionariis
513 4373 701 4434 observanda
729 4375 935 4452 praecipimus
956 4392 1033 4452 quae
1054 4394 1100 4438 se-

352 4471 505 4542 quuntur,
529 4465 624 4526 dottoc
645 4465 745 4527 aliter
766 4465 805 4528 ab
827 4467 1010 4544 Apostolicti
1026 4469 1101 4532 Sede

352 4557 513 4618 decretum
536 4559 649 4635 fuerit.

393 4667 413 4710 v.
440 4650 577 4712 Exclusis
609 4651 787 4713 nominibus
819 4653 988 4730 europaeis,
1022 4671 1100 4732 quae

353 4743 478 4804 nonnisi
500 4743 627 4804 barbaro
648 4744 780 4821 quodam
803 4745 894 4806 modo
916 4745 1029 4808 Sinicis
1051 4747 1100 4809 lit-

353 4838 425 4897 teris
447 4845 478 4896 et
503 4835 628 4896 vocibus
659 4838 791 4914 exprimi
823 4848 966 4916 possunt,
1001 4841 1099 4901 ileum

351 4931 505 5006 optimum
528 4929 701 4990 maximum
725 4929 890 5006 longousu
906 4941 1030 5009 recepto
1046 4951 1098 4993 no-

352 5022 437 5081 rnine
463 5021 538 5082 Tieo
571 5019 652 5090 Clttl,
685 5022 760 5082 caeli
792 5022 968 5098 dominum,
998 5025 1101 5103 appel-

351 5113 487 5199 landum¹
510 5129 576 5174 esse
605 5112 782 5186 statuimus,
811 5115 888 5174 itaut
920 5115 996 5176 duae
1024 5115 1099 5178 aliae

351 5204 472 5266 Sinicae
495 5221 585 5266 voces
612 5204 700 5274 Tien,
724 5206 855 5279 caelum,
879 5213 908 5266 et
932 5208 1023 5285 Xanp
1051 5209 1097 5278 Ti,

350 5313 513 5374 supremus
535 5299 713 5374 imperator,
736 5313 861 5374 prorsus
887 5300 1098 5376 repellantur;

351 5391 451 5452 multo
482 5391 587 5451 minus
619 5388 809 5464 affirmetur,
840 5391 867 5450 id
897 5394 979 5468 quod
1007 5393 1099 5455 Sinae

350 5483 493 5560 praelatis
521 5483 700 5544 nominibus
727 5482 800 5542 Tieo
824 5491 854 5544 et
878 5485 969 5561 Xoop
996 5486 1030 5545 Ti
1053 5486 1100 5546 in-

352 5577 509 5652 telligunt,
533 5577 631 5636 Deum
660 5591 726 5635 esse
748 5591 841 5652 (prem
871 5577 1029 5638 clu'istiani
1051 5595 1099 5638 co·

351 5670 455 5732 limus.

393 5882 422 5936 (l)
439 5880 528 5926 Potius
542 5880 658 5936 legerem
674 5892 760 5933 qvorvm
775 5891 822 5936 pro
836 5892 872 5924 ac.

460 6003 512 6051 lor.
529 6003 598 6048 dont.
614 6001 645 6046 de
662 6002 735 6060 l‘rop.
751 5999 812 6045 Fide
827 6001 909 6046 Partis
924 6003 942 6048 l.
957 6000 1011 6048 vol.
1028 6003 1059 6046 ll.

1831 538 1890 598 225
1940 533 1994 587 An.
2009 534 2039 586 C.
2061 535 2131 587 1704

1199 686 1233 730 11.
1258 670 1403 734 Distriotc
1433 673 1634 750 probibemus
1663 689 1703 736 ne
1723 675 1756 734 in
1778 671 1841 733 ulla
1861 686 1909 732 ec·
1982 682 2016 724 1³⁶
2030 679 2140 742 quipus-

1158 763 1250 826 clesid
1272 764 1380 826 tabella
1401 767 1563 843 quaedam,
1587 767 1636 828 cui
1657 767 1813 829 baeduae
1828 765 1910 827 litte·
1929 731 2142 848 flfflfflssffl

1158 872 1210 918 rae
1232 856 1359 920 Caelum
1386 857 1498 932 Colito,
1523 859 1608 936 Χίης
1635 859 1722 930 Tiso,
1745 849 1971 936 insc1·iptae⁵¹⁸·

1158 957 1244 1024 sunt,
1268 951 1478 1028 appendatur;
1502 959 1543 1026 et,
1566 951 1757 1028 ubicumque
1778 965 1910 1030 appensa

1159 1041 1264 1118 luerit,
1288 1043 1370 1104 intra
1392 1045 1468 1106 duos
1499 1059 1621 1106 menses
1649 1044 1764 1106 auferri
1786 1045 1912 1106 manda-

1159 1149 1240 1210 mus,
1263 1151 1335 1198 cum
1356 1135 1423 1198 aliis
1443 1136 1585 1198 eiusdem
1606 1135 1715 1200 sensus
1738 1135 1858 1197 tabellis
1880 1141 1914 1196 et¹

1158 1227 1310 1300 versibus,
1334 1229 1366 1289 in
1389 1229 1503 1306 quibus
1525 1229 1654 1290 nomina
1680 1229 1756 1290 Tiett
1771 1236 1802 1290 et
1819 1228 1911 1305 Xcap

1163 1319 1197 1380 Ti
1219 1321 1281 1380 ileo
1303 1318 1515 1396 affinguntur3
1539 1338 1572 1383 ac
1587 1319 1643 1399 (l),
1660 1328 1768 1383 nostro
1783 1319 1911 1398 quidem

1159 1411 1283 1486 iudicio,
1306 1419 1375 1473 tum
1396 1428 1505 1474 omnes
1527 1412 1599 1474 illae
1619 1413 1759 1487 tabellae,
1786 1421 1854 1476 tum
1876 1427 1910 1473 ea

1158 1502 1190 1564 in
1213 1504 1323 1580 primis
1353 1520 1432 1581 quae
1463 1505 1581 1566 litteras
1604 1507 1688 1584 Kiop
1716 1506 1791 1566 Tico
1812 1504 1912 1568 conti-

1159 1603 1223 1670 net,
1246 1597 1282 1657 ab
1308 1596 1479 1659 idololatria
1510 1598 1650 1659 excusari
1681 1613 1745 1659 non
1777 1598 1907 1675 possint.

1158 1689 1292 1750 Tametsi
1324 1706 1400 1750 vero
1432 1706 1495 1751 non
1526 1691 1567 1752 ita
1597 1699 1679 1752 certa
1706 1707 1755 1752 res
1777 1697 1857 1752 esset
1878 1706 1911 1751 ac

1158 1783 1246 1842 nobis
1267 1782 1402 1858 videtur,
1424 1783 1475 1844 vel
1497 1783 1560 1861 ipsa
1576 1783 1705 1862 periculi
1720 1782 1853 1861 suspicio
1869 1798 1910 1843 ne

1157 1875 1193 1936 ab
1215 1875 1377 1952 Evangelii
1405 1876 1557 1938 ministris
1585 1876 1774 1938 abominatio
1796 1874 1910 1937 desola-

1158 1968 1250 2028 tionis
1272 1969 1304 2030 in
1327 1968 1393 2030 loco
1409 1985 1493 2030 sacro
1508 1969 1686 2044 collocetur,
1706 1985 1761 2030 nos
1778 1969 1815 2029 ab
1828 1958 1910 2028 eius·

1157 2061 1241 2122 modi
1258 2059 1375 2122 tabellis
1389 2061 1548 2122 deterrere
1563 2061 1671 2136 debet;
1688 2063 1824 2122 manime
1838 2075 1909 2122 cum

1158 2153 1348 2230 experientiis
1379 2155 1467 2215 nobis
1497 2161 1635 2228 constet,
1664 2169 1717 2215 eos
1739 2151 1910 2216 Vicariatvis

1158 2246 1256 2305 nostri
1278 2245 1498 2321 missicnarios‚
1522 2262 1656 2325 quorum
1676 2247 1708 2308 in
1725 2245 1858 2308 ecclesiis
1873 2244 1910 2305 il-

1158 2336 1203 2397 lae
1226 2337 1355 2399 tabellae
1376 2353 1440 2400 non
1457 2339 1625 2415 habentur,
1643 2339 1743 2400 nibilo
1757 2337 1792 2400 ad
1809 2339 1909 2399 Evan-

1158 2430 1275 2506 gelium
1307 2431 1546 2508 praedicandum
1578 2432 1791 2511 imparatiores
1821 2445 1907 2504 esse,

1158 2538 1214 2583 nee
1235 2523 1394 2598 minorem
1417 2540 1510 2601 quam
1532 2524 1583 2584 alii
1610 2525 1752 2586 laborum
1778 2537 1909 2584 snorum

1158 2614 1296 2677 inactum
1319 2616 1486 2693 percipere.

1199 2723 1245 2768 nv.
1267 2707 1408 2783 Quaesita
1422 2725 1516 2787 super
1531 2709 1680 2787 capitibus
1695 2723 1820 2771 summo
1834 2723 1909 2785 pon·
1929 2710 2139 2810 1⁰⁸·⁰¹¹¹¹¹1¹,·ss{'t¹¹'

1157 2801 1233 2861 tifioi
1254 2801 1429 2863 Alexandro
1461 2800 1526 2862 llll.
1550 2802 1715 2880 proposita,
1746 2800 1854 2862 multis
1875 2800 1909 2860 in
1940 2774 1996 2808 ⁰⁶¹⁰
2018 2775 2073 2808 ΒΗ
2116 2775 2138 2808 ⁰'

1158 2893 1251 2954 rebus
1282 2909 1346 2955 non
1375 2909 1441 2954 esse
1473 2895 1607 2955 veridica
1639 2893 1847 2966 declaramus
1876 2908 1909 2952 ac

1157 2985 1289 3062 proinde
1311 2985 1520 3046 missionarios
1546 2985 1702 3064 responsis
1723 2985 1760 3046 ab
1782 2988 1909 3062 Aposto-

1158 3077 1215 3138 lica
1246 3077 1325 3140 Sede
1355 3085 1439 3139 recte
1471 3077 1598 3155 quidem
1626 3085 1656 3138 et
1684 3078 1850 3162 sapienter,
1880 3083 1909 3138 at

1158 3174 1244 3235 iuxta
1262 3170 1508 3234 circumstantias
1524 3171 1555 3231 in
1571 3171 1672 3232 dubiis
1687 3187 1844 3250 expressas
1860 3171 1911 3232 da-

1158 3266 1209 3337 tis,
1232 3263 1327 3326 inniti
1349 3279 1412 3324 non
1435 3278 1523 3340 posse
1545 3265 1579 3324 ad
1603 3264 1752 3324 usitatum
1768 3264 1847 3340 apud
1863 3261 1908 3325 Si-

1158 3373 1212 3418 nas
1236 3356 1375 3419 Conlucii
1397 3363 1427 3416 et
1448 3357 1685 3434 progenitorum
1706 3355 1826 3416 cultum
1841 3371 1908 3435 per-

1158 3447 1361 3510 mittendum.

1198 3559 1239 3602 vv.
1264 3541 1446 3602 llissionarii
1478 3541 1668 3615 nullatenus,
1702 3541 1851 3618 nullique
1872 3543 1910 3604 de
1957 3554 2032 3614 ,nent
2051 3553 2082 3598 ue
2101 3562 2139 3598 sa-

1158 3633 1261 3708 causa,
1295 3635 1468 3696 christianis
1503 3634 1686 3712 permittant
1717 3635 1909 3695 solemnibus
1928 3605 2037 3650 ⁰‘'⁰⁰¹'⁵'

1158 3743 1236 3805 quae
1258 3728 1354 3788 semel
1376 3735 1406 3788 et
1429 3728 1545 3788 iterum
1565 3727 1697 3802 singulis
1718 3727 1807 3788 annis
1830 3729 1908 3790 Con-

1157 3819 1239 3882 lucio
1261 3827 1290 3882 et
1314 3819 1563 3898 progenitoribus
1585 3819 1689 3880 oderri
1703 3819 1804 3880 solent
1818 3820 1910 3880 sacri·

1158 3913 1234 3975 ficiis
1255 3929 1309 3973 seu
1329 3913 1536 3976 oblationibus
1552 3929 1702 3990 praeesse,
1718 3911 1908 3986 ministrare,

1157 4012 1210 4066 aut
1230 4005 1396 4080 interesse;
1413 4021 1488 4083 quas
1504 4005 1674 4066 oblationes
1688 4003 1909 4082 superstitione

1157 4099 1291 4162 imbutas
1313 4115 1379 4159 esse
1399 4097 1602 4160 declaramus.

1198 4189 1226 4253 v'.
1251 4190 1469 4262 llissionarios,
1493 4191 1547 4267 qui
1573 4191 1605 4250 in
1629 4189 1714 4265 locis,
1738 4190 1791 4251 ubi
1808 4189 1910 4250 Evan-
1944 4198 2142 4248 notescimus-

1158 4287 1239 4363 gelio
1253 4299 1378 4362 operam
1394 4291 1521 4357 navant,
1535 4281 1719 4344 tabellarum
1734 4285 1766 4344 in
1782 4283 1908 4346 deiunc—
1928 4253 2141 4354 fflissfflmtfeicsf

1157 4387 1261 4441 torum
1277 4378 1431 4436 bonorem
1446 4374 1575 4452 privatis
1591 4375 1622 4436 in
1638 4374 1779 4436 domibus
1795 4385 1910 4437 erecta·
1928 4359 1969 4404 ⁰⁵·

1156 4487 1229 4534 rum
1251 4485 1342 4531 usum
1364 4467 1486 4528 abolere
1501 4467 1702 4541 studuerunt,
1719 4483 1910 4546 magnopere

1156 4564 1329 4636 laudamus
1346 4568 1449 4638 atquc,
1468 4568 1501 4622 ut
1521 4575 1633 4638 eoquo
1647 4571 1817 4638 coeperunt
1833 4564 1908 4638 pede

1156 4657 1189 4717 in
1204 4661 1364 4734 posterum
1380 4661 1522 4730 pergant,
1535 4652 1745 4713 adhortamur.
1763 4653 1821 4715 Ubi
1834 4671 1908 4715 vero

1156 4749 1241 4809 lmnc
1262 4763 1354 4809 usum
1383 4745 1492 4807 tollere
1520 4745 1676 4806 difficilius
1699 4745 1770 4820 erit,
1793 4745 1828 4805 ad
1852 4747 1908 4806 bor

1154 4841 1263 4902 saltem
1285 4855 1334 4899 res
1359 4845 1643 4914 temperamentum
1666 4845 1842 4911 revocetur,
1861 4848 1906 4913 ut,

1154 4931 1283 4995 sublatis
1306 4931 1417 4992 litteris
1440 4930 1503 4990 Xitt
1529 4929 1609 5000 Cito,
1635 4931 1699 4991 Xio
1723 4930 1808 5000 Goei,
1829 4931 1907 5010 Eivtq

1158 5024 1244 5095 Goei,
1267 5021 1464 5083 solummodo
1487 5021 1625 5083 defuncti
1647 5037 1764 5083 nomen
1780 5023 1907 5086 tabellae

1157 5116 1355 5188 inscribatur,
1379 5116 1490 5178 autad
1511 5130 1673 5176 summum
1696 5115 1816 5176 litterae
1834 5115 1907 5177 Goei

1155 5209 1394 5288 superaddatur:
1426 5225 1474 5282 ac,
1505 5221 1543 5268 ne
1572 5207 1750 5269 huiusmodi
1784 5207 1906 5282 tabella,

1155 5316 1250 5380 quam
1271 5300 1303 5361 in
1326 5301 1478 5378 praedicta
1496 5299 1605 5374 forme,
1622 5299 1720 5361 donec
1733 5300 1907 5377 Apostolica

1156 5391 1250 5455 Sedes
1272 5392 1365 5453 dere
1387 5391 1450 5469 ipsa
1471 5390 1666 5466 iudicaverit,
1690 5409 1754 5453 non
1778 5392 1907 5452 omnino

1154 5485 1366 5562 reprobamus,
1387 5485 1600 5561 superstitiose
1622 5485 1797 5562 accipiatur,
1815 5485 1847 5544 in
1864 5484 1907 5544 lo-

1155 5593 1201 5651 co,
1225 5577 1277 5638 ubi
1303 5577 1430 5638 tabellae
1462 5577 1588 5654 privatis
1611 5577 1642 5638 in
1665 5577 1807 5638 domibus
1829 5577 1907 5652 erigi

1154 5670 1267 5742 solent,
1290 5670 1401 5746 scripta
1424 5670 1591 5730 maioribus
1613 5671 1841 5732 citaructeribus
1856 5671 1908 5732 de-
