4844 6990
1016 593 1159 648 ccederts
1181 591 1239 647 xli.

1825 570 1883 640 473
1936 578 1989 632 Aa.
2004 579 2035 634 (l.
2056 573 2126 633 1736

355 717 391 785 td
413 716 644 794 ultramarinos,
661 719 774 798 quibus
788 715 907 781 facilius
922 720 950 783 id
967 719 1104 782 accidere
1129 721 1133 792 Ι
1160 720 1276 796 electis,
1298 720 1349 782 sed
1373 725 1402 782 et
1425 719 1461 782 ab
1483 721 1547 800 ipso
1568 718 1718 800 capitulo,
1741 709 1904 798 antequam

355 817 485 904 poterit,
513 815 564 876 vel
591 815 785 890 nullatenus,
815 815 865 876 vel
894 816 1010 878 tamdiu
1032 824 1104 879 ante

355 910 510 979 intimatio
521 927 584 971 non
596 911 785 988 pervenerit,
799 927 830 971 se
844 927 877 972 se
888 926 943 988 pro
955 910 1104 971 intimatis

357 1009 388 1069 et
408 1004 583 1066 convocatis
597 1003 701 1065 baberi
717 1004 842 1066 debent.
866 1003 912 1064 llli
928 1011 1032 1065 autem
1047 1019 1104 1081 pro

357 1099 439 1170 veris
461 1097 618 1160 vocalibus
645 1097 818 1158 habeantur
837 1105 869 1158 et
890 1097 965 1171 sint,
991 1097 1044 1174 qui
1067 1097 1104 1158 de

358 1201 498 1270 tempore
519 1193 750 1252 convocatoriae
772 1191 905 1270 praelata
928 1205 1057 1252 munera
1074 1206 1103 1250 e-

358 1293 515 1360 xerceant,
541 1286 613 1348 licet
635 1286 707 1363 ipsis
729 1285 860 1347 luissent
884 1285 945 1344 iam
967 1283 1102 1362 deputati

357 1395 559 1454 successores,
582 1379 632 1440 rel
655 1379 715 1453 isti,
729 1380 766 1440 de
782 1387 921 1455 ternpore
942 1393 1002 1455 quo
1025 1377 1103 1454 capi-

358 1474 461 1541 tulum
481 1473 694 1546 celebrabitur,
712 1487 841 1536 suorum
858 1486 1025 1532 munerum
1043 1470 1103 1530 iam

358 1567 476 1634 luerint
498 1567 719 1644 possessiouem
742 1565 855 1643 adepti,
872 1573 964 1642 atque
986 1565 1053 1624 ideo
1068 1564 1105 1624 ab

358 1661 458 1732 officio
478 1661 676 1732 cessaverint,
702 1660 753 1720 vel
773 1665 899 1738 propter
914 1658 1040 1721 triennii
1064 1657 1105 1717 la-

358 1769 448 1832 psum
462 1753 753 1828 amaladensium,
766 1769 830 1814 non
844 1763 948 1814 tanren
960 1751 1104 1829 privatio-

358 1847 407 1908 nis
429 1846 479 1908 vel
500 1847 715 1925 depositionis;
738 1848 769 1908 in
786 1847 843 1908 boc
857 1847 971 1924 quippe
986 1861 1055 1907 casn
1069 1845 1104 1904 ad

358 1940 526 2020 capitulum
550 1941 693 2017 generale
715 1941 788 2003 dicti
809 1955 997 2003 successores
1023 1955 1105 2000 acce-

359 2035 444 2109 dent3
467 2033 611 2096 similiter
633 2034 768 2110 religiosi
785 2033 839 2112 qui
859 2033 917 2116 sub
931 2033 1059 2094 nomine
1074 2039 1104 2093 et

357 2128 451 2191 titulo
465 2128 667 2205 praesidentis
681 2145 696 2186 a
712 2125 953 2204 vice-praelecto
969 2126 1105 2204 generali

360 2221 442 2305 illius
454 2221 542 2297 regni
554 2221 586 2281 iu
600 2237 660 2298 quc
672 2221 824 2297 generalis
835 2221 896 2282 und
909 2221 1023 2282 residet
1034 2237 1105 2282 cum

359 2317 422 2384 suis
453 2313 666 2374 assistentibus
697 2313 828 2375 luissent
859 2313 1106 2391 provisionaliter

360 2405 514 2482 destinati,
528 2413 558 2468 et
580 2405 617 2468 de
641 2414 778 2484 tempore
794 2406 999 2469 intimationis
1020 2421 1106 2484 repe-

360 2499 502 2560 rirentur
522 2499 555 2560 in
578 2499 688 2561 actuali
710 2500 863 2574 regimine
878 2507 1105 2573 conventuum,

361 2609 467 2656 eorum
491 2593 605 2654 scilicet
627 2594 680 2672 qui
705 2591 850 2654 formales
872 2602 1105 2671 nuncupantur,

360 2685 417 2763 ipsi
445 2685 493 2746 ius
518 2686 650 2748 babeant
681 2687 843 2748 accedendi
872 2685 907 2746 ad
936 2685 1106 2765 capitulum

363 2787 520 2856 tamquam
542 2781 608 2839 veri
623 2779 742 2840 vocales
758 2779 826 2840 vice
842 2788 872 2841 et
894 2779 959 2840 loco
975 2778 1107 2856 praelec-

362 2881 478 2946 torum,
501 2872 668 2934 dummodu
690 2879 793 2935 tamen
818 2875 866 2934 isti
894 2882 967 2934 tunc
989 2879 1107 2951 tempo-

362 2965 404 3026 ris
425 2965 460 3025 ad
482 2982 554 3026 suos
575 2975 748 3027 conventus
763 2983 826 3027 non
842 2967 1037 3038 accesserint,
1055 2981 1108 3026 ne·

362 3074 423 3135 que
443 3058 557 3120 realem
580 3067 610 3120 et
632 3059 781 3121 actualem
798 3060 913 3136 proprii
935 3057 1026 3119 officii
1042 3075 1109 3137 pos-

361 3155 531 3215 sessionem
552 3154 821 3230 apprehenderint.

142 3260 263 3318 capitata
287 3269 344 3306 ane·
402 3264 458 3308 xri.
485 3248 562 3310 Cum
578 3255 751 3309 conventus
765 3247 896 3310 civitatis
912 3247 1108 3309 Guatemalae

129 3270 344 3414 {affinwffugffle'
361 3342 533 3420 proximior
553 3339 662 3401 ceteris
678 3348 707 3401 et
728 3357 784 3418 pro
807 3358 926 3404 accessu
942 3349 972 3402 et
987 3357 1108 3403 recessu

130 3417 289 3468 ⁰¹¹²²⁰¹¹¹³¹³r
362 3435 519 3495 vocalibus
530 3433 693 3511 utriusque
708 3434 796 3510 regni
812 3435 1004 3496 commodior
1014 3435 1054 3496 sit
1066 3443 1109 3496 at-

361 3544 422 3606 que
443 3528 541 3606 prima
562 3526 672 3588 domus
694 3534 724 3587 et
742 3528 855 3589 matrix
878 3529 971 3589 totius
986 3527 1108 3590 Betble·

361 3620 525 3682 bemiticae
547 3619 717 3695 religionis,
735 3621 767 3680 in
790 3637 825 3681 eo
847 3621 1003 3700 perpetuis
1026 3621 1108 3684 lutu-

361 3714 402 3774 ris
425 3712 615 3790 temporibus
630 3713 760 3789 capitula
783 3715 937 3788 generalia
952 3715 1109 3776 celebren-

363 3813 424 3880 tur,
441 3815 472 3867 et
494 3807 525 3866 in
548 3805 630 3866 bisce
651 3805 750 3864 maior
764 3805 955 3868 infirmarius
970 3808 1107 3869 eiusdem

360 3905 533 3961 conventus
559 3899 625 3958 sive
650 3898 864 3976 hospitalarius
887 3917 941 3978 pro
970 3909 1108 3980 tempore

360 3991 542 4067 suffragium
563 3991 687 4068 habeat3
711 4003 741 4053 et
764 3993 852 4054 tirma
874 4000 1053 4073 ceteroquin
1077 4013 1108 4057 ac

360 4087 393 4146 in
415 4103 471 4147 suo
493 4087 604 4147 robore
624 4087 794 4148 subsistant
815 4096 959 4148 contenta
983 4090 1013 4150 in
1036 4105 1108 4150 cou-

274 4207 279 4212 ·
360 4180 577 4241 stitutionibus
598 4179 720 4242 Ordinis
741 4197 804 4258 cap.
829 4197 893 4254 rm,
917 4181 935 4255 5
959 4180 995 4240 l-'a
1016 4196 1109 4259 super

361 4273 544 4333 alternative
566 4271 701 4348 eligendi
723 4273 839 4351 primos
853 4281 884 4334 et
898 4273 1049 4334 secundos
1065 4289 1108 4332 as·

360 4365 506 4426 sistentes
518 4365 678 4440 generales
689 4365 852 4444 utriusque
865 4366 966 4442 regni,
984 4373 1018 4427 ut
1030 4365 1108 4452 apud

363 4457 550 4536 praelectum
567 4459 744 4534 generalem
760 4459 898 4536 religiosi
913 4460 1063 4521 continuo
1078 4466 1109 4520 et

363 4553 478 4631 ubique
500 4554 621 4616 adstent
636 4553 689 4630 qui
711 4556 747 4614 de
761 4560 854 4628 statu,
878 4553 983 4614 usibus
999 4561 1029 4614 et
1045 4569 1110 4614 mo-

308 4666 312 4675 ·
361 4647 447 4708 ribus
462 4649 644 4708 eorumdem
659 4661 829 4721 regnorum
844 4647 907 4707 sint
922 4645 1109 4708 sufficienter

362 4739 518 4801 instructi.

186 4843 250 4896 curu
273 4853 346 4899 orae-
404 4847 475 4894 xvn.
493 4833 755 4912 Quotiescumque
767 4833 912 4894 canonice
927 4834 959 4893 in
975 4831 1109 4910 praelec-

131 4897 345 5008 ῗιῑὲἓξέοῗεῖιῗῖἶῖ
364 4938 431 4992 tum
454 4929 632 5006 generalem
654 4929 788 5005 eligatur
809 4929 935 5002 absens,
959 4935 1044 5002 tuno,
1068 4944 1109 4988 ne

131 5003 245 5104 pppatem
268 5005 344 5062 ⁰¹¹⁸*
363 5023 402 5085 ob
423 5039 568 5099 magnam
584 5023 729 5084 locorum
745 5021 923 5084 distantiam
944 5021 1054 5096 religio
1076 5021 1109 5081 in

361 5135 418 5178 suo
439 5117 594 5193 regimine
615 5115 737 5195 aliquod
759 5119 892 5195 patiatur
913 5115 1107 5194 dispendium

363 5215 415 5270 aut
438 5209 682 5285 detrimentum,
705 5211 918 5288 praedecessor
940 5207 1109 5286 praelectus

363 5303 528 5378 generalis,
540 5303 605 5362 sive
620 5303 752 5364 vicarius
764 5301 929 5378 generalis,
946 5301 1010 5378 qui,
1024 5301 1108 5361 iuxta

362 5401 482 5462 litteras
503 5397 679 5474 apostolicas
701 5399 733 5458 in
752 5399 850 5460 torma
866 5398 973 5460 Brevis
987 5405 1109 5458 sanctae

363 5493 532 5556 memoriae
560 5489 717 5552 Benedicti
746 5491 824 5553 xltl.
849 5493 906 5554 sub
933 5493 1040 5555 datum
1062 5505 1105 5550 rx.

363 5587 467 5664 aprilis
500 5599 715 5659 maceramur,
746 5584 878 5661 capitulo
908 5584 1051 5663 praeluit,
1076 5585 1108 5646 in

363 5679 525 5754 religionis
546 5679 710 5754 regimine,
728 5677 845 5738 nedum
867 5683 1013 5754 tanquam
1028 5679 1108 5739 vica·

364 5771 439 5845 rius,
461 5772 553 5832 sicuti
574 5771 605 5832 in
633 5771 855 5834 constitutione
879 5786 942 5848 cap.
968 5787 1026 5846 m,
1049 5772 1068 5846 ἓ
1089 5773 1108 5832 5

363 5864 549 5941 disponitur,
572 5865 735 5926 continuet
766 5865 826 5927 una
848 5880 920 5926 cum
941 5865 1110 5926 assistenti-

363 5957 420 6020 bus
442 5957 636 6034 generalibus
652 5959 683 6021 in
698 5959 809 6022 eodem
824 5958 954 6040 capitulo
970 5959 1108 6038 generali

1160 817 1362 890 dissolvetur,
1386 823 1448 878 tres
1469 815 1520 876 alii
1549 814 1685 891 religiosi
1712 831 1768 893 per
1788 824 1905 879 secreta

1159 910 1303 986 suuragta
1321 909 1489 983 eligantur,
1505 909 1558 988 qui
1574 909 1606 970 in
1621 909 1728 970 eodem
1747 916 1906 971 conventu

1160 1004 1198 1066 de
1219 1002 1395 1067 Gnatemala
1417 1011 1661 1077 commorentur,
1684 1004 1782 1066 (lones
1803 1019 1905 1082 accep-

1162 1099 1284 1160 tationis
1300 1096 1387 1158 electi
1401 1096 1534 1158 nuncius
1546 1097 1736 1174 pervenerit.
1754 1099 1786 1162 Si
1802 1107 1906 1160 autern

1161 1190 1304 1252 electioni
1327 1191 1364 1251 de
1384 1204 1416 1250 se
1439 1189 1534 1250 iactae
1555 1189 1612 1250 iste
1627 1206 1769 1268 expresse
1790 1207 1906 1252 renun-

1161 1283 1272 1357 ciaret,
1300 1282 1349 1343 vel
1379 1281 1506 1343 interim
1528 1282 1710 1358 decederet,
1733 1285 1768 1346 ad
1792 1301 1906 1346 novam

1161 1377 1307 1456 praelecti
1336 1375 1488 1452 generalis
1510 1376 1693 1438 electionem
1723 1377 1907 1440 deveniatur

1161 1487 1233 1532 cum
1253 1469 1325 1530 solis
1347 1468 1426 1529 votis
1449 1468 1542 1546 ipsius
1565 1469 1683 1546 vicarii,
1708 1479 1841 1549 quatuor
1862 1489 1907 1533 as·

1160 1564 1340 1625 sistentium
1362 1562 1568 1640 generalium,
1585 1565 1739 1626 secretarii
1756 1567 1907 1642 generalis

1162 1658 1299 1718 eiusdem
1322 1656 1459 1734 capitoli,
1483 1664 1512 1717 et
1535 1657 1687 1718 dictorum
1717 1659 1814 1720 trium
1837 1661 1907 1722 reli·

1162 1750 1329 1826 giosorum.
1353 1747 1437 1824 Quod
1452 1749 1477 1809 si
1499 1757 1574 1810 tunc
1589 1765 1671 1810 unus
1687 1750 1736 1811 vel
1751 1750 1855 1829 plures
1870 1769 1908 1814 ex

1162 1843 1304 1921 praelatis
1326 1843 1511 1906 electoribus
1532 1843 1613 1904 ultra
1630 1850 1691 1904 tres
1713 1843 1809 1906 dietas
1824 1845 1909 1907 abes-

1161 1945 1243 2012 sent,
1255 1937 1305 1997 vel
1318 1951 1350 1997 se
1365 1935 1542 1998 huiusmodi
1558 1951 1691 1997 munere
1706 1937 1906 2014 abdicassent,

1162 2041 1215 2092 aut
1236 2030 1393 2104 abiissent,
1407 2029 1438 2089 in
1454 2029 1665 2092 deficientium
1682 2031 1784 2093 locum
1800 2033 1908 2095 subro-

1163 2123 1224 2198 gati
1246 2131 1432 2185 censeantur
1453 2124 1587 2200 religiosi
1611 2125 1800 2204 antiquiores
1823 2125 1908 2188 iuxta

1162 2217 1376 2278 antianitatem
1398 2217 1595 2294 professionis
1617 2219 1669 2296 qui
1690 2227 1765 2282 tunc
1780 2221 1812 2282 in
1828 2219 1908 2282 dicto

1162 2311 1907 2388 conventuaderunt,siveconventualesluerint,

1162 2403 1227 2464 sive
1238 2403 1450 2481 interpolatim
1461 2406 1643 2478 residentes,
1657 2407 1825 2469 dummodo
1840 2407 1911 2468 nul-

1163 2495 1229 2558 lum
1251 2497 1409 2574 patiantur
1429 2498 1613 2559 canonicum
1636 2499 1906 2576 impedimentum.

1165 2591 1207 2651 lta
1229 2590 1347 2668 pariter
1374 2589 1398 2650 si
1422 2591 1523 2652 obitus
1554 2589 1700 2670 praedicti
1729 2594 1836 2655 vicarii
1857 2595 1910 2656 vel

1163 2684 1320 2746 secretarii
1343 2683 1497 2760 generalis
1512 2685 1665 2759 acciderit,
1679 2689 1842 2748 memorati
1857 2705 1910 2748 vo-

1164 2776 1253 2850 cales,
1277 2777 1440 2857 assumptis
1461 2777 1569 2839 eodem
1586 2780 1677 2840 modo
1691 2797 1724 2841 ac
1745 2780 1842 2842 torma
1858 2799 1911 2842 vo-

1165 2870 1279 2932 calibus
1301 2869 1516 2932 deficientibus
1531 2887 1548 2932 e
1562 2873 1654 2932 domo
1675 2874 1839 2950 praedicti,
1857 2891 1912 2937 no-

1164 2979 1241 3025 vum
1263 2963 1412 3026 vicarium
1433 2979 1614 3043 novumque
1635 2969 1838 3030 secretarium
1859 2983 1912 3045 gc-

1165 3056 1302 3117 neralem
1315 3057 1442 3132 eligant,
1456 3063 1489 3119 ut
1502 3074 1663 3137 nunquam
1675 3061 1776 3121 desint
1791 3063 1911 3124 vocales

1165 3165 1220 3227 pro
1242 3165 1324 3211 novo
1345 3151 1498 3228 praelecto
1519 3152 1656 3228 generali
1678 3153 1831 3230 eligendo.
1855 3156 1911 3218 Po-

1163 3250 1292 3316 stremo,
1316 3243 1482 3304 eveniente
1503 3243 1589 3307 obitu
1605 3252 1657 3306 aut
1672 3247 1912 3311 renunciatione

1165 3335 1216 3396 vel
1238 3336 1429 3413 depositione
1450 3337 1594 3414 praelecti
1624 3341 1776 3415 generalis
1798 3341 1911 3420 perdu-

1165 3436 1255 3490 rante
1286 3431 1445 3491 novennio
1466 3431 1513 3490 sui
1535 3431 1713 3508 regiminis,
1742 3433 1910 3511 diligenter

1165 3529 1195 3583 ot
1219 3531 1325 3584 exacte
1345 3533 1512 3586 serventur
1535 3525 1678 3604 disposita
1701 3543 1756 3606 per
1776 3525 1911 3590 antedic-

1167 3623 1209 3677 tas
1241 3615 1356 3678 litteras
1385 3617 1563 3694 apostolicas
1589 3629 1711 3681 sanctae
1743 3622 1912 3683 memoriae

1165 3710 1322 3772 Benedicti
1344 3711 1422 3772 lllll.
1821 3793 1824 3799 Ι

1206 3820 1269 3865 xvv.
1294 3805 1448 3866 Praefecto
1464 3807 1599 3880 generali
1613 3807 1644 3868 iu
1657 3824 1755 3884 regnu
1771 3809 1910 3872 Poruano
1970 3825 2019 3871 rto
2039 3836 2093 3872 uuo
2109 3836 2144 3890 ra·

1165 3908 1387 3971 commorante,
1411 3900 1670 3975 vice-praelectus
1699 3904 1852 3978 generalis
1874 3904 1911 3966 ab
1930 3879 2143 3988 ξῗξθωέῗὲξῖἷῗὲ

1166 3993 1229 4070 ipso
1252 3993 1313 4053 ‘und
1333 4009 1403 4053 cum
1425 4009 1481 4052 suo
1502 3993 1679 4056 tlesrnltorio
1701 4013 1739 4056 ex
1761 3997 1911 4074 religiosis
1930 3987 2144 4097 ssffseltigffi‘

1165 4085 1253 4161 regui
1278 4085 1381 4145 Novae
1403 4085 1574 4164 Hispaniae,
1592 4097 1622 4148 et
1637 4089 1792 4162 vicevorsd
1815 4092 1846 4153 in
1863 4111 1910 4155 re-

1165 4194 1226 4254 gno
1248 4177 1351 4239 Novae
1372 4178 1535 4256 Hispaniae
1550 4181 1716 4257 residente,
1734 4183 1911 4264 vice-prae·

1165 4271 1261 4332 lectus
1276 4271 1429 4346 generalis
1444 4288 1479 4332 ev
1497 4271 1649 4350 religiosis
1664 4277 1753 4352 regni
1765 4277 1908 4355 Peruaui,

1165 4363 1219 4442 qui
1241 4371 1344 4425 tamen
1367 4381 1431 4426 non
1451 4363 1515 4426 sint
1536 4367 1693 4444 praelecti,
1717 4385 1772 4446 per
1793 4380 1909 4436 secreta

1164 4456 1308 4534 sullragia
1330 4455 1496 4534 eligantur,
1519 4459 1630 4538 quibus
1652 4479 1721 4524 suas
1742 4464 1807 4542 ipse
1828 4467 1910 4528 vices

1165 4551 1359 4613 committere
1382 4552 1501 4628 debeat,
1517 4561 1609 4632 prout
1631 4555 1663 4616 in
1679 4559 1910 4622 constitutionis

1165 4659 1228 4722 cap.
1254 4661 1312 4720 rx,
1336 4645 1354 4720 ἓ
1374 4645 1395 4706 9
1414 4649 1574 4722 statuitur,
1591 4654 1684 4727 atquc
1707 4649 1739 4711 in
1762 4653 1841 4714 dicta
1863 4654 1910 4714 iu·

1165 4737 1343 4800 risdictioue
1375 4755 1438 4801 non
1465 4741 1596 4819 amplius
1627 4741 1717 4806 daret
1741 4761 1834 4822 quam
1856 4761 1911 4824 per

1165 4832 1407 4910 quadriennium
1420 4849 1490 4895 cum
1512 4835 1638 4896 dimidia
1653 4837 1726 4898 antri
1742 4847 1829 4916 parte
1843 4847 1909 4900 tan-

1165 4934 1270 4988 tuma
1293 4927 1341 4988 die
1364 4936 1466 5006 captae
1489 4929 1526 4990 ab
1547 4945 1583 4990 eo
1604 4931 1802 5008 possessionis
1827 4949 1909 4995 com·
2006 4939 2007 4942 ’

1166 5021 1349 5100 pallandum,
1373 5037 1430 5082 nec
1452 5022 1484 5083 in
1505 5023 1614 5084 eodem
1639 5023 1738 5085 ollicio
1759 5040 1815 5103 pro
1837 5043 1909 5104 qua-

1166 5115 1308 5190 driennio
1345 5115 1523 5178 immediate
1556 5119 1700 5194 sequenti
1731 5119 1909 5181 confirmari

1165 5225 1289 5287 quoquo
1320 5209 1410 5270 modo
1436 5209 1545 5288 possit3
1575 5211 1778 5286 quadriennio
1805 5220 1909 5275 autem

1165 5311 1304 5380 utsupra
1321 5317 1392 5363 cum
1407 5301 1533 5364 dimidio
1545 5303 1619 5363 anni
1634 5303 1756 5381 integre
1772 5305 1907 5384 expleto,

1164 5395 1190 5454 si
1211 5395 1375 5471 contigerit
1396 5395 1492 5456 alium
1506 5395 1539 5457 in
1562 5411 1670 5473 regno,
1689 5399 1740 5460 ubi
1756 5399 1910 5476 generalis

1165 5505 1227 5550 non
1255 5489 1384 5566 residet,
1412 5489 1689 5570 vice-praelectum
1718 5493 1907 5571 generalem,

1165 5583 1217 5660 qui
1238 5584 1305 5645 eius
1326 5585 1407 5645 vices
1418 5583 1600 5660 substineat,
1617 5602 1680 5648 nou
1702 5586 1795 5657 luisse
1818 5588 1911 5650 desti·

1165 5683 1285 5753 natum,
1308 5677 1374 5738 sive
1396 5686 1520 5755 propter
1541 5694 1639 5739 novae
1654 5679 1815 5742 electionis
1837 5681 1910 5742 dila-

1166 5769 1294 5844 tionem,
1317 5770 1383 5830 sive
1404 5771 1443 5831 ob
1464 5770 1554 5832 electi
1575 5771 1746 5848 decessum,
1763 5765 1838 5837 illuc
1858 5775 1910 5836 de-

1164 5863 1227 5924 bito
1250 5871 1391 5941 tempore
1407 5879 1472 5926 non
1487 5866 1678 5943 pervenisse,
1694 5873 1770 5928 tunc
1793 5883 1847 5946 pro
1863 5869 1909 5929 in-

1164 5957 1258 6018 terim
1279 5965 1424 6036 assumat,
1441 5959 1575 6040 dictique
1595 5961 1760 6039 generalis,
1777 5959 1911 6028 durante
