<?xml version="1.0" encoding="UTF-8"?>
<!DOCTYPE html PUBLIC "-//W3C//DTD XHTML 1.0 Transitional//EN"
    "http://www.w3.org/TR/xhtml1/DTD/xhtml1-transitional.dtd">
<html xmlns="http://www.w3.org/1999/xhtml" xml:lang="en" lang="en">
 <head>
  <title>
</title>
<meta http-equiv="Content-Type" content="text/html;charset=utf-8" />
  <meta name='ocr-system' content='tesseract 3.04.00' />
  <meta name='ocr-capabilities' content='ocr_page ocr_carea ocr_par ocr_line ocrx_word'/>
</head>
<body>
  <div class='ocr_page' id='page_1' title='image "./iurispontificii04martgoog_0195.png"; bbox 0 0 4878 6982; ppageno 0'>
   <div class='ocr_carea' id='block_1_1' title="bbox 115 565 2101 630">
    <p class='ocr_par' dir='ltr' id='par_1_1' title="bbox 115 565 2101 630">
     <span class='ocr_line' id='line_1_1' title="bbox 115 565 2101 630; baseline -0.001 -9"><span class='ocrx_word' id='word_1_1' title='bbox 115 571 172 623; x_wconf 80' lang='lat' dir='ltr'>An.</span> <span class='ocrx_word' id='word_1_2' title='bbox 188 571 218 622; x_wconf 83' lang='grc'>0.</span> <span class='ocrx_word' id='word_1_3' title='bbox 242 570 309 624; x_wconf 76' lang='lat' dir='ltr'>troo</span> <span class='ocrx_word' id='word_1_4' title='bbox 1809 565 1862 630; x_wconf 68' lang='lat' dir='ltr'>llll</span> <span class='ocrx_word' id='word_1_5' title='bbox 1914 569 1966 620; x_wconf 81' lang='lat' dir='ltr'>An.</span> <span class='ocrx_word' id='word_1_6' title='bbox 1981 569 2010 621; x_wconf 81' lang='lat' dir='ltr'>C.</span> <span class='ocrx_word' id='word_1_7' title='bbox 2032 568 2101 620; x_wconf 79' lang='grc'><strong>1700</strong></span> 
     </span>
    </p>
   </div>
   <div class='ocr_carea' id='block_1_2' title="bbox 964 579 1252 630">
    <p class='ocr_par' dir='ltr' id='par_1_2' title="bbox 964 579 1252 630">
     <span class='ocr_line' id='line_1_2' title="bbox 964 579 1252 630; baseline -0.007 0"><span class='ocrx_word' id='word_1_8' title='bbox 964 581 1173 630; x_wconf 69' lang='lat' dir='ltr'>tdbdcllx&#39;rtt&#39;s</span> <span class='ocrx_word' id='word_1_9' title='bbox 1195 579 1252 630; x_wconf 84' lang='lat' dir='ltr'>litt.</span> 
     </span>
    </p>
   </div>
   <div class='ocr_carea' id='block_1_3' title="bbox 338 701 1885 1064">
    <p class='ocr_par' dir='ltr' id='par_1_3' title="bbox 338 701 1885 1064">
     <span class='ocr_line' id='line_1_3' title="bbox 342 701 1881 784; baseline -0.002 -17"><span class='ocrx_word' id='word_1_10' title='bbox 342 705 443 767; x_wconf 80' lang='lat' dir='ltr'>nostri</span> <span class='ocrx_word' id='word_1_11' title='bbox 470 710 502 766; x_wconf 91' lang='lat' dir='ltr'>et</span> <span class='ocrx_word' id='word_1_12' title='bbox 524 702 730 768; x_wconf 75' lang='lat' dir='ltr'>cancellariae</span> <span class='ocrx_word' id='word_1_13' title='bbox 757 704 946 784; x_wconf 72' lang='lat' dir='ltr'>apostolicae</span> <span class='ocrx_word' id='word_1_14' title='bbox 974 703 1083 780; x_wconf 79' lang='lat' dir='ltr'>regula</span> <span class='ocrx_word' id='word_1_15' title='bbox 1108 707 1110 784; x_wconf 65' lang='lat' dir='ltr'>l</span> <span class='ocrx_word' id='word_1_16' title='bbox 1176 717 1240 764; x_wconf 86' lang='lat' dir='ltr'>aaa</span> <span class='ocrx_word' id='word_1_17' title='bbox 1262 701 1404 765; x_wconf 81' lang='lat' dir='ltr'>inueniri</span> <span class='ocrx_word' id='word_1_18' title='bbox 1420 703 1485 764; x_wconf 84' lang='lat' dir='ltr'>alai</span> <span class='ocrx_word' id='word_1_19' title='bbox 1500 703 1536 764; x_wconf 86' lang='lat' dir='ltr'>ia</span> <span class='ocrx_word' id='word_1_20' title='bbox 1552 701 1695 765; x_wconf 78' lang='lat' dir='ltr'>Ecclesia</span> <span class='ocrx_word' id='word_1_21' title='bbox 1710 702 1881 775; x_wconf 77' lang='lat' dir='ltr'>catholicli,</span> 
     </span>
     <span class='ocr_line' id='line_1_4' title="bbox 339 795 1884 883; baseline -0.001 -23"><span class='ocrx_word' id='word_1_22' title='bbox 339 799 375 860; x_wconf 93' lang='lat' dir='ltr'>de</span> <span class='ocrx_word' id='word_1_23' title='bbox 407 813 471 859; x_wconf 89' lang='lat' dir='ltr'>non</span> <span class='ocrx_word' id='word_1_24' title='bbox 503 799 707 860; x_wconf 79' lang='lat' dir='ltr'>concedendis</span> <span class='ocrx_word' id='word_1_25' title='bbox 738 797 943 874; x_wconf 79' lang='lat' dir='ltr'>indulgentiis</span> <span class='ocrx_word' id='word_1_26' title='bbox 971 797 1007 860; x_wconf 92' lang='lat' dir='ltr'>ad</span> <span class='ocrx_word' id='word_1_27' title='bbox 1034 799 1082 860; x_wconf 92' lang='lat' dir='ltr'>in·</span> <span class='ocrx_word' id='word_1_28' title='bbox 1109 875 1111 883; x_wconf 26' lang='grc'>.</span> <span class='ocrx_word' id='word_1_29' title='bbox 1177 795 1334 874; x_wconf 86' lang='lat' dir='ltr'>adquam</span> <span class='ocrx_word' id='word_1_30' title='bbox 1362 796 1495 872; x_wconf 83' lang='lat' dir='ltr'>proinde</span> <span class='ocrx_word' id='word_1_31' title='bbox 1523 797 1617 859; x_wconf 86' lang='lat' dir='ltr'>illam</span> <span class='ocrx_word' id='word_1_32' title='bbox 1646 813 1718 858; x_wconf 86' lang='lat' dir='ltr'>cam</span> <span class='ocrx_word' id='word_1_33' title='bbox 1743 799 1812 858; x_wconf 84' lang='lat' dir='ltr'>sais</span> <span class='ocrx_word' id='word_1_34' title='bbox 1834 799 1884 859; x_wconf 85' lang='lat' dir='ltr'>in·</span> 
     </span>
     <span class='ocr_line' id='line_1_5' title="bbox 338 889 1885 969; baseline 0 -15"><span class='ocrx_word' id='word_1_35' title='bbox 338 901 417 966; x_wconf 90' lang='lat' dir='ltr'>star,</span> <span class='ocrx_word' id='word_1_36' title='bbox 450 909 483 954; x_wconf 88' lang='lat' dir='ltr'>ac</span> <span class='ocrx_word' id='word_1_37' title='bbox 510 891 577 954; x_wconf 91' lang='lat' dir='ltr'>aliis</span> <span class='ocrx_word' id='word_1_38' title='bbox 605 892 878 955; x_wconf 71' lang='lat' dir='ltr'>constitutionibus</span> <span class='ocrx_word' id='word_1_39' title='bbox 904 901 935 954; x_wconf 91' lang='lat' dir='ltr'>et</span> <span class='ocrx_word' id='word_1_40' title='bbox 962 892 1082 953; x_wconf 91' lang='lat' dir='ltr'>ordina·</span> <span class='ocrx_word' id='word_1_41' title='bbox 1109 891 1111 969; x_wconf 56' lang='grc' dir='ltr'>ι</span> <span class='ocrx_word' id='word_1_42' title='bbox 1177 889 1278 960; x_wconf 79' lang='lat' dir='ltr'>ritui,</span> <span class='ocrx_word' id='word_1_43' title='bbox 1306 889 1438 951; x_wconf 78' lang='lat' dir='ltr'>initiens</span> <span class='ocrx_word' id='word_1_44' title='bbox 1465 891 1509 968; x_wconf 71' lang='lat' dir='ltr'>fr.</span> <span class='ocrx_word' id='word_1_45' title='bbox 1535 891 1744 952; x_wconf 70' lang='lat' dir='ltr'>franciscana</span> <span class='ocrx_word' id='word_1_46' title='bbox 1770 892 1805 952; x_wconf 83' lang='lat' dir='ltr'>da</span> <span class='ocrx_word' id='word_1_47' title='bbox 1829 891 1885 954; x_wconf 86' lang='lat' dir='ltr'>Sc-</span> 
     </span>
     <span class='ocr_line' id='line_1_6' title="bbox 341 972 1883 1064; baseline -0.004 -14"><span class='ocrx_word' id='word_1_48' title='bbox 341 987 473 1050; x_wconf 89' lang='lat' dir='ltr'>tionibus</span> <span class='ocrx_word' id='word_1_49' title='bbox 503 987 689 1064; x_wconf 90' lang='lat' dir='ltr'>apostolicis,</span> <span class='ocrx_word' id='word_1_50' title='bbox 722 986 893 1064; x_wconf 88' lang='lat' dir='ltr'>ceterisque</span> <span class='ocrx_word' id='word_1_51' title='bbox 921 972 1112 1048; x_wconf 60' lang='lat' dir='ltr'>contrariis?</span> <span class='ocrx_word' id='word_1_52' title='bbox 1177 988 1285 1048; x_wconf 82' lang='lat' dir='ltr'>lentate</span> <span class='ocrx_word' id='word_1_53' title='bbox 1307 995 1345 1049; x_wconf 83' lang='lat' dir='ltr'>at</span> <span class='ocrx_word' id='word_1_54' title='bbox 1367 985 1764 1047; x_wconf 80' lang='lat' dir='ltr'>etadoctriaaaetasdem</span> <span class='ocrx_word' id='word_1_55' title='bbox 1781 982 1883 1045; x_wconf 82' lang='lat' dir='ltr'>Eccle-</span> 
     </span>
    </p>
   </div>
   <div class='ocr_carea' id='block_1_4' title="bbox 338 1082 1082 1438">
    <p class='ocr_par' dir='ltr' id='par_1_4' title="bbox 338 1082 594 1161">
     <span class='ocr_line' id='line_1_7' title="bbox 338 1082 594 1161; baseline -0.008 -17"><span class='ocrx_word' id='word_1_56' title='bbox 338 1082 594 1161; x_wconf 89' lang='lat' dir='ltr'>quibuscumque.</span> 
     </span>
    </p>

    <p class='ocr_par' dir='ltr' id='par_1_5' title="bbox 339 1172 1082 1438">
     <span class='ocr_line' id='line_1_8' title="bbox 378 1172 1082 1251; baseline -0.006 -15"><span class='ocrx_word' id='word_1_57' title='bbox 378 1175 489 1238; x_wconf 89' lang='lat' dir='ltr'>Datum</span> <span class='ocrx_word' id='word_1_58' title='bbox 517 1174 642 1248; x_wconf 88' lang='lat' dir='ltr'>Romae,</span> <span class='ocrx_word' id='word_1_59' title='bbox 668 1174 746 1251; x_wconf 86' lang='lat' dir='ltr'>apud</span> <span class='ocrx_word' id='word_1_60' title='bbox 777 1172 807 1235; x_wconf 58' lang='lat' dir='ltr'>S»</span> <span class='ocrx_word' id='word_1_61' title='bbox 836 1173 962 1236; x_wconf 88' lang='lat' dir='ltr'>lllariam</span> <span class='ocrx_word' id='word_1_62' title='bbox 992 1172 1082 1234; x_wconf 87' lang='lat' dir='ltr'>Maio-</span> 
     </span>
     <span class='ocr_line' id='line_1_9' title="bbox 340 1265 1082 1341; baseline -0.004 -13"><span class='ocrx_word' id='word_1_63' title='bbox 340 1283 418 1341; x_wconf 87' lang='lat' dir='ltr'>rem,</span> <span class='ocrx_word' id='word_1_64' title='bbox 439 1268 497 1329; x_wconf 89' lang='lat' dir='ltr'>sub</span> <span class='ocrx_word' id='word_1_65' title='bbox 517 1267 635 1328; x_wconf 90' lang='lat' dir='ltr'>annulo</span> <span class='ocrx_word' id='word_1_66' title='bbox 659 1266 829 1341; x_wconf 89' lang='lat' dir='ltr'>Piscatoris,</span> <span class='ocrx_word' id='word_1_67' title='bbox 853 1266 901 1328; x_wconf 91' lang='lat' dir='ltr'>die</span> <span class='ocrx_word' id='word_1_68' title='bbox 920 1284 962 1326; x_wconf 87' lang='lat' dir='ltr'>vr.</span> <span class='ocrx_word' id='word_1_69' title='bbox 980 1265 1082 1326; x_wconf 92' lang='lat' dir='ltr'>martii</span> 
     </span>
     <span class='ocr_line' id='line_1_10' title="bbox 339 1358 957 1438; baseline -0.006 -16"><span class='ocrx_word' id='word_1_70' title='bbox 339 1377 449 1434; x_wconf 76' lang='lat' dir='ltr'>unca,</span> <span class='ocrx_word' id='word_1_71' title='bbox 473 1361 668 1438; x_wconf 84' lang='lat' dir='ltr'>pontificatus</span> <span class='ocrx_word' id='word_1_72' title='bbox 689 1358 788 1420; x_wconf 89' lang='lat' dir='ltr'>nostri</span> <span class='ocrx_word' id='word_1_73' title='bbox 809 1375 891 1420; x_wconf 89' lang='lat' dir='ltr'>anno</span> <span class='ocrx_word' id='word_1_74' title='bbox 913 1375 957 1419; x_wconf 88' lang='lat' dir='ltr'>rx.</span> 
     </span>
    </p>
   </div>
   <div class='ocr_carea' id='block_1_5' title="bbox 666 1643 763 1706">
    <p class='ocr_par' dir='ltr' id='par_1_6' title="bbox 666 1643 763 1706">
     <span class='ocr_line' id='line_1_11' title="bbox 666 1643 763 1706; baseline -0.041 0"><span class='ocrx_word' id='word_1_75' title='bbox 666 1643 763 1706; x_wconf 75' lang='lat' dir='ltr'>XXX.</span> 
     </span>
    </p>
   </div>
   <div class='ocr_carea' id='block_1_6' title="bbox 340 1827 1085 2090">
    <p class='ocr_par' dir='ltr' id='par_1_7' title="bbox 340 1827 1085 2090">
     <span class='ocr_line' id='line_1_12' title="bbox 340 1827 1084 1893; baseline -0.009 0"><span class='ocrx_word' id='word_1_76' title='bbox 340 1827 489 1893; x_wconf 81' lang='lat' dir='ltr'>Alrbctem</span> <span class='ocrx_word' id='word_1_77' title='bbox 511 1831 692 1893; x_wconf 70' lang='lat' dir='ltr'>denarrarem</span> <span class='ocrx_word' id='word_1_78' title='bbox 714 1827 942 1890; x_wconf 77' lang='lat' dir='ltr'>mortariorum</span> <span class='ocrx_word' id='word_1_79' title='bbox 959 1827 1084 1888; x_wconf 81' lang='lat' dir='ltr'>Aethio·</span> 
     </span>
     <span class='ocr_line' id='line_1_13' title="bbox 380 1921 1085 1999; baseline -0.006 -15"><span class='ocrx_word' id='word_1_80' title='bbox 380 1937 455 1999; x_wconf 82' lang='lat' dir='ltr'>pam</span> <span class='ocrx_word' id='word_1_81' title='bbox 476 1924 576 1992; x_wconf 70' lang='lat' dir='ltr'>docear,</span> <span class='ocrx_word' id='word_1_82' title='bbox 598 1922 685 1984; x_wconf 84' lang='lat' dir='ltr'>aiom</span> <span class='ocrx_word' id='word_1_83' title='bbox 705 1921 838 1992; x_wconf 81' lang='lat' dir='ltr'>salutis,</span> <span class='ocrx_word' id='word_1_84' title='bbox 860 1935 956 1998; x_wconf 86' lang='lat' dir='ltr'>qaum</span> <span class='ocrx_word' id='word_1_85' title='bbox 977 1935 1085 1980; x_wconf 85' lang='lat' dir='ltr'>areaa-</span> 
     </span>
     <span class='ocr_line' id='line_1_14' title="bbox 380 2011 1083 2090; baseline -0.003 -14"><span class='ocrx_word' id='word_1_86' title='bbox 380 2017 431 2076; x_wconf 77' lang='grc' dir='ltr'>ιιι</span> <span class='ocrx_word' id='word_1_87' title='bbox 451 2033 483 2076; x_wconf 85' lang='lat' dir='ltr'>se</span> <span class='ocrx_word' id='word_1_88' title='bbox 504 2034 523 2078; x_wconf 88' lang='lat' dir='ltr'>d</span> <span class='ocrx_word' id='word_1_89' title='bbox 545 2015 670 2078; x_wconf 81' lang='lat' dir='ltr'>soeculo</span> <span class='ocrx_word' id='word_1_90' title='bbox 697 2011 886 2076; x_wconf 76' lang='lat' dir='ltr'>addiscentes</span> <span class='ocrx_word' id='word_1_91' title='bbox 908 2021 1083 2090; x_wconf 80' lang='lat' dir='ltr'>parcerent,</span> 
     </span>
    </p>
   </div>
   <div class='ocr_carea' id='block_1_7' title="bbox 342 2279 1114 2532">
    <p class='ocr_par' dir='ltr' id='par_1_8' title="bbox 342 2279 1114 2532">
     <span class='ocr_line' id='line_1_15' title="bbox 382 2279 1114 2342; baseline -0.012 -12"><span class='ocrx_word' id='word_1_92' title='bbox 382 2287 411 2342; x_wconf 77' lang='lat' dir='ltr'>(l)</span> <span class='ocrx_word' id='word_1_93' title='bbox 427 2287 465 2330; x_wconf 85' lang='lat' dir='ltr'>Ex</span> <span class='ocrx_word' id='word_1_94' title='bbox 478 2287 582 2341; x_wconf 82' lang='lat' dir='ltr'>Regest.</span> <span class='ocrx_word' id='word_1_95' title='bbox 602 2284 658 2328; x_wconf 88' lang='lat' dir='ltr'>val.</span> <span class='ocrx_word' id='word_1_96' title='bbox 674 2282 748 2339; x_wconf 87' lang='lat' dir='ltr'>epist.</span> <span class='ocrx_word' id='word_1_97' title='bbox 765 2281 798 2326; x_wconf 91' lang='lat' dir='ltr'>ad</span> <span class='ocrx_word' id='word_1_98' title='bbox 816 2279 946 2338; x_wconf 84' lang='lat' dir='ltr'>principes</span> <span class='ocrx_word' id='word_1_99' title='bbox 965 2285 992 2325; x_wconf 87' lang='lat' dir='ltr'>et</span> <span class='ocrx_word' id='word_1_100' title='bbox 1010 2279 1086 2334; x_wconf 89' lang='lat' dir='ltr'>alios,</span> <span class='ocrx_word' id='word_1_101' title='bbox 1112 2282 1114 2319; x_wconf 78' lang='lat' dir='ltr'>l</span> 
     </span>
     <span class='ocr_line' id='line_1_16' title="bbox 342 2347 1114 2407; baseline -0.009 -9"><span class='ocrx_word' id='word_1_102' title='bbox 342 2354 385 2398; x_wconf 88' lang='lat' dir='ltr'>fol.</span> <span class='ocrx_word' id='word_1_103' title='bbox 396 2355 443 2397; x_wconf 69' lang='lat' dir='ltr'>w.</span> <span class='ocrx_word' id='word_1_104' title='bbox 459 2355 495 2396; x_wconf 80' lang='lat' dir='ltr'>Ex</span> <span class='ocrx_word' id='word_1_105' title='bbox 510 2351 599 2396; x_wconf 87' lang='lat' dir='ltr'>eodem</span> <span class='ocrx_word' id='word_1_106' title='bbox 614 2360 662 2407; x_wconf 90' lang='lat' dir='ltr'>pro</span> <span class='ocrx_word' id='word_1_107' title='bbox 676 2348 790 2393; x_wconf 87' lang='lat' dir='ltr'>historia</span> <span class='ocrx_word' id='word_1_108' title='bbox 804 2347 982 2404; x_wconf 81' lang='lat' dir='ltr'>depromimus</span> <span class='ocrx_word' id='word_1_109' title='bbox 993 2348 1086 2404; x_wconf 77' lang='lat' dir='ltr'>episto</span> <span class='ocrx_word' id='word_1_110' title='bbox 1112 2376 1114 2382; x_wconf 88' lang='lat'>.</span> 
     </span>
     <span class='ocr_line' id='line_1_17' title="bbox 342 2415 1085 2475; baseline -0.011 -9"><span class='ocrx_word' id='word_1_111' title='bbox 342 2421 381 2466; x_wconf 84' lang='lat' dir='ltr'>los</span> <span class='ocrx_word' id='word_1_112' title='bbox 401 2420 434 2465; x_wconf 90' lang='lat' dir='ltr'>ad</span> <span class='ocrx_word' id='word_1_113' title='bbox 456 2422 554 2475; x_wconf 75' lang='lat' dir='ltr'>Regem</span> <span class='ocrx_word' id='word_1_114' title='bbox 577 2415 731 2474; x_wconf 78' lang='lat' dir='ltr'>Aethiopiae</span> <span class='ocrx_word' id='word_1_115' title='bbox 752 2418 778 2460; x_wconf 88' lang='lat' dir='ltr'>et</span> <span class='ocrx_word' id='word_1_116' title='bbox 795 2415 828 2461; x_wconf 90' lang='lat' dir='ltr'>ad</span> <span class='ocrx_word' id='word_1_117' title='bbox 846 2415 1085 2472; x_wconf 87' lang='lat' dir='ltr'>Archiepiscopum,</span> 
     </span>
     <span class='ocr_line' id='line_1_18' title="bbox 342 2487 500 2532; baseline -0.013 0"><span class='ocrx_word' id='word_1_118' title='bbox 342 2487 383 2532; x_wconf 93' lang='lat' dir='ltr'>fol.</span> <span class='ocrx_word' id='word_1_119' title='bbox 398 2487 500 2532; x_wconf 56' lang='lat' dir='ltr'>masao.</span> 
     </span>
    </p>
   </div>
   <div class='ocr_carea' id='block_1_8' title="bbox 531 2577 896 2624">
    <p class='ocr_par' dir='ltr' id='par_1_9' title="bbox 531 2577 896 2624">
     <span class='ocr_line' id='line_1_19' title="bbox 531 2577 896 2624; baseline -0.005 0"><span class='ocrx_word' id='word_1_120' title='bbox 531 2580 736 2624; x_wconf 63' lang='lat' dir='ltr'>landebertus</span> <span class='ocrx_word' id='word_1_121' title='bbox 751 2579 830 2622; x_wconf 83' lang='lat' dir='ltr'>PAPA</span> <span class='ocrx_word' id='word_1_122' title='bbox 845 2577 896 2622; x_wconf 81' lang='lat' dir='ltr'>xil.</span> 
     </span>
    </p>
   </div>
   <div class='ocr_carea' id='block_1_9' title="bbox 357 2688 1073 2872">
    <p class='ocr_par' dir='ltr' id='par_1_10' title="bbox 357 2688 1073 2872">
     <span class='ocr_line' id='line_1_20' title="bbox 415 2688 1015 2738; baseline -0.007 -4"><span class='ocrx_word' id='word_1_123' title='bbox 415 2691 520 2734; x_wconf 76' lang='lat' dir='ltr'>lttmtrt</span> <span class='ocrx_word' id='word_1_124' title='bbox 533 2699 564 2731; x_wconf 82' lang='lat' dir='ltr'>ac</span> <span class='ocrx_word' id='word_1_125' title='bbox 579 2690 764 2732; x_wconf 75' lang='lat' dir='ltr'>Potentisstmo</span> <span class='ocrx_word' id='word_1_126' title='bbox 779 2689 843 2738; x_wconf 69' lang='lat' dir='ltr'>Reae</span> <span class='ocrx_word' id='word_1_127' title='bbox 858 2688 1015 2738; x_wconf 78' lang='lat' dir='ltr'>Aethiopiae.</span> 
     </span>
     <span class='ocr_line' id='line_1_21' title="bbox 357 2757 1073 2802; baseline -0.004 -2"><span class='ocrx_word' id='word_1_128' title='bbox 357 2760 474 2801; x_wconf 83' lang='lat' dir='ltr'>Illustrts</span> <span class='ocrx_word' id='word_1_129' title='bbox 491 2767 522 2800; x_wconf 83' lang='lat' dir='ltr'>ac</span> <span class='ocrx_word' id='word_1_130' title='bbox 536 2758 719 2800; x_wconf 74' lang='lat' dir='ltr'>Potentastme</span> <span class='ocrx_word' id='word_1_131' title='bbox 733 2757 798 2802; x_wconf 70' lang='lat' dir='ltr'>Rea,</span> <span class='ocrx_word' id='word_1_132' title='bbox 814 2757 930 2798; x_wconf 69' lang='lat' dir='ltr'>satiatem</span> <span class='ocrx_word' id='word_1_133' title='bbox 943 2759 968 2797; x_wconf 86' lang='lat' dir='ltr'>et</span> <span class='ocrx_word' id='word_1_134' title='bbox 981 2757 1073 2798; x_wconf 81' lang='lat' dir='ltr'>lumea</span> 
     </span>
     <span class='ocr_line' id='line_1_22' title="bbox 599 2823 829 2872; baseline -0.013 -6"><span class='ocrx_word' id='word_1_135' title='bbox 599 2825 707 2866; x_wconf 80' lang='lat' dir='ltr'>diuinae</span> <span class='ocrx_word' id='word_1_136' title='bbox 719 2823 829 2872; x_wconf 71' lang='lat' dir='ltr'>arettae.</span> 
     </span>
    </p>
   </div>
   <div class='ocr_carea' id='block_1_10' title="bbox 343 2952 1123 6018">
    <p class='ocr_par' dir='ltr' id='par_1_11' title="bbox 343 2952 1123 6018">
     <span class='ocr_line' id='line_1_23' title="bbox 383 2952 1085 3010; baseline -0.006 -8"><span class='ocrx_word' id='word_1_137' title='bbox 383 2956 454 3008; x_wconf 84' lang='lat' dir='ltr'>Quod</span> <span class='ocrx_word' id='word_1_138' title='bbox 467 2956 500 3001; x_wconf 91' lang='lat' dir='ltr'>ad</span> <span class='ocrx_word' id='word_1_139' title='bbox 514 2956 628 3001; x_wconf 89' lang='lat' dir='ltr'>sublime</span> <span class='ocrx_word' id='word_1_140' title='bbox 649 2958 770 3000; x_wconf 83' lang='lat' dir='ltr'>terrenae</span> <span class='ocrx_word' id='word_1_141' title='bbox 792 2952 931 3010; x_wconf 80' lang='lat' dir='ltr'>dignitatis</span> <span class='ocrx_word' id='word_1_142' title='bbox 950 2953 1085 3010; x_wconf 73' lang='lat' dir='ltr'>fastigium</span> 
     </span>
     <span class='ocr_line' id='line_1_24' title="bbox 343 3020 1087 3078; baseline -0.005 -10"><span class='ocrx_word' id='word_1_143' title='bbox 343 3023 525 3068; x_wconf 81' lang='lat' dir='ltr'>celsitudinem</span> <span class='ocrx_word' id='word_1_144' title='bbox 541 3025 613 3068; x_wconf 92' lang='lat' dir='ltr'>tuam</span> <span class='ocrx_word' id='word_1_145' title='bbox 629 3025 696 3066; x_wconf 86' lang='lat' dir='ltr'>Deus</span> <span class='ocrx_word' id='word_1_146' title='bbox 711 3023 767 3078; x_wconf 82' lang='lat' dir='ltr'>Opi.</span> <span class='ocrx_word' id='word_1_147' title='bbox 783 3023 858 3075; x_wconf 82' lang='lat' dir='ltr'>Max,</span> <span class='ocrx_word' id='word_1_148' title='bbox 873 3020 918 3077; x_wconf 92' lang='lat' dir='ltr'>qui</span> <span class='ocrx_word' id='word_1_149' title='bbox 933 3023 988 3065; x_wconf 83' lang='lat' dir='ltr'>Rex</span> <span class='ocrx_word' id='word_1_150' title='bbox 1000 3023 1039 3066; x_wconf 89' lang='lat' dir='ltr'>est</span> <span class='ocrx_word' id='word_1_151' title='bbox 1050 3031 1087 3064; x_wconf 90' lang='lat' dir='ltr'>re·</span> 
     </span>
     <span class='ocr_line' id='line_1_25' title="bbox 343 3087 1088 3146; baseline -0.004 -11"><span class='ocrx_word' id='word_1_152' title='bbox 343 3101 406 3146; x_wconf 75' lang='lat' dir='ltr'>gum</span> <span class='ocrx_word' id='word_1_153' title='bbox 424 3093 450 3135; x_wconf 91' lang='lat' dir='ltr'>et</span> <span class='ocrx_word' id='word_1_154' title='bbox 469 3089 594 3134; x_wconf 84' lang='lat' dir='ltr'>Dominus</span> <span class='ocrx_word' id='word_1_155' title='bbox 615 3088 818 3141; x_wconf 88' lang='lat' dir='ltr'>dominantium,</span> <span class='ocrx_word' id='word_1_156' title='bbox 840 3087 965 3143; x_wconf 87' lang='lat' dir='ltr'>evexerit,</span> <span class='ocrx_word' id='word_1_157' title='bbox 988 3087 1088 3144; x_wconf 91' lang='lat' dir='ltr'>tibique</span> 
     </span>
     <span class='ocr_line' id='line_1_26' title="bbox 344 3154 1116 3212; baseline -0.003 -12"><span class='ocrx_word' id='word_1_158' title='bbox 344 3156 433 3202; x_wconf 87' lang='lat' dir='ltr'>fecerit</span> <span class='ocrx_word' id='word_1_159' title='bbox 454 3167 547 3202; x_wconf 90' lang='lat' dir='ltr'>nomen</span> <span class='ocrx_word' id='word_1_160' title='bbox 568 3156 676 3212; x_wconf 61' lang='lat' dir='ltr'>mande,</span> <span class='ocrx_word' id='word_1_161' title='bbox 697 3155 765 3212; x_wconf 88' lang='lat' dir='ltr'>quod</span> <span class='ocrx_word' id='word_1_162' title='bbox 788 3155 884 3198; x_wconf 88' lang='lat' dir='ltr'>nedum</span> <span class='ocrx_word' id='word_1_163' title='bbox 906 3154 1004 3210; x_wconf 86' lang='lat' dir='ltr'>populi,</span> <span class='ocrx_word' id='word_1_164' title='bbox 1023 3165 1087 3212; x_wconf 89' lang='lat' dir='ltr'>quos</span> <span class='ocrx_word' id='word_1_165' title='bbox 1114 3160 1116 3206; x_wconf 83' lang='grc' dir='ltr'>ι</span> 
     </span>
     <span class='ocr_line' id='line_1_27' title="bbox 344 3210 1116 3280; baseline -0.004 -13"><span class='ocrx_word' id='word_1_166' title='bbox 344 3224 420 3280; x_wconf 76' lang='lat' dir='ltr'>longe</span> <span class='ocrx_word' id='word_1_167' title='bbox 433 3223 539 3279; x_wconf 87' lang='lat' dir='ltr'>lateque</span> <span class='ocrx_word' id='word_1_168' title='bbox 553 3220 699 3268; x_wconf 88' lang='lat' dir='ltr'>moderaris</span> <span class='ocrx_word' id='word_1_169' title='bbox 713 3220 833 3277; x_wconf 88' lang='lat' dir='ltr'>imperio,</span> <span class='ocrx_word' id='word_1_170' title='bbox 848 3223 1028 3272; x_wconf 83' lang='lat' dir='ltr'>revereantur,</span> <span class='ocrx_word' id='word_1_171' title='bbox 1043 3219 1087 3264; x_wconf 89' lang='lat' dir='ltr'>sed</span> <span class='ocrx_word' id='word_1_172' title='bbox 1114 3210 1116 3265; x_wconf 67' lang='grc' dir='ltr'>Γ</span> 
     </span>
     <span class='ocr_line' id='line_1_28' title="bbox 345 3286 1087 3346; baseline -0.005 -12"><span class='ocrx_word' id='word_1_173' title='bbox 345 3292 448 3335; x_wconf 86' lang='lat' dir='ltr'>exterae</span> <span class='ocrx_word' id='word_1_174' title='bbox 469 3299 580 3346; x_wconf 89' lang='lat' dir='ltr'>quoque,</span> <span class='ocrx_word' id='word_1_175' title='bbox 601 3287 771 3344; x_wconf 82' lang='lat' dir='ltr'>quantumvis</span> <span class='ocrx_word' id='word_1_176' title='bbox 792 3286 910 3342; x_wconf 83' lang='lat' dir='ltr'>dissitas,</span> <span class='ocrx_word' id='word_1_177' title='bbox 925 3286 1046 3332; x_wconf 89' lang='lat' dir='ltr'>nationes</span> <span class='ocrx_word' id='word_1_178' title='bbox 1060 3286 1087 3330; x_wconf 92' lang='lat' dir='ltr'>in</span> 
     </span>
     <span class='ocr_line' id='line_1_29' title="bbox 346 3354 1087 3412; baseline -0.007 -9"><span class='ocrx_word' id='word_1_179' title='bbox 346 3360 442 3403; x_wconf 90' lang='lat' dir='ltr'>honore</span> <span class='ocrx_word' id='word_1_180' title='bbox 457 3357 579 3411; x_wconf 87' lang='lat' dir='ltr'>habeant,</span> <span class='ocrx_word' id='word_1_181' title='bbox 589 3357 672 3401; x_wconf 88' lang='lat' dir='ltr'>eidem</span> <span class='ocrx_word' id='word_1_182' title='bbox 688 3355 802 3412; x_wconf 90' lang='lat' dir='ltr'>profecto</span> <span class='ocrx_word' id='word_1_183' title='bbox 817 3354 950 3410; x_wconf 79' lang='lat' dir='ltr'>largitori</span> <span class='ocrx_word' id='word_1_184' title='bbox 959 3354 1087 3399; x_wconf 88' lang='lat' dir='ltr'>bonorum</span> 
     </span>
     <span class='ocr_line' id='line_1_30' title="bbox 344 3421 1090 3480; baseline -0.004 -11"><span class='ocrx_word' id='word_1_185' title='bbox 344 3424 462 3470; x_wconf 88' lang='lat' dir='ltr'>omnium</span> <span class='ocrx_word' id='word_1_186' title='bbox 482 3425 618 3480; x_wconf 88' lang='lat' dir='ltr'>acceptum</span> <span class='ocrx_word' id='word_1_187' title='bbox 639 3421 737 3468; x_wconf 87' lang='lat' dir='ltr'>referre</span> <span class='ocrx_word' id='word_1_188' title='bbox 758 3421 844 3476; x_wconf 87' lang='lat' dir='ltr'>debes,</span> <span class='ocrx_word' id='word_1_189' title='bbox 859 3421 1018 3479; x_wconf 85' lang='lat' dir='ltr'>ac·proinde</span> <span class='ocrx_word' id='word_1_190' title='bbox 1033 3432 1090 3478; x_wconf 90' lang='lat' dir='ltr'>pro·</span> 
     </span>
     <span class='ocr_line' id='line_1_31' title="bbox 345 3487 1116 3546; baseline 0 -12"><span class='ocrx_word' id='word_1_191' title='bbox 345 3501 407 3535; x_wconf 93' lang='lat' dir='ltr'>num</span> <span class='ocrx_word' id='word_1_192' title='bbox 422 3489 584 3545; x_wconf 84' lang='lat' dir='ltr'>docilemque</span> <span class='ocrx_word' id='word_1_193' title='bbox 603 3488 721 3534; x_wconf 88' lang='lat' dir='ltr'>animum</span> <span class='ocrx_word' id='word_1_194' title='bbox 736 3489 769 3535; x_wconf 91' lang='lat' dir='ltr'>ad</span> <span class='ocrx_word' id='word_1_195' title='bbox 785 3489 906 3533; x_wconf 88' lang='lat' dir='ltr'>eumdem</span> <span class='ocrx_word' id='word_1_196' title='bbox 926 3487 1005 3546; x_wconf 89' lang='lat' dir='ltr'>probe</span> <span class='ocrx_word' id='word_1_197' title='bbox 1020 3499 1089 3534; x_wconf 74' lang='lat' dir='ltr'>rece</span> <span class='ocrx_word' id='word_1_198' title='bbox 1114 3512 1116 3520; x_wconf 40' lang='grc' dir='ltr'>ι</span> 
     </span>
     <span class='ocr_line' id='line_1_32' title="bbox 346 3555 1089 3612; baseline -0.001 -11"><span class='ocrx_word' id='word_1_199' title='bbox 346 3557 450 3602; x_wconf 90' lang='lat' dir='ltr'>lendum</span> <span class='ocrx_word' id='word_1_200' title='bbox 469 3555 599 3601; x_wconf 90' lang='lat' dir='ltr'>exhibere.</span> <span class='ocrx_word' id='word_1_201' title='bbox 622 3558 672 3600; x_wconf 88' lang='lat' dir='ltr'>Nos</span> <span class='ocrx_word' id='word_1_202' title='bbox 687 3555 784 3612; x_wconf 87' lang='lat' dir='ltr'>itaque,</span> <span class='ocrx_word' id='word_1_203' title='bbox 799 3555 854 3612; x_wconf 89' lang='lat' dir='ltr'>qui,</span> <span class='ocrx_word' id='word_1_204' title='bbox 868 3555 930 3600; x_wconf 87' lang='lat' dir='ltr'>licet</span> <span class='ocrx_word' id='word_1_205' title='bbox 951 3555 1089 3600; x_wconf 90' lang='lat' dir='ltr'>immeren-</span> 
     </span>
     <span class='ocr_line' id='line_1_33' title="bbox 346 3621 1089 3681; baseline -0.005 -11"><span class='ocrx_word' id='word_1_206' title='bbox 346 3627 393 3679; x_wconf 85' lang='lat' dir='ltr'>les,</span> <span class='ocrx_word' id='word_1_207' title='bbox 406 3625 451 3670; x_wconf 86' lang='lat' dir='ltr'>Dei</span> <span class='ocrx_word' id='word_1_208' title='bbox 471 3623 555 3681; x_wconf 90' lang='lat' dir='ltr'>ipsius</span> <span class='ocrx_word' id='word_1_209' title='bbox 575 3622 643 3668; x_wconf 81' lang='lat' dir='ltr'>vices</span> <span class='ocrx_word' id='word_1_210' title='bbox 665 3623 783 3679; x_wconf 79' lang='lat' dir='ltr'>gerimus</span> <span class='ocrx_word' id='word_1_211' title='bbox 799 3622 825 3667; x_wconf 92' lang='lat' dir='ltr'>in</span> <span class='ocrx_word' id='word_1_212' title='bbox 842 3621 930 3677; x_wconf 86' lang='lat' dir='ltr'>terris,</span> <span class='ocrx_word' id='word_1_213' title='bbox 945 3621 996 3666; x_wconf 88' lang='lat' dir='ltr'>etsi</span> <span class='ocrx_word' id='word_1_214' title='bbox 1010 3622 1089 3678; x_wconf 76' lang='lat' dir='ltr'>longo</span> 
     </span>
     <span class='ocr_line' id='line_1_34' title="bbox 345 3689 1116 3752; baseline -0.003 -16"><span class='ocrx_word' id='word_1_215' title='bbox 345 3692 461 3736; x_wconf 87' lang='lat' dir='ltr'>locorum</span> <span class='ocrx_word' id='word_1_216' title='bbox 475 3689 617 3736; x_wconf 85' lang='lat' dir='ltr'>intervallo</span> <span class='ocrx_word' id='word_1_217' title='bbox 630 3699 646 3735; x_wconf 91' lang='lat' dir='ltr'>a</span> <span class='ocrx_word' id='word_1_218' title='bbox 661 3691 687 3734; x_wconf 89' lang='lat' dir='ltr'>te</span> <span class='ocrx_word' id='word_1_219' title='bbox 702 3689 826 3746; x_wconf 89' lang='lat' dir='ltr'>separati,</span> <span class='ocrx_word' id='word_1_220' title='bbox 841 3689 984 3746; x_wconf 84' lang='lat' dir='ltr'>apostolica</span> <span class='ocrx_word' id='word_1_221' title='bbox 1000 3692 1088 3734; x_wconf 90' lang='lat' dir='ltr'>tamen</span> <span class='ocrx_word' id='word_1_222' title='bbox 1115 3740 1116 3752; x_wconf 12' lang='grc' dir='ltr'>ἵ</span> 
     </span>
     <span class='ocr_line' id='line_1_35' title="bbox 344 3754 1116 3812; baseline -0.001 -11"><span class='ocrx_word' id='word_1_223' title='bbox 344 3757 456 3802; x_wconf 87' lang='lat' dir='ltr'>caritate</span> <span class='ocrx_word' id='word_1_224' title='bbox 477 3767 528 3801; x_wconf 95' lang='lat' dir='ltr'>non</span> <span class='ocrx_word' id='word_1_225' title='bbox 549 3755 683 3810; x_wconf 88' lang='lat' dir='ltr'>disiuncti,</span> <span class='ocrx_word' id='word_1_226' title='bbox 705 3754 916 3802; x_wconf 78' lang='lat' dir='ltr'>indeficientibus</span> <span class='ocrx_word' id='word_1_227' title='bbox 935 3755 1003 3800; x_wconf 79' lang='lat' dir='ltr'>votis</span> <span class='ocrx_word' id='word_1_228' title='bbox 1018 3757 1089 3812; x_wconf 91' lang='lat' dir='ltr'>opta·</span> <span class='ocrx_word' id='word_1_229' title='bbox 1115 3782 1116 3800; x_wconf 85' lang='lat' dir='ltr'>t</span> 
     </span>
     <span class='ocr_line' id='line_1_36' title="bbox 346 3822 1088 3880; baseline -0.003 -12"><span class='ocrx_word' id='word_1_230' title='bbox 346 3835 412 3880; x_wconf 89' lang='lat' dir='ltr'>mus,</span> <span class='ocrx_word' id='word_1_231' title='bbox 427 3827 456 3868; x_wconf 93' lang='lat' dir='ltr'>ut</span> <span class='ocrx_word' id='word_1_232' title='bbox 470 3823 578 3869; x_wconf 88' lang='lat' dir='ltr'>caelesti</span> <span class='ocrx_word' id='word_1_233' title='bbox 592 3822 779 3868; x_wconf 83' lang='lat' dir='ltr'>benencantiae</span> <span class='ocrx_word' id='word_1_234' title='bbox 793 3834 908 3880; x_wconf 80' lang='lat' dir='ltr'>congrue</span> <span class='ocrx_word' id='word_1_235' title='bbox 923 3822 1088 3879; x_wconf 88' lang='lat' dir='ltr'>respondeas,</span> 
     </span>
     <span class='ocr_line' id='line_1_37' title="bbox 345 3889 1101 3947; baseline -0.004 -10"><span class='ocrx_word' id='word_1_236' title='bbox 345 3892 383 3938; x_wconf 90' lang='lat' dir='ltr'>ita</span> <span class='ocrx_word' id='word_1_237' title='bbox 398 3895 427 3936; x_wconf 89' lang='lat' dir='ltr'>ut</span> <span class='ocrx_word' id='word_1_238' title='bbox 442 3891 491 3936; x_wconf 88' lang='lat' dir='ltr'>tibi</span> <span class='ocrx_word' id='word_1_239' title='bbox 511 3889 644 3946; x_wconf 80' lang='lat' dir='ltr'>humanis,</span> <span class='ocrx_word' id='word_1_240' title='bbox 665 3890 761 3947; x_wconf 90' lang='lat' dir='ltr'>quibus</span> <span class='ocrx_word' id='word_1_241' title='bbox 782 3889 887 3944; x_wconf 88' lang='lat' dir='ltr'>frueris,</span> <span class='ocrx_word' id='word_1_242' title='bbox 907 3889 990 3944; x_wconf 92' lang='lat' dir='ltr'>bouis,</span> <span class='ocrx_word' id='word_1_243' title='bbox 1005 3892 1031 3934; x_wconf 88' lang='lat' dir='ltr'>et</span> <span class='ocrx_word' id='word_1_244' title='bbox 1047 3889 1101 3934; x_wconf 87' lang='lat' dir='ltr'>hls&#39;</span> 
     </span>
     <span class='ocr_line' id='line_1_38' title="bbox 345 3955 1117 4016; baseline -0.005 -12"><span class='ocrx_word' id='word_1_245' title='bbox 345 3959 450 4016; x_wconf 89' lang='lat' dir='ltr'>quidem</span> <span class='ocrx_word' id='word_1_246' title='bbox 464 3957 601 4015; x_wconf 79' lang='lat' dir='ltr'>fugacibus</span> <span class='ocrx_word' id='word_1_247' title='bbox 610 3970 641 4004; x_wconf 88' lang='lat' dir='ltr'>ac</span> <span class='ocrx_word' id='word_1_248' title='bbox 651 3955 823 4011; x_wconf 80' lang='lat' dir='ltr'>transitoriis,</span> <span class='ocrx_word' id='word_1_249' title='bbox 834 3968 962 4014; x_wconf 85' lang='lat' dir='ltr'>supernae</span> <span class='ocrx_word' id='word_1_250' title='bbox 972 3955 1089 4013; x_wconf 89' lang='lat' dir='ltr'>aliquan·</span> <span class='ocrx_word' id='word_1_251' title='bbox 1115 3957 1117 4014; x_wconf 74' lang='lat' dir='ltr'>j</span> 
     </span>
     <span class='ocr_line' id='line_1_39' title="bbox 345 4022 1117 4084; baseline -0.005 -14"><span class='ocrx_word' id='word_1_252' title='bbox 345 4025 377 4071; x_wconf 91' lang='lat' dir='ltr'>do</span> <span class='ocrx_word' id='word_1_253' title='bbox 391 4025 530 4070; x_wconf 80' lang='lat' dir='ltr'>felicitates</span> <span class='ocrx_word' id='word_1_254' title='bbox 544 4028 570 4070; x_wconf 89' lang='lat' dir='ltr'>et</span> <span class='ocrx_word' id='word_1_255' title='bbox 585 4024 750 4070; x_wconf 90' lang='lat' dir='ltr'>immortales</span> <span class='ocrx_word' id='word_1_256' title='bbox 765 4023 903 4068; x_wconf 87' lang='lat' dir='ltr'>addantur.</span> <span class='ocrx_word' id='word_1_257' title='bbox 920 4026 1016 4068; x_wconf 88' lang='lat' dir='ltr'>verum</span> <span class='ocrx_word' id='word_1_258' title='bbox 1027 4022 1089 4079; x_wconf 90' lang='lat' dir='ltr'>quia</span> <span class='ocrx_word' id='word_1_259' title='bbox 1115 4061 1117 4084; x_wconf 30' lang='grc' dir='ltr'>ζ</span> 
     </span>
     <span class='ocr_line' id='line_1_40' title="bbox 345 4089 1090 4150; baseline -0.005 -12"><span class='ocrx_word' id='word_1_260' title='bbox 345 4105 422 4139; x_wconf 88' lang='lat' dir='ltr'>nemo</span> <span class='ocrx_word' id='word_1_261' title='bbox 435 4093 462 4138; x_wconf 91' lang='lat' dir='ltr'>id</span> <span class='ocrx_word' id='word_1_262' title='bbox 476 4093 581 4150; x_wconf 85' lang='lat' dir='ltr'>assequi</span> <span class='ocrx_word' id='word_1_263' title='bbox 596 4093 691 4149; x_wconf 88' lang='lat' dir='ltr'>potest,</span> <span class='ocrx_word' id='word_1_264' title='bbox 705 4091 757 4136; x_wconf 88' lang='lat' dir='ltr'>nisi</span> <span class='ocrx_word' id='word_1_265' title='bbox 772 4091 841 4136; x_wconf 93' lang='lat' dir='ltr'>hanc</span> <span class='ocrx_word' id='word_1_266' title='bbox 850 4093 995 4136; x_wconf 86' lang='lat' dir='ltr'>Romanam</span> <span class='ocrx_word' id='word_1_267' title='bbox 1006 4089 1090 4134; x_wconf 80' lang='lat' dir='ltr'>Eccle-</span> 
     </span>
     <span class='ocr_line' id='line_1_41' title="bbox 345 4156 1090 4216; baseline -0.007 -11"><span class='ocrx_word' id='word_1_268' title='bbox 345 4161 412 4206; x_wconf 90' lang='lat' dir='ltr'>siam</span> <span class='ocrx_word' id='word_1_269' title='bbox 427 4159 554 4216; x_wconf 87' lang='lat' dir='ltr'>Principis</span> <span class='ocrx_word' id='word_1_270' title='bbox 564 4158 748 4216; x_wconf 84' lang='lat' dir='ltr'>Apostolorum</span> <span class='ocrx_word' id='word_1_271' title='bbox 760 4157 860 4212; x_wconf 82' lang='lat' dir='ltr'>sedem,</span> <span class='ocrx_word' id='word_1_272' title='bbox 871 4156 1040 4212; x_wconf 89' lang='lat' dir='ltr'>omniumque</span> <span class='ocrx_word' id='word_1_273' title='bbox 1051 4167 1090 4200; x_wconf 94' lang='lat' dir='ltr'>or·</span> 
     </span>
     <span class='ocr_line' id='line_1_42' title="bbox 345 4223 1089 4280; baseline -0.005 -9"><span class='ocrx_word' id='word_1_274' title='bbox 345 4226 386 4272; x_wconf 90' lang='lat' dir='ltr'>bis</span> <span class='ocrx_word' id='word_1_275' title='bbox 400 4226 576 4271; x_wconf 79' lang='lat' dir='ltr'>Ecclesiarum</span> <span class='ocrx_word' id='word_1_276' title='bbox 598 4227 711 4270; x_wconf 87' lang='lat' dir='ltr'>matrem</span> <span class='ocrx_word' id='word_1_277' title='bbox 730 4235 760 4269; x_wconf 92' lang='lat' dir='ltr'>ac</span> <span class='ocrx_word' id='word_1_278' title='bbox 779 4223 935 4280; x_wconf 82' lang='lat' dir='ltr'>magistram</span> <span class='ocrx_word' id='word_1_279' title='bbox 956 4226 1089 4279; x_wconf 77' lang='lat' dir='ltr'>agnoscat,</span> 
     </span>
     <span class='ocr_line' id='line_1_43' title="bbox 346 4289 1117 4365; baseline -0.006 -27"><span class='ocrx_word' id='word_1_280' title='bbox 346 4294 421 4350; x_wconf 89' lang='lat' dir='ltr'>eique</span> <span class='ocrx_word' id='word_1_281' title='bbox 440 4293 555 4338; x_wconf 85' lang='lat' dir='ltr'>firmiter</span> <span class='ocrx_word' id='word_1_282' title='bbox 574 4292 726 4346; x_wconf 86' lang='lat' dir='ltr'>adhaereat,</span> <span class='ocrx_word' id='word_1_283' title='bbox 746 4290 896 4348; x_wconf 81' lang='lat' dir='ltr'>pontificiae</span> <span class='ocrx_word' id='word_1_284' title='bbox 911 4293 1016 4335; x_wconf 89' lang='lat' dir='ltr'>nostrae</span> <span class='ocrx_word' id='word_1_285' title='bbox 1031 4289 1091 4334; x_wconf 91' lang='lat' dir='ltr'>soli·</span> <span class='ocrx_word' id='word_1_286' title='bbox 1116 4329 1117 4365; x_wconf 28' lang='grc'>1</span> 
     </span>
     <span class='ocr_line' id='line_1_44' title="bbox 346 4356 1118 4427; baseline -0.005 -22"><span class='ocrx_word' id='word_1_287' title='bbox 346 4359 471 4405; x_wconf 86' lang='lat' dir='ltr'>citudinis</span> <span class='ocrx_word' id='word_1_288' title='bbox 484 4361 573 4416; x_wconf 90' lang='lat' dir='ltr'>partes</span> <span class='ocrx_word' id='word_1_289' title='bbox 583 4371 640 4404; x_wconf 91' lang='lat' dir='ltr'>esse</span> <span class='ocrx_word' id='word_1_290' title='bbox 649 4358 781 4413; x_wconf 88' lang='lat' dir='ltr'>duximus,</span> <span class='ocrx_word' id='word_1_291' title='bbox 792 4359 818 4402; x_wconf 90' lang='lat' dir='ltr'>te</span> <span class='ocrx_word' id='word_1_292' title='bbox 828 4358 909 4404; x_wconf 90' lang='lat' dir='ltr'>etiam</span> <span class='ocrx_word' id='word_1_293' title='bbox 919 4360 998 4414; x_wconf 89' lang='lat' dir='ltr'>atque</span> <span class='ocrx_word' id='word_1_294' title='bbox 1008 4356 1089 4402; x_wconf 89' lang='lat' dir='ltr'>etiarn</span> <span class='ocrx_word' id='word_1_295' title='bbox 1115 4370 1118 4427; x_wconf 58' lang='grc' dir='ltr'>ι</span> 
     </span>
     <span class='ocr_line' id='line_1_45' title="bbox 346 4423 1118 4493; baseline -0.004 -23"><span class='ocrx_word' id='word_1_296' title='bbox 346 4425 458 4480; x_wconf 90' lang='lat' dir='ltr'>hortari,</span> <span class='ocrx_word' id='word_1_297' title='bbox 472 4429 502 4471; x_wconf 92' lang='lat' dir='ltr'>ut</span> <span class='ocrx_word' id='word_1_298' title='bbox 517 4425 640 4472; x_wconf 86' lang='lat' dir='ltr'>semitam</span> <span class='ocrx_word' id='word_1_299' title='bbox 654 4423 800 4470; x_wconf 89' lang='lat' dir='ltr'>catholicae</span> <span class='ocrx_word' id='word_1_300' title='bbox 815 4423 944 4478; x_wconf 86' lang='lat' dir='ltr'>veritalis,</span> <span class='ocrx_word' id='word_1_301' title='bbox 965 4434 1032 4480; x_wconf 88' lang='lat' dir='ltr'>quae</span> <span class='ocrx_word' id='word_1_302' title='bbox 1046 4423 1091 4467; x_wconf 91' lang='lat' dir='ltr'>du·</span> <span class='ocrx_word' id='word_1_303' title='bbox 1116 4432 1118 4493; x_wconf 59' lang='lat' dir='ltr'><em>g</em></span> 
     </span>
     <span class='ocr_line' id='line_1_46' title="bbox 346 4487 1118 4584; baseline -0.005 -47"><span class='ocrx_word' id='word_1_304' title='bbox 346 4493 382 4538; x_wconf 89' lang='lat' dir='ltr'>cil</span> <span class='ocrx_word' id='word_1_305' title='bbox 396 4493 429 4538; x_wconf 86' lang='lat' dir='ltr'>ad</span> <span class='ocrx_word' id='word_1_306' title='bbox 444 4493 534 4548; x_wconf 86' lang='lat' dir='ltr'>vitam,</span> <span class='ocrx_word' id='word_1_307' title='bbox 547 4491 713 4548; x_wconf 75' lang='lat' dir='ltr'>ingrediaris,</span> <span class='ocrx_word' id='word_1_308' title='bbox 729 4493 755 4536; x_wconf 91' lang='lat' dir='ltr'>et</span> <span class='ocrx_word' id='word_1_309' title='bbox 770 4489 898 4537; x_wconf 86' lang='lat' dir='ltr'>maiorem</span> <span class='ocrx_word' id='word_1_310' title='bbox 913 4491 1030 4544; x_wconf 90' lang='lat' dir='ltr'>tuorum,</span> <span class='ocrx_word' id='word_1_311' title='bbox 1044 4487 1090 4546; x_wconf 92' lang='lat' dir='ltr'>qui</span> <span class='ocrx_word' id='word_1_312' title='bbox 1116 4502 1118 4584; x_wconf 42' lang='grc' dir='ltr'>ι</span> 
     </span>
     <span class='ocr_line' id='line_1_47' title="bbox 346 4555 1118 4616; baseline -0.006 -12"><span class='ocrx_word' id='word_1_313' title='bbox 346 4560 413 4605; x_wconf 92' lang='lat' dir='ltr'>hanc</span> <span class='ocrx_word' id='word_1_314' title='bbox 427 4558 511 4616; x_wconf 85' lang='lat' dir='ltr'>ipsam</span> <span class='ocrx_word' id='word_1_315' title='bbox 529 4558 670 4603; x_wconf 78' lang='lat' dir='ltr'>ueritatem</span> <span class='ocrx_word' id='word_1_316' title='bbox 688 4556 817 4615; x_wconf 85' lang='lat' dir='ltr'>complexi</span> <span class='ocrx_word' id='word_1_317' title='bbox 831 4555 901 4611; x_wconf 87' lang='lat' dir='ltr'>sunt,</span> <span class='ocrx_word' id='word_1_318' title='bbox 917 4556 1036 4612; x_wconf 89' lang='lat' dir='ltr'>sequaris</span> <span class='ocrx_word' id='word_1_319' title='bbox 1051 4567 1091 4600; x_wconf 86' lang='lat' dir='ltr'>ex·</span> <span class='ocrx_word' id='word_1_320' title='bbox 1117 4589 1118 4599; x_wconf 81' lang='lat'>.</span> 
     </span>
     <span class='ocr_line' id='line_1_48' title="bbox 346 4612 1119 4684; baseline -0.005 -14"><span class='ocrx_word' id='word_1_321' title='bbox 346 4625 471 4684; x_wconf 89' lang='lat' dir='ltr'>emplum,</span> <span class='ocrx_word' id='word_1_322' title='bbox 483 4629 566 4682; x_wconf 91' lang='lat' dir='ltr'>tuque</span> <span class='ocrx_word' id='word_1_323' title='bbox 579 4624 635 4682; x_wconf 89' lang='lat' dir='ltr'>ipse</span> <span class='ocrx_word' id='word_1_324' title='bbox 644 4624 769 4681; x_wconf 85' lang='lat' dir='ltr'>praebeas</span> <span class='ocrx_word' id='word_1_325' title='bbox 779 4622 883 4676; x_wconf 87' lang='lat' dir='ltr'>ceteris,</span> <span class='ocrx_word' id='word_1_326' title='bbox 894 4633 945 4679; x_wconf 93' lang='lat' dir='ltr'>quo</span> <span class='ocrx_word' id='word_1_327' title='bbox 954 4625 1090 4667; x_wconf 88' lang='lat' dir='ltr'>aeternam</span> <span class='ocrx_word' id='word_1_328' title='bbox 1117 4612 1119 4666; x_wconf 76' lang='lat' dir='ltr'>l</span> 
     </span>
     <span class='ocr_line' id='line_1_49' title="bbox 347 4680 1091 4748; baseline -0.009 -8"><span class='ocrx_word' id='word_1_329' title='bbox 347 4694 461 4740; x_wconf 85' lang='lat' dir='ltr'>salutem</span> <span class='ocrx_word' id='word_1_330' title='bbox 483 4693 586 4738; x_wconf 80' lang='lat' dir='ltr'>valeant</span> <span class='ocrx_word' id='word_1_331' title='bbox 607 4701 767 4748; x_wconf 88' lang='lat' dir='ltr'>comparare.</span> <span class='ocrx_word' id='word_1_332' title='bbox 790 4689 901 4734; x_wconf 86' lang='lat' dir='ltr'>Proinde</span> <span class='ocrx_word' id='word_1_333' title='bbox 918 4680 971 4734; x_wconf 81' lang='lat' dir='ltr'>hon</span> <span class='ocrx_word' id='word_1_334' title='bbox 986 4687 1091 4746; x_wconf 85' lang='lat' dir='ltr'>gravati</span> 
     </span>
     <span class='ocr_line' id='line_1_50' title="bbox 347 4757 1119 4815; baseline -0.006 -9"><span class='ocrx_word' id='word_1_335' title='bbox 347 4771 438 4806; x_wconf 90' lang='lat' dir='ltr'>sumus</span> <span class='ocrx_word' id='word_1_336' title='bbox 458 4759 565 4805; x_wconf 89' lang='lat' dir='ltr'>mittere</span> <span class='ocrx_word' id='word_1_337' title='bbox 583 4758 652 4804; x_wconf 87' lang='lat' dir='ltr'>istuc</span> <span class='ocrx_word' id='word_1_338' title='bbox 670 4769 753 4815; x_wconf 85' lang='lat' dir='ltr'>usque</span> <span class='ocrx_word' id='word_1_339' title='bbox 771 4757 926 4814; x_wconf 80' lang='lat' dir='ltr'>religiosum</span> <span class='ocrx_word' id='word_1_340' title='bbox 945 4757 1033 4802; x_wconf 87' lang='lat' dir='ltr'>virum</span> <span class='ocrx_word' id='word_1_341' title='bbox 1050 4767 1092 4814; x_wconf 91' lang='lat' dir='ltr'>pa·</span> <span class='ocrx_word' id='word_1_342' title='bbox 1117 4765 1119 4781; x_wconf 83' lang='lat'>¹</span> 
     </span>
     <span class='ocr_line' id='line_1_51' title="bbox 347 4823 1119 4872; baseline -0.005 0"><span class='ocrx_word' id='word_1_343' title='bbox 347 4829 416 4872; x_wconf 88' lang='lat' dir='ltr'>trem</span> <span class='ocrx_word' id='word_1_344' title='bbox 427 4826 595 4872; x_wconf 67' lang='lat' dir='ltr'>franciscum</span> <span class='ocrx_word' id='word_1_345' title='bbox 605 4824 715 4871; x_wconf 80' lang='lat' dir='ltr'>Mariam</span> <span class='ocrx_word' id='word_1_346' title='bbox 726 4825 758 4870; x_wconf 86' lang='lat' dir='ltr'>de</span> <span class='ocrx_word' id='word_1_347' title='bbox 768 4823 898 4870; x_wconf 85' lang='lat' dir='ltr'>Salemme</span> <span class='ocrx_word' id='word_1_348' title='bbox 908 4825 967 4870; x_wconf 88' lang='lat' dir='ltr'>ord.</span> <span class='ocrx_word' id='word_1_349' title='bbox 979 4827 1002 4869; x_wconf 87' lang='lat' dir='ltr'>s.</span> <span class='ocrx_word' id='word_1_350' title='bbox 1014 4827 1092 4870; x_wconf 74' lang='lat' dir='ltr'>ltran·</span> <span class='ocrx_word' id='word_1_351' title='bbox 1117 4844 1119 4860; x_wconf 79' lang='grc' dir='ltr'>ι</span> 
     </span>
     <span class='ocr_line' id='line_1_52' title="bbox 347 4890 1092 4950; baseline -0.005 -12"><span class='ocrx_word' id='word_1_352' title='bbox 347 4893 417 4946; x_wconf 89' lang='lat' dir='ltr'>cisci,</span> <span class='ocrx_word' id='word_1_353' title='bbox 431 4893 507 4938; x_wconf 90' lang='lat' dir='ltr'>cuius</span> <span class='ocrx_word' id='word_1_354' title='bbox 526 4892 610 4937; x_wconf 88' lang='lat' dir='ltr'>zelum</span> <span class='ocrx_word' id='word_1_355' title='bbox 625 4904 655 4938; x_wconf 90' lang='lat' dir='ltr'>ac</span> <span class='ocrx_word' id='word_1_356' title='bbox 670 4891 795 4950; x_wconf 89' lang='lat' dir='ltr'>pietatem</span> <span class='ocrx_word' id='word_1_357' title='bbox 815 4891 895 4948; x_wconf 88' lang='lat' dir='ltr'>probe</span> <span class='ocrx_word' id='word_1_358' title='bbox 915 4890 1044 4946; x_wconf 86' lang='lat' dir='ltr'>novimus,</span> <span class='ocrx_word' id='word_1_359' title='bbox 1059 4891 1092 4935; x_wconf 85' lang='lat' dir='ltr'>nd</span> 
     </span>
     <span class='ocr_line' id='line_1_53' title="bbox 348 4957 1092 5017; baseline -0.004 -13"><span class='ocrx_word' id='word_1_360' title='bbox 348 4960 395 5004; x_wconf 88' lang='lat' dir='ltr'>lloc</span> <span class='ocrx_word' id='word_1_361' title='bbox 409 4961 439 5004; x_wconf 91' lang='grc' dir='ltr'>ιιι</span> <span class='ocrx_word' id='word_1_362' title='bbox 453 4959 598 5017; x_wconf 87' lang='lat' dir='ltr'>puritatem</span> <span class='ocrx_word' id='word_1_363' title='bbox 613 4958 756 5012; x_wconf 88' lang='lat' dir='ltr'>doctrinae,</span> <span class='ocrx_word' id='word_1_364' title='bbox 766 4967 845 5014; x_wconf 88' lang='lat' dir='ltr'>quam</span> <span class='ocrx_word' id='word_1_365' title='bbox 856 4957 1004 5014; x_wconf 89' lang='lat' dir='ltr'>Apostolica</span> <span class='ocrx_word' id='word_1_366' title='bbox 1015 4957 1092 5002; x_wconf 86' lang='lat' dir='ltr'>Sedes</span> 
     </span>
     <span class='ocr_line' id='line_1_54' title="bbox 347 5024 1121 5082; baseline -0.005 -10"><span class='ocrx_word' id='word_1_367' title='bbox 347 5025 422 5072; x_wconf 80' lang='lat' dir='ltr'>iuxta</span> <span class='ocrx_word' id='word_1_368' title='bbox 436 5037 571 5072; x_wconf 88' lang='lat' dir='ltr'>sacrorum</span> <span class='ocrx_word' id='word_1_369' title='bbox 587 5025 762 5070; x_wconf 87' lang='lat' dir='ltr'>conciliorum</span> <span class='ocrx_word' id='word_1_370' title='bbox 783 5025 897 5080; x_wconf 89' lang='lat' dir='ltr'>decreta,</span> <span class='ocrx_word' id='word_1_371' title='bbox 912 5036 1008 5082; x_wconf 83' lang='lat' dir='ltr'>quasa</span> <span class='ocrx_word' id='word_1_372' title='bbox 1023 5024 1092 5069; x_wconf 86' lang='lat' dir='ltr'>veris</span> <span class='ocrx_word' id='word_1_373' title='bbox 1119 5069 1121 5078; x_wconf 63' lang='grc'>,</span> 
     </span>
     <span class='ocr_line' id='line_1_55' title="bbox 347 5091 1120 5173; baseline -0.004 -35"><span class='ocrx_word' id='word_1_374' title='bbox 347 5091 564 5138; x_wconf 86' lang='lat' dir='ltr'>christifidelibus</span> <span class='ocrx_word' id='word_1_375' title='bbox 578 5093 730 5137; x_wconf 87' lang='lat' dir='ltr'>reverenter·</span> <span class='ocrx_word' id='word_1_376' title='bbox 744 5094 865 5148; x_wconf 89' lang='lat' dir='ltr'>suscepta</span> <span class='ocrx_word' id='word_1_377' title='bbox 880 5091 1031 5137; x_wconf 89' lang='lat' dir='ltr'>inconcusse</span> <span class='ocrx_word' id='word_1_378' title='bbox 1041 5101 1093 5136; x_wconf 88' lang='lat' dir='ltr'>ser·</span> <span class='ocrx_word' id='word_1_379' title='bbox 1119 5106 1120 5173; x_wconf 41' lang='lat' dir='ltr'>p</span> 
     </span>
     <span class='ocr_line' id='line_1_56' title="bbox 348 5157 1120 5218; baseline 0.001 -16"><span class='ocrx_word' id='word_1_380' title='bbox 348 5161 452 5214; x_wconf 83' lang='lat' dir='ltr'>uantur,</span> <span class='ocrx_word' id='word_1_381' title='bbox 462 5157 575 5204; x_wconf 89' lang='lat' dir='ltr'>dilucide</span> <span class='ocrx_word' id='word_1_382' title='bbox 589 5157 708 5215; x_wconf 83' lang='lat' dir='ltr'>explicet,</span> <span class='ocrx_word' id='word_1_383' title='bbox 719 5157 852 5214; x_wconf 89' lang='lat' dir='ltr'>simulque</span> <span class='ocrx_word' id='word_1_384' title='bbox 862 5158 967 5214; x_wconf 81' lang='lat' dir='ltr'>detegat</span> <span class='ocrx_word' id='word_1_385' title='bbox 980 5169 1091 5214; x_wconf 90' lang='lat' dir='ltr'>errores,</span> <span class='ocrx_word' id='word_1_386' title='bbox 1119 5189 1120 5218; x_wconf 65' lang='lat'>,</span> 
     </span>
     <span class='ocr_line' id='line_1_57' title="bbox 347 5223 1121 5282; baseline 0.004 -12"><span class='ocrx_word' id='word_1_387' title='bbox 347 5235 412 5282; x_wconf 90' lang='lat' dir='ltr'>quos</span> <span class='ocrx_word' id='word_1_388' title='bbox 426 5224 537 5270; x_wconf 88' lang='lat' dir='ltr'>humani</span> <span class='ocrx_word' id='word_1_389' title='bbox 551 5224 655 5282; x_wconf 81' lang='lat' dir='ltr'>generis</span> <span class='ocrx_word' id='word_1_390' title='bbox 674 5224 758 5270; x_wconf 89' lang='lat' dir='ltr'>hostis</span> <span class='ocrx_word' id='word_1_391' title='bbox 773 5223 883 5280; x_wconf 88' lang='lat' dir='ltr'>eiusque</span> <span class='ocrx_word' id='word_1_392' title='bbox 900 5227 1043 5270; x_wconf 86' lang='lat' dir='ltr'>sectatores</span> <span class='ocrx_word' id='word_1_393' title='bbox 1058 5227 1092 5269; x_wconf 90' lang='lat' dir='ltr'>te-</span> <span class='ocrx_word' id='word_1_394' title='bbox 1119 5227 1121 5274; x_wconf 76' lang='grc' dir='ltr'>ζ</span> 
     </span>
     <span class='ocr_line' id='line_1_58' title="bbox 348 5290 1121 5355; baseline 0 -19"><span class='ocrx_word' id='word_1_395' title='bbox 348 5291 454 5338; x_wconf 80' lang='lat' dir='ltr'>marein</span> <span class='ocrx_word' id='word_1_396' title='bbox 464 5291 614 5337; x_wconf 87' lang='lat' dir='ltr'>animarum</span> <span class='ocrx_word' id='word_1_397' title='bbox 622 5290 764 5348; x_wconf 88' lang='lat' dir='ltr'>perniciem</span> <span class='ocrx_word' id='word_1_398' title='bbox 772 5291 945 5338; x_wconf 88' lang='lat' dir='ltr'>disseminare</span> <span class='ocrx_word' id='word_1_399' title='bbox 955 5291 1014 5337; x_wconf 90' lang='lat' dir='ltr'>ausi</span> <span class='ocrx_word' id='word_1_400' title='bbox 1022 5293 1090 5337; x_wconf 92' lang='lat' dir='ltr'>sunt.</span> <span class='ocrx_word' id='word_1_401' title='bbox 1119 5317 1121 5355; x_wconf 52' lang='grc' dir='ltr'>ι</span> 
     </span>
     <span class='ocr_line' id='line_1_59' title="bbox 348 5357 1121 5440; baseline 0.001 -38"><span class='ocrx_word' id='word_1_402' title='bbox 348 5357 473 5414; x_wconf 88' lang='lat' dir='ltr'>cupimus</span> <span class='ocrx_word' id='word_1_403' title='bbox 486 5359 576 5402; x_wconf 89' lang='lat' dir='ltr'>autem</span> <span class='ocrx_word' id='word_1_404' title='bbox 590 5359 670 5413; x_wconf 90' lang='lat' dir='ltr'>atque</span> <span class='ocrx_word' id='word_1_405' title='bbox 679 5368 695 5402; x_wconf 93' lang='lat' dir='ltr'>a</span> <span class='ocrx_word' id='word_1_406' title='bbox 705 5359 731 5402; x_wconf 91' lang='lat' dir='ltr'>te</span> <span class='ocrx_word' id='word_1_407' title='bbox 742 5357 910 5404; x_wconf 84' lang='lat' dir='ltr'>vehementer</span> <span class='ocrx_word' id='word_1_408' title='bbox 921 5357 1092 5416; x_wconf 87' lang='lat' dir='ltr'>exposcimus,</span> <span class='ocrx_word' id='word_1_409' title='bbox 1119 5358 1121 5440; x_wconf 61' lang='lat'><em>}</em></span> 
     </span>
     <span class='ocr_line' id='line_1_60' title="bbox 349 5423 1093 5482; baseline 0.003 -14"><span class='ocrx_word' id='word_1_410' title='bbox 349 5427 378 5469; x_wconf 90' lang='lat' dir='ltr'>ut</span> <span class='ocrx_word' id='word_1_411' title='bbox 392 5423 492 5469; x_wconf 90' lang='lat' dir='ltr'>dictum</span> <span class='ocrx_word' id='word_1_412' title='bbox 507 5426 610 5480; x_wconf 86' lang='lat' dir='ltr'>patrem</span> <span class='ocrx_word' id='word_1_413' title='bbox 625 5423 792 5470; x_wconf 63' lang='lat' dir='ltr'>franciscum</span> <span class='ocrx_word' id='word_1_414' title='bbox 808 5425 918 5470; x_wconf 83' lang='lat' dir='ltr'>Mariam</span> <span class='ocrx_word' id='word_1_415' title='bbox 934 5425 1041 5482; x_wconf 89' lang='lat' dir='ltr'>eiusque</span> <span class='ocrx_word' id='word_1_416' title='bbox 1056 5435 1093 5470; x_wconf 91' lang='lat' dir='ltr'>so·</span> 
     </span>
     <span class='ocr_line' id='line_1_61' title="bbox 348 5482 1121 5548; baseline 0.001 -13"><span class='ocrx_word' id='word_1_417' title='bbox 348 5491 401 5536; x_wconf 89' lang='lat' dir='ltr'>cios</span> <span class='ocrx_word' id='word_1_418' title='bbox 419 5491 533 5537; x_wconf 89' lang='lat' dir='ltr'>libenter</span> <span class='ocrx_word' id='word_1_419' title='bbox 554 5491 676 5548; x_wconf 90' lang='lat' dir='ltr'>excipias,</span> <span class='ocrx_word' id='word_1_420' title='bbox 690 5495 716 5537; x_wconf 91' lang='lat' dir='ltr'>et</span> <span class='ocrx_word' id='word_1_421' title='bbox 732 5491 759 5536; x_wconf 92' lang='lat' dir='ltr'>in</span> <span class='ocrx_word' id='word_1_422' title='bbox 774 5503 803 5538; x_wconf 92' lang='lat' dir='ltr'>re</span> <span class='ocrx_word' id='word_1_423' title='bbox 819 5493 887 5538; x_wconf 90' lang='lat' dir='ltr'>tanti</span> <span class='ocrx_word' id='word_1_424' title='bbox 907 5492 1033 5538; x_wconf 86' lang='lat' dir='ltr'>momenti</span> <span class='ocrx_word' id='word_1_425' title='bbox 1047 5492 1094 5537; x_wconf 91' lang='lat' dir='ltr'>hu·</span> <span class='ocrx_word' id='word_1_426' title='bbox 1120 5482 1121 5491; x_wconf 74' lang='grc'>’</span> 
     </span>
     <span class='ocr_line' id='line_1_62' title="bbox 349 5557 1093 5616; baseline 0.001 -14"><span class='ocrx_word' id='word_1_427' title='bbox 349 5557 463 5604; x_wconf 88' lang='lat' dir='ltr'>maniter</span> <span class='ocrx_word' id='word_1_428' title='bbox 476 5558 578 5614; x_wconf 87' lang='lat' dir='ltr'>audias,</span> <span class='ocrx_word' id='word_1_429' title='bbox 590 5561 713 5616; x_wconf 89' lang='lat' dir='ltr'>certoque</span> <span class='ocrx_word' id='word_1_430' title='bbox 725 5558 775 5604; x_wconf 90' lang='lat' dir='ltr'>tibi</span> <span class='ocrx_word' id='word_1_431' title='bbox 784 5559 951 5616; x_wconf 87' lang='lat' dir='ltr'>persuadeas,</span> <span class='ocrx_word' id='word_1_432' title='bbox 961 5570 1008 5604; x_wconf 91' lang='lat' dir='ltr'>nos</span> <span class='ocrx_word' id='word_1_433' title='bbox 1018 5560 1093 5604; x_wconf 89' lang='lat' dir='ltr'>unice</span> 
     </span>
     <span class='ocr_line' id='line_1_63' title="bbox 349 5619 1122 5683; baseline 0.001 -14"><span class='ocrx_word' id='word_1_434' title='bbox 349 5623 394 5669; x_wconf 85' lang='lat' dir='ltr'>Dei</span> <span class='ocrx_word' id='word_1_435' title='bbox 414 5624 541 5670; x_wconf 88' lang='lat' dir='ltr'>bonorem</span> <span class='ocrx_word' id='word_1_436' title='bbox 562 5626 764 5682; x_wconf 88' lang='lat' dir='ltr'>animarumque</span> <span class='ocrx_word' id='word_1_437' title='bbox 785 5624 977 5683; x_wconf 86' lang='lat' dir='ltr'>pretiosissimo</span> <span class='ocrx_word' id='word_1_438' title='bbox 995 5625 1093 5671; x_wconf 86' lang='lat' dir='ltr'>christi</span> <span class='ocrx_word' id='word_1_439' title='bbox 1120 5619 1122 5681; x_wconf 69' lang='lat' dir='ltr'>j</span> 
     </span>
     <span class='ocr_line' id='line_1_64' title="bbox 349 5691 1122 5750; baseline 0.001 -14"><span class='ocrx_word' id='word_1_440' title='bbox 349 5691 477 5748; x_wconf 59' lang='lat' dir='ltr'>sanamus</span> <span class='ocrx_word' id='word_1_441' title='bbox 486 5692 682 5750; x_wconf 86' lang='lat' dir='ltr'>redemptarum</span> <span class='ocrx_word' id='word_1_442' title='bbox 693 5691 807 5737; x_wconf 91' lang='lat' dir='ltr'>salntem</span> <span class='ocrx_word' id='word_1_443' title='bbox 819 5692 894 5736; x_wconf 87' lang='lat' dir='ltr'>nobis</span> <span class='ocrx_word' id='word_1_444' title='bbox 904 5692 952 5737; x_wconf 89' lang='lat' dir='ltr'>hac</span> <span class='ocrx_word' id='word_1_445' title='bbox 962 5691 989 5736; x_wconf 91' lang='lat' dir='ltr'>iu</span> <span class='ocrx_word' id='word_1_446' title='bbox 999 5702 1028 5736; x_wconf 92' lang='lat' dir='ltr'>re</span> <span class='ocrx_word' id='word_1_447' title='bbox 1039 5703 1095 5748; x_wconf 93' lang='lat' dir='ltr'>pro·</span> <span class='ocrx_word' id='word_1_448' title='bbox 1120 5706 1122 5721; x_wconf 75' lang='lat'><em>¹</em></span> 
     </span>
     <span class='ocr_line' id='line_1_65' title="bbox 349 5757 1093 5816; baseline 0 -14"><span class='ocrx_word' id='word_1_449' title='bbox 349 5759 475 5814; x_wconf 88' lang='lat' dir='ltr'>posuisse,</span> <span class='ocrx_word' id='word_1_450' title='bbox 490 5759 535 5815; x_wconf 93' lang='lat' dir='ltr'>qui</span> <span class='ocrx_word' id='word_1_451' title='bbox 549 5759 581 5804; x_wconf 90' lang='lat' dir='ltr'>de</span> <span class='ocrx_word' id='word_1_452' title='bbox 595 5760 682 5804; x_wconf 88' lang='lat' dir='ltr'>cetero</span> <span class='ocrx_word' id='word_1_453' title='bbox 696 5757 783 5816; x_wconf 88' lang='lat' dir='ltr'>parati</span> <span class='ocrx_word' id='word_1_454' title='bbox 799 5768 900 5810; x_wconf 81' lang='lat' dir='ltr'>sumus,</span> <span class='ocrx_word' id='word_1_455' title='bbox 910 5757 1093 5802; x_wconf 89' lang='lat' dir='ltr'>celsitudinem</span> 
     </span>
     <span class='ocr_line' id='line_1_66' title="bbox 350 5825 1094 5883; baseline 0.004 -13"><span class='ocrx_word' id='word_1_456' title='bbox 350 5827 432 5881; x_wconf 88' lang='lat' dir='ltr'>tuam,</span> <span class='ocrx_word' id='word_1_457' title='bbox 447 5837 542 5882; x_wconf 90' lang='lat' dir='ltr'>eosque</span> <span class='ocrx_word' id='word_1_458' title='bbox 563 5838 653 5872; x_wconf 87' lang='lat' dir='ltr'>omues</span> <span class='ocrx_word' id='word_1_459' title='bbox 667 5826 713 5883; x_wconf 92' lang='lat' dir='ltr'>qui</span> <span class='ocrx_word' id='word_1_460' title='bbox 727 5826 873 5883; x_wconf 85' lang='lat' dir='ltr'>praefatam</span> <span class='ocrx_word' id='word_1_461' title='bbox 888 5825 1027 5872; x_wconf 85' lang='lat' dir='ltr'>veritatem</span> <span class='ocrx_word' id='word_1_462' title='bbox 1042 5827 1094 5873; x_wconf 88' lang='lat' dir='ltr'>ala·</span> 
     </span>
     <span class='ocr_line' id='line_1_67' title="bbox 349 5889 1093 5949; baseline 0.003 -13"><span class='ocrx_word' id='word_1_463' title='bbox 349 5889 430 5936; x_wconf 75' lang='lat' dir='ltr'>briter</span> <span class='ocrx_word' id='word_1_464' title='bbox 445 5893 471 5936; x_wconf 88' lang='lat' dir='ltr'>et</span> <span class='ocrx_word' id='word_1_465' title='bbox 486 5892 586 5938; x_wconf 88' lang='lat' dir='ltr'>sincere</span> <span class='ocrx_word' id='word_1_466' title='bbox 604 5892 774 5949; x_wconf 83' lang='lat' dir='ltr'>susceperint,</span> <span class='ocrx_word' id='word_1_467' title='bbox 789 5893 858 5938; x_wconf 86' lang='lat' dir='ltr'>sicut</span> <span class='ocrx_word' id='word_1_468' title='bbox 873 5892 989 5949; x_wconf 88' lang='lat' dir='ltr'>reliquos</span> <span class='ocrx_word' id='word_1_469' title='bbox 1004 5903 1093 5939; x_wconf 89' lang='lat' dir='ltr'>omnes</span> 
     </span>
     <span class='ocr_line' id='line_1_68' title="bbox 349 5957 1123 6018; baseline 0.001 -13"><span class='ocrx_word' id='word_1_470' title='bbox 349 5957 492 6006; x_wconf 85' lang='lat' dir='ltr'>catholicos</span> <span class='ocrx_word' id='word_1_471' title='bbox 501 5959 529 6004; x_wconf 93' lang='lat' dir='ltr'>iu</span> <span class='ocrx_word' id='word_1_472' title='bbox 536 5959 687 6018; x_wconf 85' lang='lat' dir='ltr'>pontificiae</span> <span class='ocrx_word' id='word_1_473' title='bbox 696 5959 816 6006; x_wconf 88' lang='lat' dir='ltr'>caritatis</span> <span class='ocrx_word' id='word_1_474' title='bbox 827 5959 915 6006; x_wconf 87' lang='lat' dir='ltr'>sinum</span> <span class='ocrx_word' id='word_1_475' title='bbox 925 5963 1046 6006; x_wconf 88' lang='lat' dir='ltr'>amanter</span> <span class='ocrx_word' id='word_1_476' title='bbox 1056 5971 1094 6006; x_wconf 89' lang='lat' dir='ltr'>re·</span> <span class='ocrx_word' id='word_1_477' title='bbox 1120 5984 1123 6014; x_wconf 67' lang='grc' dir='ltr'>ι</span> 
     </span>
    </p>
   </div>
   <div class='ocr_carea' id='block_1_11' title="bbox 1178 1077 1455 1156">
    <p class='ocr_par' dir='ltr' id='par_1_12' title="bbox 1178 1077 1455 1156">
     <span class='ocr_line' id='line_1_69' title="bbox 1178 1077 1455 1156; baseline 0.004 -18"><span class='ocrx_word' id='word_1_478' title='bbox 1178 1080 1244 1142; x_wconf 82' lang='lat' dir='ltr'>siaa</span> <span class='ocrx_word' id='word_1_479' title='bbox 1267 1080 1377 1142; x_wconf 83' lang='lat' dir='ltr'>tradat</span> <span class='ocrx_word' id='word_1_480' title='bbox 1399 1077 1455 1156; x_wconf 92' lang='lat' dir='ltr'>(l).</span> 
     </span>
    </p>
   </div>
   <div class='ocr_carea' id='block_1_12' title="bbox 1139 1262 1882 1440">
    <p class='ocr_par' dir='ltr' id='par_1_13' title="bbox 1139 1262 1882 1440">
     <span class='ocr_line' id='line_1_70' title="bbox 1139 1262 1882 1332; baseline 0.003 -2"><span class='ocrx_word' id='word_1_481' title='bbox 1139 1263 1257 1330; x_wconf 88' lang='lat' dir='ltr'>llileoto</span> <span class='ocrx_word' id='word_1_482' title='bbox 1279 1263 1343 1330; x_wconf 89' lang='lat' dir='ltr'>filio</span> <span class='ocrx_word' id='word_1_483' title='bbox 1364 1263 1506 1331; x_wconf 74' lang='lat' dir='ltr'>sanarat</span> <span class='ocrx_word' id='word_1_484' title='bbox 1529 1263 1742 1332; x_wconf 72' lang='lat' dir='ltr'>monachorum</span> <span class='ocrx_word' id='word_1_485' title='bbox 1759 1262 1882 1332; x_wconf 81' lang='lat' dir='ltr'>Aethio-</span> 
     </span>
     <span class='ocr_line' id='line_1_71' title="bbox 1179 1355 1588 1440; baseline 0 -16"><span class='ocrx_word' id='word_1_486' title='bbox 1179 1373 1245 1440; x_wconf 84' lang='lat' dir='ltr'>pum</span> <span class='ocrx_word' id='word_1_487' title='bbox 1268 1356 1385 1424; x_wconf 82' lang='lat' dir='ltr'>Ordinis</span> <span class='ocrx_word' id='word_1_488' title='bbox 1409 1355 1442 1422; x_wconf 84' lang='lat' dir='ltr'>S.</span> <span class='ocrx_word' id='word_1_489' title='bbox 1469 1356 1588 1424; x_wconf 78' lang='lat' dir='ltr'>Antonii</span> 
     </span>
    </p>
   </div>
   <div class='ocr_carea' id='block_1_13' title="bbox 1310 1501 1717 1572">
    <p class='ocr_par' dir='ltr' id='par_1_14' title="bbox 1310 1501 1717 1572">
     <span class='ocr_line' id='line_1_72' title="bbox 1310 1501 1717 1572; baseline -0.002 -5"><span class='ocrx_word' id='word_1_490' title='bbox 1310 1501 1564 1570; x_wconf 74' lang='lat' dir='ltr'>indoctdllbs</span> <span class='ocrx_word' id='word_1_491' title='bbox 1581 1501 1640 1569; x_wconf 91' lang='grc' dir='ltr'>ΡΡ.</span> <span class='ocrx_word' id='word_1_492' title='bbox 1661 1503 1717 1572; x_wconf 89' lang='lat' dir='ltr'>llll.</span> 
     </span>
    </p>
   </div>
   <div class='ocr_carea' id='block_1_14' title="bbox 1214 1640 1811 1819">
    <p class='ocr_par' dir='ltr' id='par_1_15' title="bbox 1214 1640 1811 1819">
     <span class='ocr_line' id='line_1_73' title="bbox 1411 1640 1612 1720; baseline 0 -12"><span class='ocrx_word' id='word_1_493' title='bbox 1411 1640 1528 1708; x_wconf 79' lang='lat' dir='ltr'>Dilecta</span> <span class='ocrx_word' id='word_1_494' title='bbox 1554 1641 1612 1720; x_wconf 87' lang='lat' dir='ltr'>lili,</span> 
     </span>
     <span class='ocr_line' id='line_1_74' title="bbox 1214 1732 1811 1819; baseline 0 -21"><span class='ocrx_word' id='word_1_495' title='bbox 1214 1732 1396 1800; x_wconf 84' lang='lat' dir='ltr'>salutemet</span> <span class='ocrx_word' id='word_1_496' title='bbox 1420 1733 1516 1800; x_wconf 85' lang='lat' dir='ltr'>lunen</span> <span class='ocrx_word' id='word_1_497' title='bbox 1542 1735 1658 1802; x_wconf 79' lang='lat' dir='ltr'>divinae</span> <span class='ocrx_word' id='word_1_498' title='bbox 1683 1736 1811 1819; x_wconf 82' lang='lat' dir='ltr'>qratiae.</span> 
     </span>
    </p>
   </div>
   <div class='ocr_carea' id='block_1_15' title="bbox 1140 1919 1887 2097">
    <p class='ocr_par' dir='ltr' id='par_1_16' title="bbox 1140 1919 1887 2097">
     <span class='ocr_line' id='line_1_75' title="bbox 1179 1919 1887 2000; baseline 0.006 -21"><span class='ocrx_word' id='word_1_499' title='bbox 1179 1919 1343 1996; x_wconf 89' lang='lat' dir='ltr'>Praecipua</span> <span class='ocrx_word' id='word_1_500' title='bbox 1375 1923 1549 2000; x_wconf 89' lang='lat' dir='ltr'>pontificiae</span> <span class='ocrx_word' id='word_1_501' title='bbox 1580 1924 1786 1987; x_wconf 92' lang='lat' dir='ltr'>solicitudinis</span> <span class='ocrx_word' id='word_1_502' title='bbox 1816 1933 1887 1986; x_wconf 85' lang='lat' dir='ltr'>vota</span> 
     </span>
     <span class='ocr_line' id='line_1_76' title="bbox 1140 2015 1887 2097; baseline 0.004 -22"><span class='ocrx_word' id='word_1_503' title='bbox 1140 2029 1210 2076; x_wconf 91' lang='lat' dir='ltr'>curn</span> <span class='ocrx_word' id='word_1_504' title='bbox 1232 2015 1296 2076; x_wconf 90' lang='lat' dir='ltr'>sint</span> <span class='ocrx_word' id='word_1_505' title='bbox 1317 2015 1416 2078; x_wconf 87' lang='lat' dir='ltr'>divini</span> <span class='ocrx_word' id='word_1_506' title='bbox 1437 2017 1538 2080; x_wconf 92' lang='lat' dir='ltr'>cultus</span> <span class='ocrx_word' id='word_1_507' title='bbox 1559 2019 1755 2097; x_wconf 82' lang='lat' dir='ltr'>amplificatio</span> <span class='ocrx_word' id='word_1_508' title='bbox 1777 2025 1809 2079; x_wconf 90' lang='lat' dir='ltr'>et</span> <span class='ocrx_word' id='word_1_509' title='bbox 1824 2017 1887 2079; x_wconf 88' lang='lat' dir='ltr'>ani·</span> 
     </span>
    </p>
   </div>
   <div class='ocr_carea' id='block_1_16' title="bbox 1139 2279 1889 2540">
    <p class='ocr_par' dir='ltr' id='par_1_17' title="bbox 1139 2279 1888 2470">
     <span class='ocr_line' id='line_1_77' title="bbox 1139 2279 1887 2342; baseline 0.007 -18"><span class='ocrx_word' id='word_1_510' title='bbox 1139 2279 1226 2336; x_wconf 91' lang='lat' dir='ltr'>cipere</span> <span class='ocrx_word' id='word_1_511' title='bbox 1240 2284 1266 2326; x_wconf 89' lang='lat' dir='ltr'>et</span> <span class='ocrx_word' id='word_1_512' title='bbox 1280 2281 1373 2327; x_wconf 85' lang='lat' dir='ltr'>fovere.</span> <span class='ocrx_word' id='word_1_513' title='bbox 1391 2283 1500 2328; x_wconf 85' lang='lat' dir='ltr'>interim</span> <span class='ocrx_word' id='word_1_514' title='bbox 1515 2295 1576 2329; x_wconf 86' lang='lat' dir='ltr'>vero</span> <span class='ocrx_word' id='word_1_515' title='bbox 1589 2284 1796 2342; x_wconf 87' lang='lat' dir='ltr'>omnipotentem</span> <span class='ocrx_word' id='word_1_516' title='bbox 1806 2287 1887 2330; x_wconf 87' lang='lat' dir='ltr'>Deum</span> 
     </span>
     <span class='ocr_line' id='line_1_78' title="bbox 1141 2346 1888 2404; baseline 0.007 -13"><span class='ocrx_word' id='word_1_517' title='bbox 1141 2346 1284 2404; x_wconf 89' lang='lat' dir='ltr'>propitium</span> <span class='ocrx_word' id='word_1_518' title='bbox 1299 2361 1329 2393; x_wconf 89' lang='lat' dir='ltr'>ac</span> <span class='ocrx_word' id='word_1_519' title='bbox 1343 2349 1473 2394; x_wconf 83' lang='lat' dir='ltr'>faventem</span> <span class='ocrx_word' id='word_1_520' title='bbox 1496 2350 1647 2396; x_wconf 88' lang='lat' dir='ltr'>celsitudini</span> <span class='ocrx_word' id='word_1_521' title='bbox 1670 2354 1731 2396; x_wconf 90' lang='lat' dir='ltr'>tuae</span> <span class='ocrx_word' id='word_1_522' title='bbox 1750 2363 1781 2396; x_wconf 84' lang='lat' dir='ltr'>ex</span> <span class='ocrx_word' id='word_1_523' title='bbox 1799 2351 1888 2397; x_wconf 91' lang='lat' dir='ltr'>animo</span> 
     </span>
     <span class='ocr_line' id='line_1_79' title="bbox 1141 2425 1287 2470; baseline 0 -12"><span class='ocrx_word' id='word_1_524' title='bbox 1141 2425 1287 2470; x_wconf 85' lang='lat' dir='ltr'>precamur.</span> 
     </span>
    </p>

    <p class='ocr_par' dir='ltr' id='par_1_18' title="bbox 1180 2483 1889 2540">
     <span class='ocr_line' id='line_1_80' title="bbox 1180 2483 1889 2540; baseline 0.006 -15"><span class='ocrx_word' id='word_1_525' title='bbox 1180 2483 1275 2526; x_wconf 87' lang='lat' dir='ltr'>Datum</span> <span class='ocrx_word' id='word_1_526' title='bbox 1291 2484 1396 2538; x_wconf 81' lang='lat' dir='ltr'>Romae,</span> <span class='ocrx_word' id='word_1_527' title='bbox 1406 2483 1476 2540; x_wconf 87' lang='lat' dir='ltr'>apud</span> <span class='ocrx_word' id='word_1_528' title='bbox 1486 2487 1509 2528; x_wconf 83' lang='lat' dir='ltr'>S.</span> <span class='ocrx_word' id='word_1_529' title='bbox 1522 2485 1631 2530; x_wconf 85' lang='lat' dir='ltr'>Mariam</span> <span class='ocrx_word' id='word_1_530' title='bbox 1642 2486 1776 2540; x_wconf 86' lang='lat' dir='ltr'>Maiorem,</span> <span class='ocrx_word' id='word_1_531' title='bbox 1787 2485 1836 2530; x_wconf 92' lang='lat' dir='ltr'>sub</span> <span class='ocrx_word' id='word_1_532' title='bbox 1845 2495 1889 2530; x_wconf 88' lang='lat' dir='ltr'>an-</span> 
     </span>
    </p>
   </div>
   <div class='ocr_carea' id='block_1_17' title="bbox 1142 2547 1888 2661">
    <p class='ocr_par' dir='ltr' id='par_1_19' title="bbox 1142 2547 1888 2661">
     <span class='ocr_line' id='line_1_81' title="bbox 1142 2547 1888 2609; baseline 0.005 -17"><span class='ocrx_word' id='word_1_533' title='bbox 1142 2548 1204 2593; x_wconf 92' lang='lat' dir='ltr'>nulo</span> <span class='ocrx_word' id='word_1_534' title='bbox 1218 2547 1367 2606; x_wconf 89' lang='lat' dir='ltr'>Piscatoris,</span> <span class='ocrx_word' id='word_1_535' title='bbox 1382 2549 1423 2594; x_wconf 92' lang='lat' dir='ltr'>die</span> <span class='ocrx_word' id='word_1_536' title='bbox 1437 2561 1502 2596; x_wconf 84' lang='lat' dir='ltr'>xxrr.</span> <span class='ocrx_word' id='word_1_537' title='bbox 1520 2551 1611 2596; x_wconf 91' lang='lat' dir='ltr'>martii</span> <span class='ocrx_word' id='word_1_538' title='bbox 1622 2563 1707 2606; x_wconf 79' lang='lat' dir='ltr'>since,</span> <span class='ocrx_word' id='word_1_539' title='bbox 1718 2551 1888 2609; x_wconf 74' lang='lat' dir='ltr'>pontificatus</span> 
     </span>
     <span class='ocr_line' id='line_1_82' title="bbox 1142 2615 1359 2661; baseline 0.009 -4"><span class='ocrx_word' id='word_1_540' title='bbox 1142 2615 1225 2659; x_wconf 89' lang='lat' dir='ltr'>nostri</span> <span class='ocrx_word' id='word_1_541' title='bbox 1240 2625 1308 2660; x_wconf 88' lang='lat' dir='ltr'>anno</span> <span class='ocrx_word' id='word_1_542' title='bbox 1324 2627 1359 2661; x_wconf 88' lang='lat' dir='ltr'>rx.</span> 
     </span>
    </p>
   </div>
   <div class='ocr_carea' id='block_1_18' title="bbox 1182 2763 1847 2824">
    <p class='ocr_par' dir='ltr' id='par_1_20' title="bbox 1182 2763 1847 2824">
     <span class='ocr_line' id='line_1_83' title="bbox 1182 2763 1847 2824; baseline 0.006 -17"><span class='ocrx_word' id='word_1_543' title='bbox 1182 2763 1251 2808; x_wconf 84' lang='lat' dir='ltr'>Idem</span> <span class='ocrx_word' id='word_1_544' title='bbox 1266 2763 1353 2809; x_wconf 86' lang='lat' dir='ltr'>ferme</span> <span class='ocrx_word' id='word_1_545' title='bbox 1367 2765 1459 2810; x_wconf 88' lang='lat' dir='ltr'>scribit</span> <span class='ocrx_word' id='word_1_546' title='bbox 1474 2766 1673 2824; x_wconf 87' lang='lat' dir='ltr'>Archiepiscopo</span> <span class='ocrx_word' id='word_1_547' title='bbox 1688 2766 1847 2824; x_wconf 88' lang='lat' dir='ltr'>Aethiopiae.</span> 
     </span>
    </p>
   </div>
   <div class='ocr_carea' id='block_1_19' title="bbox 1147 2847 1888 2970">
    <p class='ocr_par' dir='ltr' id='par_1_21' title="bbox 1147 2847 1888 2970">
     <span class='ocr_line' id='line_1_84' title="bbox 1207 2847 1826 2902; baseline 0.006 -14"><span class='ocrx_word' id='word_1_548' title='bbox 1207 2847 1352 2890; x_wconf 73' lang='lat' dir='ltr'>Venerabili</span> <span class='ocrx_word' id='word_1_549' title='bbox 1365 2849 1448 2896; x_wconf 75' lang='lat' dir='ltr'>fratrc</span> <span class='ocrx_word' id='word_1_550' title='bbox 1458 2850 1659 2902; x_wconf 75' lang='lat' dir='ltr'>Arcateptaeopo</span> <span class='ocrx_word' id='word_1_551' title='bbox 1669 2850 1826 2901; x_wconf 73' lang='lat' dir='ltr'>Aethiopiae.</span> 
     </span>
     <span class='ocr_line' id='line_1_85' title="bbox 1147 2913 1888 2970; baseline 0.005 -14"><span class='ocrx_word' id='word_1_552' title='bbox 1147 2913 1304 2957; x_wconf 78' lang='lat' dir='ltr'>Veacrcoltts</span> <span class='ocrx_word' id='word_1_553' title='bbox 1311 2916 1404 2964; x_wconf 72' lang='lat' dir='ltr'>frater,</span> <span class='ocrx_word' id='word_1_554' title='bbox 1412 2919 1526 2960; x_wconf 72' lang='lat' dir='ltr'>astartem</span> <span class='ocrx_word' id='word_1_555' title='bbox 1533 2919 1557 2960; x_wconf 86' lang='lat' dir='ltr'>ct</span> <span class='ocrx_word' id='word_1_556' title='bbox 1565 2919 1656 2960; x_wconf 79' lang='lat' dir='ltr'>tumen</span> <span class='ocrx_word' id='word_1_557' title='bbox 1665 2919 1771 2960; x_wconf 73' lang='lat' dir='ltr'>alternae</span> <span class='ocrx_word' id='word_1_558' title='bbox 1777 2919 1888 2970; x_wconf 72' lang='lat' dir='ltr'>arettae.</span> 
     </span>
    </p>
   </div>
   <div class='ocr_carea' id='block_1_20' title="bbox 1141 3019 1949 3811">
    <p class='ocr_par' dir='ltr' id='par_1_22' title="bbox 1141 3019 1949 3811">
     <span class='ocr_line' id='line_1_86' title="bbox 1182 3019 1889 3080; baseline 0.003 -16"><span class='ocrx_word' id='word_1_559' title='bbox 1182 3019 1288 3070; x_wconf 88' lang='lat' dir='ltr'>Quoties</span> <span class='ocrx_word' id='word_1_560' title='bbox 1302 3021 1335 3066; x_wconf 91' lang='lat' dir='ltr'>ad</span> <span class='ocrx_word' id='word_1_561' title='bbox 1354 3021 1554 3067; x_wconf 87' lang='lat' dir='ltr'>celeberrimam</span> <span class='ocrx_word' id='word_1_562' title='bbox 1575 3023 1734 3080; x_wconf 88' lang='lat' dir='ltr'>Aethiopum</span> <span class='ocrx_word' id='word_1_563' title='bbox 1755 3022 1889 3068; x_wconf 90' lang='lat' dir='ltr'>nationem</span> 
     </span>
     <span class='ocr_line' id='line_1_87' title="bbox 1142 3087 1890 3144; baseline 0.004 -13"><span class='ocrx_word' id='word_1_564' title='bbox 1142 3089 1266 3143; x_wconf 89' lang='lat' dir='ltr'>paternae</span> <span class='ocrx_word' id='word_1_565' title='bbox 1280 3089 1388 3132; x_wconf 88' lang='lat' dir='ltr'>nostrae</span> <span class='ocrx_word' id='word_1_566' title='bbox 1406 3087 1528 3134; x_wconf 89' lang='lat' dir='ltr'>caritatis</span> <span class='ocrx_word' id='word_1_567' title='bbox 1547 3090 1636 3135; x_wconf 91' lang='lat' dir='ltr'>oculos</span> <span class='ocrx_word' id='word_1_568' title='bbox 1650 3089 1837 3144; x_wconf 84' lang='lat' dir='ltr'>convertimus,</span> <span class='ocrx_word' id='word_1_569' title='bbox 1854 3093 1890 3134; x_wconf 80' lang='lat' dir='ltr'>to</span> 
     </span>
     <span class='ocr_line' id='line_1_88' title="bbox 1141 3152 1891 3213; baseline 0.004 -16"><span class='ocrx_word' id='word_1_570' title='bbox 1141 3152 1192 3198; x_wconf 88' lang='lat' dir='ltr'>ties</span> <span class='ocrx_word' id='word_1_571' title='bbox 1207 3153 1415 3209; x_wconf 80' lang='lat' dir='ltr'>ingemiscimus,</span> <span class='ocrx_word' id='word_1_572' title='bbox 1430 3155 1566 3202; x_wconf 87' lang='lat' dir='ltr'>nobiscum</span> <span class='ocrx_word' id='word_1_573' title='bbox 1578 3159 1733 3213; x_wconf 88' lang='lat' dir='ltr'>reputantes</span> <span class='ocrx_word' id='word_1_574' title='bbox 1743 3156 1851 3201; x_wconf 90' lang='lat' dir='ltr'>uberem</span> <span class='ocrx_word' id='word_1_575' title='bbox 1860 3167 1891 3201; x_wconf 90' lang='lat' dir='ltr'>ac</span> 
     </span>
     <span class='ocr_line' id='line_1_89' title="bbox 1142 3219 1891 3280; baseline 0.007 -18"><span class='ocrx_word' id='word_1_576' title='bbox 1142 3219 1256 3276; x_wconf 89' lang='lat' dir='ltr'>opimam</span> <span class='ocrx_word' id='word_1_577' title='bbox 1273 3231 1385 3266; x_wconf 88' lang='lat' dir='ltr'>messem</span> <span class='ocrx_word' id='word_1_578' title='bbox 1397 3222 1423 3266; x_wconf 91' lang='lat' dir='ltr'>in</span> <span class='ocrx_word' id='word_1_579' title='bbox 1433 3223 1607 3278; x_wconf 89' lang='lat' dir='ltr'>amplissimis</span> <span class='ocrx_word' id='word_1_580' title='bbox 1618 3223 1677 3268; x_wconf 87' lang='lat' dir='ltr'>istis</span> <span class='ocrx_word' id='word_1_581' title='bbox 1688 3223 1840 3280; x_wconf 80' lang='lat' dir='ltr'>regionibus</span> <span class='ocrx_word' id='word_1_582' title='bbox 1850 3233 1891 3268; x_wconf 87' lang='lat' dir='ltr'>su·</span> 
     </span>
     <span class='ocr_line' id='line_1_90' title="bbox 1142 3287 1891 3347; baseline 0.005 -18"><span class='ocrx_word' id='word_1_583' title='bbox 1142 3287 1336 3342; x_wconf 89' lang='lat' dir='ltr'>perseminante</span> <span class='ocrx_word' id='word_1_584' title='bbox 1351 3287 1459 3333; x_wconf 91' lang='lat' dir='ltr'>inimico</span> <span class='ocrx_word' id='word_1_585' title='bbox 1474 3289 1580 3334; x_wconf 90' lang='lat' dir='ltr'>homine</span> <span class='ocrx_word' id='word_1_586' title='bbox 1595 3289 1703 3343; x_wconf 86' lang='lat' dir='ltr'>zizania,</span> <span class='ocrx_word' id='word_1_587' title='bbox 1715 3300 1838 3347; x_wconf 90' lang='lat' dir='ltr'>supremo</span> <span class='ocrx_word' id='word_1_588' title='bbox 1853 3301 1891 3334; x_wconf 87' lang='lat' dir='ltr'>re-</span> 
     </span>
     <span class='ocr_line' id='line_1_91' title="bbox 1142 3353 1890 3412; baseline 0.005 -17"><span class='ocrx_word' id='word_1_589' title='bbox 1142 3363 1201 3396; x_wconf 91' lang='lat' dir='ltr'>rum</span> <span class='ocrx_word' id='word_1_590' title='bbox 1221 3353 1339 3398; x_wconf 91' lang='lat' dir='ltr'>omnium</span> <span class='ocrx_word' id='word_1_591' title='bbox 1361 3355 1470 3399; x_wconf 87' lang='lat' dir='ltr'>Domino</span> <span class='ocrx_word' id='word_1_592' title='bbox 1491 3355 1571 3400; x_wconf 87' lang='lat' dir='ltr'>fuisse</span> <span class='ocrx_word' id='word_1_593' title='bbox 1593 3357 1768 3412; x_wconf 90' lang='lat' dir='ltr'>praereptam.</span> <span class='ocrx_word' id='word_1_594' title='bbox 1791 3355 1890 3400; x_wconf 87' lang='lat' dir='ltr'>Intelli-</span> 
     </span>
     <span class='ocr_line' id='line_1_92' title="bbox 1142 3418 1890 3476; baseline 0.005 -14"><span class='ocrx_word' id='word_1_595' title='bbox 1142 3429 1204 3473; x_wconf 78' lang='lat' dir='ltr'>gere</span> <span class='ocrx_word' id='word_1_596' title='bbox 1218 3418 1414 3466; x_wconf 80' lang='lat' dir='ltr'>fraternitatem</span> <span class='ocrx_word' id='word_1_597' title='bbox 1437 3424 1510 3466; x_wconf 86' lang='lat' dir='ltr'>tuam</span> <span class='ocrx_word' id='word_1_598' title='bbox 1526 3422 1700 3476; x_wconf 89' lang='lat' dir='ltr'>arbitramur,</span> <span class='ocrx_word' id='word_1_599' title='bbox 1715 3421 1832 3466; x_wconf 89' lang='lat' dir='ltr'>dolorem</span> <span class='ocrx_word' id='word_1_600' title='bbox 1848 3433 1890 3466; x_wconf 93' lang='lat' dir='ltr'>no·</span> 
     </span>
     <span class='ocr_line' id='line_1_93' title="bbox 1141 3485 1891 3544; baseline 0.007 -17"><span class='ocrx_word' id='word_1_601' title='bbox 1141 3491 1228 3528; x_wconf 90' lang='lat' dir='ltr'>strum</span> <span class='ocrx_word' id='word_1_602' title='bbox 1243 3485 1270 3530; x_wconf 90' lang='lat' dir='ltr'>iu</span> <span class='ocrx_word' id='word_1_603' title='bbox 1285 3486 1440 3540; x_wconf 79' lang='lat' dir='ltr'>coversari,</span> <span class='ocrx_word' id='word_1_604' title='bbox 1455 3488 1524 3544; x_wconf 92' lang='lat' dir='ltr'>quod</span> <span class='ocrx_word' id='word_1_605' title='bbox 1543 3487 1691 3544; x_wconf 86' lang='lat' dir='ltr'>provinciae</span> <span class='ocrx_word' id='word_1_606' title='bbox 1712 3487 1779 3532; x_wconf 88' lang='lat' dir='ltr'>istae</span> <span class='ocrx_word' id='word_1_607' title='bbox 1794 3489 1834 3532; x_wconf 89' lang='lat' dir='ltr'>tot</span> <span class='ocrx_word' id='word_1_608' title='bbox 1850 3498 1891 3544; x_wconf 93' lang='lat' dir='ltr'>po·</span> 
     </span>
     <span class='ocr_line' id='line_1_94' title="bbox 1141 3551 1890 3611; baseline 0.003 -16"><span class='ocrx_word' id='word_1_609' title='bbox 1141 3551 1212 3606; x_wconf 91' lang='lat' dir='ltr'>pulis</span> <span class='ocrx_word' id='word_1_610' title='bbox 1226 3551 1346 3609; x_wconf 89' lang='lat' dir='ltr'>refertae,</span> <span class='ocrx_word' id='word_1_611' title='bbox 1362 3553 1513 3610; x_wconf 89' lang='lat' dir='ltr'>posthabito</span> <span class='ocrx_word' id='word_1_612' title='bbox 1528 3554 1660 3599; x_wconf 88' lang='lat' dir='ltr'>maiorum</span> <span class='ocrx_word' id='word_1_613' title='bbox 1676 3554 1802 3611; x_wconf 87' lang='lat' dir='ltr'>exemplo,</span> <span class='ocrx_word' id='word_1_614' title='bbox 1813 3565 1828 3598; x_wconf 90' lang='lat' dir='ltr'>a</span> <span class='ocrx_word' id='word_1_615' title='bbox 1839 3553 1890 3597; x_wconf 90' lang='lat' dir='ltr'>sin·</span> 
     </span>
     <span class='ocr_line' id='line_1_95' title="bbox 1142 3618 1890 3676; baseline 0.003 -14"><span class='ocrx_word' id='word_1_616' title='bbox 1142 3628 1217 3663; x_wconf 89' lang='lat' dir='ltr'>cerae</span> <span class='ocrx_word' id='word_1_617' title='bbox 1232 3618 1292 3663; x_wconf 82' lang='lat' dir='ltr'>fidei</span> <span class='ocrx_word' id='word_1_618' title='bbox 1307 3619 1467 3676; x_wconf 89' lang='lat' dir='ltr'>professione</span> <span class='ocrx_word' id='word_1_619' title='bbox 1481 3621 1680 3676; x_wconf 86' lang='lat' dir='ltr'>declinaverint,</span> <span class='ocrx_word' id='word_1_620' title='bbox 1698 3625 1724 3666; x_wconf 94' lang='lat' dir='ltr'>et</span> <span class='ocrx_word' id='word_1_621' title='bbox 1739 3631 1755 3666; x_wconf 91' lang='lat' dir='ltr'>a</span> <span class='ocrx_word' id='word_1_622' title='bbox 1769 3620 1890 3675; x_wconf 80' lang='lat' dir='ltr'>veritate,</span> 
     </span>
     <span class='ocr_line' id='line_1_96' title="bbox 1143 3685 1889 3743; baseline 0.003 -14"><span class='ocrx_word' id='word_1_623' title='bbox 1143 3695 1222 3739; x_wconf 90' lang='lat' dir='ltr'>quam</span> <span class='ocrx_word' id='word_1_624' title='bbox 1236 3685 1310 3730; x_wconf 88' lang='lat' dir='ltr'>docet</span> <span class='ocrx_word' id='word_1_625' title='bbox 1325 3686 1455 3732; x_wconf 87' lang='lat' dir='ltr'>catholica</span> <span class='ocrx_word' id='word_1_626' title='bbox 1470 3687 1593 3743; x_wconf 79' lang='lat' dir='ltr'>Ecclesia,</span> <span class='ocrx_word' id='word_1_627' title='bbox 1603 3687 1725 3734; x_wconf 91' lang='lat' dir='ltr'>auditum</span> <span class='ocrx_word' id='word_1_628' title='bbox 1735 3687 1889 3732; x_wconf 88' lang='lat' dir='ltr'>averterint.</span> 
     </span>
     <span class='ocr_line' id='line_1_97' title="bbox 1143 3752 1949 3811; baseline 0.005 -16"><span class='ocrx_word' id='word_1_629' title='bbox 1143 3753 1311 3796; x_wconf 79' lang='lat' dir='ltr'>comantem</span> <span class='ocrx_word' id='word_1_630' title='bbox 1332 3752 1472 3798; x_wconf 89' lang='lat' dir='ltr'>commissa</span> <span class='ocrx_word' id='word_1_631' title='bbox 1494 3754 1605 3811; x_wconf 88' lang='lat' dir='ltr'>desuper</span> <span class='ocrx_word' id='word_1_632' title='bbox 1626 3754 1709 3809; x_wconf 89' lang='lat' dir='ltr'>nobis,</span> <span class='ocrx_word' id='word_1_633' title='bbox 1725 3754 1787 3798; x_wconf 88' lang='lat' dir='ltr'>lieet</span> <span class='ocrx_word' id='word_1_634' title='bbox 1802 3754 1892 3799; x_wconf 90' lang='lat' dir='ltr'>imme·</span> <span class='ocrx_word' id='word_1_635' title='bbox 1946 3766 1949 3774; x_wconf 72' lang='grc'><em>’</em></span> 
     </span>
    </p>
   </div>
   <div class='ocr_carea' id='block_1_21' title="bbox 1115 3817 1892 3878">
    <p class='ocr_par' dir='ltr' id='par_1_23' title="bbox 1115 3817 1892 3878">
     <span class='ocr_line' id='line_1_98' title="bbox 1115 3817 1892 3878; baseline 0.006 -17"><span class='ocrx_word' id='word_1_636' title='bbox 1115 3864 1116 3872; x_wconf 10' lang='grc' dir='ltr'>ἵ</span> <span class='ocrx_word' id='word_1_637' title='bbox 1142 3817 1270 3873; x_wconf 83' lang='lat' dir='ltr'>rentibus,</span> <span class='ocrx_word' id='word_1_638' title='bbox 1286 3819 1410 3864; x_wconf 89' lang='lat' dir='ltr'>dominici</span> <span class='ocrx_word' id='word_1_639' title='bbox 1424 3821 1513 3876; x_wconf 80' lang='lat' dir='ltr'>gregis</span> <span class='ocrx_word' id='word_1_640' title='bbox 1527 3831 1592 3866; x_wconf 90' lang='lat' dir='ltr'>cura</span> <span class='ocrx_word' id='word_1_641' title='bbox 1607 3821 1634 3866; x_wconf 92' lang='lat' dir='ltr'>id</span> <span class='ocrx_word' id='word_1_642' title='bbox 1649 3821 1746 3876; x_wconf 74' lang='lat' dir='ltr'>exigat,</span> <span class='ocrx_word' id='word_1_643' title='bbox 1756 3823 1787 3866; x_wconf 92' lang='lat' dir='ltr'>ut</span> <span class='ocrx_word' id='word_1_644' title='bbox 1801 3819 1892 3878; x_wconf 76' lang='lat' dir='ltr'>vigile·</span> 
     </span>
    </p>
   </div>
   <div class='ocr_carea' id='block_1_22' title="bbox 1142 3885 1955 5554">
    <p class='ocr_par' dir='ltr' id='par_1_24' title="bbox 1142 3885 1955 5554">
     <span class='ocr_line' id='line_1_99' title="bbox 1143 3885 1892 3944; baseline 0.005 -16"><span class='ocrx_word' id='word_1_645' title='bbox 1143 3895 1202 3930; x_wconf 91' lang='lat' dir='ltr'>mus</span> <span class='ocrx_word' id='word_1_646' title='bbox 1216 3896 1246 3930; x_wconf 88' lang='lat' dir='ltr'>ac</span> <span class='ocrx_word' id='word_1_647' title='bbox 1260 3885 1434 3942; x_wconf 90' lang='lat' dir='ltr'>apostolicum</span> <span class='ocrx_word' id='word_1_648' title='bbox 1445 3887 1626 3932; x_wconf 88' lang='lat' dir='ltr'>ministerium</span> <span class='ocrx_word' id='word_1_649' title='bbox 1637 3887 1803 3944; x_wconf 88' lang='lat' dir='ltr'>impleamus,</span> <span class='ocrx_word' id='word_1_650' title='bbox 1813 3887 1892 3932; x_wconf 90' lang='lat' dir='ltr'>nihil·</span> 
     </span>
     <span class='ocr_line' id='line_1_100' title="bbox 1142 3951 1890 4010; baseline 0.003 -14"><span class='ocrx_word' id='word_1_651' title='bbox 1142 3963 1193 4007; x_wconf 89' lang='lat' dir='ltr'>que</span> <span class='ocrx_word' id='word_1_652' title='bbox 1207 3951 1315 4008; x_wconf 90' lang='lat' dir='ltr'>proinde</span> <span class='ocrx_word' id='word_1_653' title='bbox 1336 3952 1411 3998; x_wconf 92' lang='lat' dir='ltr'>uobis</span> <span class='ocrx_word' id='word_1_654' title='bbox 1432 3964 1515 4010; x_wconf 90' lang='lat' dir='ltr'>aeque</span> <span class='ocrx_word' id='word_1_655' title='bbox 1535 3953 1608 3998; x_wconf 88' lang='lat' dir='ltr'>cordi</span> <span class='ocrx_word' id='word_1_656' title='bbox 1623 3953 1658 3999; x_wconf 90' lang='lat' dir='ltr'>sit</span> <span class='ocrx_word' id='word_1_657' title='bbox 1673 3964 1703 3998; x_wconf 89' lang='lat' dir='ltr'>ac</span> <span class='ocrx_word' id='word_1_658' title='bbox 1717 3965 1774 3999; x_wconf 90' lang='lat' dir='ltr'>esse</span> <span class='ocrx_word' id='word_1_659' title='bbox 1789 3953 1890 4010; x_wconf 90' lang='lat' dir='ltr'>debeat,</span> 
     </span>
     <span class='ocr_line' id='line_1_101' title="bbox 1143 4019 1891 4074; baseline 0.005 -12"><span class='ocrx_word' id='word_1_660' title='bbox 1143 4027 1222 4074; x_wconf 91' lang='lat' dir='ltr'>quam</span> <span class='ocrx_word' id='word_1_661' title='bbox 1241 4021 1271 4063; x_wconf 91' lang='lat' dir='ltr'>ut</span> <span class='ocrx_word' id='word_1_662' title='bbox 1289 4029 1379 4064; x_wconf 90' lang='lat' dir='ltr'>omnes</span> <span class='ocrx_word' id='word_1_663' title='bbox 1401 4019 1521 4066; x_wconf 87' lang='lat' dir='ltr'>homines</span> <span class='ocrx_word' id='word_1_664' title='bbox 1536 4020 1563 4066; x_wconf 93' lang='lat' dir='ltr'>in</span> <span class='ocrx_word' id='word_1_665' title='bbox 1579 4031 1655 4066; x_wconf 82' lang='lat' dir='ltr'>uerae</span> <span class='ocrx_word' id='word_1_666' title='bbox 1670 4033 1700 4066; x_wconf 88' lang='lat' dir='ltr'>ac</span> <span class='ocrx_word' id='word_1_667' title='bbox 1716 4021 1891 4066; x_wconf 88' lang='lat' dir='ltr'>intemeratae</span> 
     </span>
     <span class='ocr_line' id='line_1_102' title="bbox 1143 4083 1891 4144; baseline 0.005 -16"><span class='ocrx_word' id='word_1_668' title='bbox 1143 4083 1204 4130; x_wconf 86' lang='lat' dir='ltr'>fidei</span> <span class='ocrx_word' id='word_1_669' title='bbox 1218 4085 1386 4138; x_wconf 89' lang='lat' dir='ltr'>confessione,</span> <span class='ocrx_word' id='word_1_670' title='bbox 1401 4089 1530 4143; x_wconf 88' lang='lat' dir='ltr'>quantum</span> <span class='ocrx_word' id='word_1_671' title='bbox 1545 4087 1572 4132; x_wconf 90' lang='lat' dir='ltr'>in</span> <span class='ocrx_word' id='word_1_672' title='bbox 1587 4087 1662 4132; x_wconf 90' lang='lat' dir='ltr'>nobis</span> <span class='ocrx_word' id='word_1_673' title='bbox 1677 4089 1725 4143; x_wconf 89' lang='lat' dir='ltr'>est,</span> <span class='ocrx_word' id='word_1_674' title='bbox 1740 4087 1891 4144; x_wconf 80' lang='lat' dir='ltr'>iungamus,</span> 
     </span>
     <span class='ocr_line' id='line_1_103' title="bbox 1143 4152 1893 4210; baseline 0.003 -14"><span class='ocrx_word' id='word_1_675' title='bbox 1143 4154 1169 4196; x_wconf 91' lang='lat' dir='ltr'>et</span> <span class='ocrx_word' id='word_1_676' title='bbox 1184 4152 1336 4198; x_wconf 88' lang='lat' dir='ltr'>coniunctos</span> <span class='ocrx_word' id='word_1_677' title='bbox 1351 4154 1378 4198; x_wconf 92' lang='lat' dir='ltr'>in</span> <span class='ocrx_word' id='word_1_678' title='bbox 1393 4153 1509 4200; x_wconf 89' lang='lat' dir='ltr'>eiusdem</span> <span class='ocrx_word' id='word_1_679' title='bbox 1522 4153 1678 4210; x_wconf 80' lang='lat' dir='ltr'>integritate</span> <span class='ocrx_word' id='word_1_680' title='bbox 1693 4165 1840 4208; x_wconf 79' lang='lat' dir='ltr'>servemus3</span> <span class='ocrx_word' id='word_1_681' title='bbox 1856 4153 1893 4198; x_wconf 90' lang='lat' dir='ltr'>id·</span> 
     </span>
     <span class='ocr_line' id='line_1_104' title="bbox 1143 4219 1891 4277; baseline 0.001 -14"><span class='ocrx_word' id='word_1_682' title='bbox 1143 4219 1212 4264; x_wconf 92' lang='lat' dir='ltr'>circo</span> <span class='ocrx_word' id='word_1_683' title='bbox 1232 4219 1301 4264; x_wconf 91' lang='lat' dir='ltr'>istuc</span> <span class='ocrx_word' id='word_1_684' title='bbox 1322 4221 1429 4266; x_wconf 89' lang='lat' dir='ltr'>mittere</span> <span class='ocrx_word' id='word_1_685' title='bbox 1450 4219 1573 4266; x_wconf 87' lang='lat' dir='ltr'>duximus</span> <span class='ocrx_word' id='word_1_686' title='bbox 1598 4223 1700 4277; x_wconf 88' lang='lat' dir='ltr'>patrem</span> <span class='ocrx_word' id='word_1_687' title='bbox 1722 4221 1891 4266; x_wconf 75' lang='lat' dir='ltr'>Franciscum</span> 
     </span>
     <span class='ocr_line' id='line_1_105' title="bbox 1143 4285 1892 4333; baseline 0.005 -5"><span class='ocrx_word' id='word_1_688' title='bbox 1143 4285 1254 4332; x_wconf 85' lang='lat' dir='ltr'>Mariam</span> <span class='ocrx_word' id='word_1_689' title='bbox 1268 4287 1300 4331; x_wconf 86' lang='lat' dir='ltr'>de</span> <span class='ocrx_word' id='word_1_690' title='bbox 1315 4287 1445 4332; x_wconf 85' lang='lat' dir='ltr'>Salemme</span> <span class='ocrx_word' id='word_1_691' title='bbox 1464 4287 1568 4332; x_wconf 89' lang='lat' dir='ltr'>Ordinis</span> <span class='ocrx_word' id='word_1_692' title='bbox 1584 4289 1607 4332; x_wconf 89' lang='lat' dir='ltr'>S.</span> <span class='ocrx_word' id='word_1_693' title='bbox 1624 4287 1757 4333; x_wconf 80' lang='lat' dir='ltr'>uraneisci</span> <span class='ocrx_word' id='word_1_694' title='bbox 1771 4299 1831 4333; x_wconf 85' lang='lat' dir='ltr'>cunr</span> <span class='ocrx_word' id='word_1_695' title='bbox 1845 4287 1892 4332; x_wconf 91' lang='lat' dir='ltr'>ali-</span> 
     </span>
     <span class='ocr_line' id='line_1_106' title="bbox 1143 4352 1893 4410; baseline -0.001 -12"><span class='ocrx_word' id='word_1_696' title='bbox 1143 4354 1207 4409; x_wconf 90' lang='lat' dir='ltr'>quot</span> <span class='ocrx_word' id='word_1_697' title='bbox 1221 4352 1307 4408; x_wconf 88' lang='lat' dir='ltr'>sociis,</span> <span class='ocrx_word' id='word_1_698' title='bbox 1323 4354 1368 4410; x_wconf 91' lang='lat' dir='ltr'>qui</span> <span class='ocrx_word' id='word_1_699' title='bbox 1383 4365 1430 4410; x_wconf 91' lang='lat' dir='ltr'>pro</span> <span class='ocrx_word' id='word_1_700' title='bbox 1444 4354 1492 4400; x_wconf 79' lang='lat' dir='ltr'>sua</span> <span class='ocrx_word' id='word_1_701' title='bbox 1507 4353 1606 4410; x_wconf 87' lang='lat' dir='ltr'>pietate</span> <span class='ocrx_word' id='word_1_702' title='bbox 1619 4365 1650 4400; x_wconf 90' lang='lat' dir='ltr'>ac</span> <span class='ocrx_word' id='word_1_703' title='bbox 1665 4354 1785 4400; x_wconf 78' lang='lat' dir='ltr'>doctrina</span> <span class='ocrx_word' id='word_1_704' title='bbox 1799 4365 1830 4402; x_wconf 88' lang='lat' dir='ltr'>ea</span> <span class='ocrx_word' id='word_1_705' title='bbox 1840 4365 1893 4400; x_wconf 92' lang='lat' dir='ltr'>om·</span> 
     </span>
     <span class='ocr_line' id='line_1_107' title="bbox 1143 4419 1891 4478; baseline 0.004 -15"><span class='ocrx_word' id='word_1_706' title='bbox 1143 4420 1196 4475; x_wconf 87' lang='lat' dir='ltr'>nia,</span> <span class='ocrx_word' id='word_1_707' title='bbox 1211 4431 1278 4478; x_wconf 91' lang='lat' dir='ltr'>quae</span> <span class='ocrx_word' id='word_1_708' title='bbox 1292 4419 1325 4466; x_wconf 87' lang='lat' dir='ltr'>ad</span> <span class='ocrx_word' id='word_1_709' title='bbox 1339 4419 1481 4466; x_wconf 88' lang='lat' dir='ltr'>ineundam</span> <span class='ocrx_word' id='word_1_710' title='bbox 1495 4429 1555 4466; x_wconf 89' lang='lat' dir='ltr'>cum</span> <span class='ocrx_word' id='word_1_711' title='bbox 1571 4421 1686 4466; x_wconf 81' lang='lat' dir='ltr'>Ecclesia</span> <span class='ocrx_word' id='word_1_712' title='bbox 1701 4420 1840 4476; x_wconf 75' lang='lat' dir='ltr'>catholica,</span> <span class='ocrx_word' id='word_1_713' title='bbox 1851 4433 1891 4466; x_wconf 86' lang='lat' dir='ltr'>ex·</span> 
     </span>
     <span class='ocr_line' id='line_1_108' title="bbox 1144 4487 1891 4544; baseline 0 -12"><span class='ocrx_word' id='word_1_714' title='bbox 1144 4489 1186 4532; x_wconf 88' lang='lat' dir='ltr'>tra</span> <span class='ocrx_word' id='word_1_715' title='bbox 1201 4497 1280 4544; x_wconf 89' lang='lat' dir='ltr'>quam</span> <span class='ocrx_word' id='word_1_716' title='bbox 1295 4497 1346 4532; x_wconf 91' lang='lat' dir='ltr'>non</span> <span class='ocrx_word' id='word_1_717' title='bbox 1361 4489 1400 4532; x_wconf 88' lang='lat' dir='ltr'>est</span> <span class='ocrx_word' id='word_1_718' title='bbox 1416 4488 1496 4543; x_wconf 88' lang='lat' dir='ltr'>salus,</span> <span class='ocrx_word' id='word_1_719' title='bbox 1511 4487 1651 4542; x_wconf 85' lang='lat' dir='ltr'>unitatem,</span> <span class='ocrx_word' id='word_1_720' title='bbox 1671 4487 1820 4533; x_wconf 87' lang='lat' dir='ltr'>necessaria</span> <span class='ocrx_word' id='word_1_721' title='bbox 1834 4499 1891 4532; x_wconf 88' lang='lat' dir='ltr'>esse</span> 
     </span>
     <span class='ocr_line' id='line_1_109' title="bbox 1144 4553 1890 4610; baseline 0.003 -13"><span class='ocrx_word' id='word_1_722' title='bbox 1144 4554 1384 4610; x_wconf 85' lang='lat' dir='ltr'>deprehenduntnr,</span> <span class='ocrx_word' id='word_1_723' title='bbox 1399 4554 1547 4600; x_wconf 90' lang='lat' dir='ltr'>luculenter</span> <span class='ocrx_word' id='word_1_724' title='bbox 1563 4553 1680 4610; x_wconf 83' lang='lat' dir='ltr'>explicet.</span> <span class='ocrx_word' id='word_1_725' title='bbox 1695 4558 1771 4610; x_wconf 83' lang='lat' dir='ltr'>Spem</span> <span class='ocrx_word' id='word_1_726' title='bbox 1781 4554 1890 4600; x_wconf 89' lang='lat' dir='ltr'>interim</span> 
     </span>
     <span class='ocr_line' id='line_1_110' title="bbox 1144 4619 1893 4679; baseline 0.001 -14"><span class='ocrx_word' id='word_1_727' title='bbox 1144 4619 1172 4664; x_wconf 94' lang='lat' dir='ltr'>in</span> <span class='ocrx_word' id='word_1_728' title='bbox 1186 4623 1237 4666; x_wconf 86' lang='lat' dir='ltr'>Deo</span> <span class='ocrx_word' id='word_1_729' title='bbox 1251 4621 1387 4676; x_wconf 89' lang='lat' dir='ltr'>habemus,</span> <span class='ocrx_word' id='word_1_730' title='bbox 1402 4621 1470 4678; x_wconf 90' lang='lat' dir='ltr'>quod</span> <span class='ocrx_word' id='word_1_731' title='bbox 1485 4624 1523 4678; x_wconf 88' lang='lat' dir='ltr'>tu,</span> <span class='ocrx_word' id='word_1_732' title='bbox 1539 4632 1617 4679; x_wconf 89' lang='lat' dir='ltr'>quem</span> <span class='ocrx_word' id='word_1_733' title='bbox 1628 4633 1709 4678; x_wconf 88' lang='lat' dir='ltr'>prono</span> <span class='ocrx_word' id='word_1_734' title='bbox 1718 4621 1752 4666; x_wconf 89' lang='lat' dir='ltr'>ad</span> <span class='ocrx_word' id='word_1_735' title='bbox 1762 4633 1826 4668; x_wconf 90' lang='lat' dir='ltr'>sana</span> <span class='ocrx_word' id='word_1_736' title='bbox 1836 4633 1893 4668; x_wconf 93' lang='lat' dir='ltr'>con-</span> 
     </span>
     <span class='ocr_line' id='line_1_111' title="bbox 1145 4685 1892 4746; baseline 0.003 -15"><span class='ocrx_word' id='word_1_737' title='bbox 1145 4685 1206 4732; x_wconf 88' lang='lat' dir='ltr'>silia</span> <span class='ocrx_word' id='word_1_738' title='bbox 1220 4687 1378 4745; x_wconf 84' lang='lat' dir='ltr'>capessenda</span> <span class='ocrx_word' id='word_1_739' title='bbox 1393 4688 1481 4733; x_wconf 89' lang='lat' dir='ltr'>auimo</span> <span class='ocrx_word' id='word_1_740' title='bbox 1496 4700 1561 4744; x_wconf 88' lang='lat' dir='ltr'>esse,</span> <span class='ocrx_word' id='word_1_741' title='bbox 1572 4689 1599 4732; x_wconf 91' lang='lat' dir='ltr'>et</span> <span class='ocrx_word' id='word_1_742' title='bbox 1609 4687 1694 4733; x_wconf 85' lang='lat' dir='ltr'>mullei</span> <span class='ocrx_word' id='word_1_743' title='bbox 1705 4688 1774 4746; x_wconf 87' lang='lat' dir='ltr'>apud</span> <span class='ocrx_word' id='word_1_744' title='bbox 1783 4689 1892 4746; x_wconf 91' lang='lat' dir='ltr'>populos</span> 
     </span>
     <span class='ocr_line' id='line_1_112' title="bbox 1144 4754 1893 4812; baseline -0.001 -12"><span class='ocrx_word' id='word_1_745' title='bbox 1144 4755 1304 4800; x_wconf 87' lang='lat' dir='ltr'>auctoritate</span> <span class='ocrx_word' id='word_1_746' title='bbox 1318 4757 1454 4812; x_wconf 88' lang='lat' dir='ltr'>praestare</span> <span class='ocrx_word' id='word_1_747' title='bbox 1468 4765 1614 4810; x_wconf 90' lang='lat' dir='ltr'>censemus,</span> <span class='ocrx_word' id='word_1_748' title='bbox 1627 4755 1717 4800; x_wconf 91' lang='lat' dir='ltr'>lumen</span> <span class='ocrx_word' id='word_1_749' title='bbox 1732 4754 1853 4800; x_wconf 86' lang='lat' dir='ltr'>veritatis</span> <span class='ocrx_word' id='word_1_750' title='bbox 1862 4755 1893 4799; x_wconf 92' lang='lat' dir='ltr'>li-</span> 
     </span>
     <span class='ocr_line' id='line_1_113' title="bbox 1144 4821 1893 4881; baseline 0.005 -15"><span class='ocrx_word' id='word_1_751' title='bbox 1144 4821 1237 4868; x_wconf 89' lang='lat' dir='ltr'>benter</span> <span class='ocrx_word' id='word_1_752' title='bbox 1251 4823 1372 4880; x_wconf 86' lang='lat' dir='ltr'>excipies,</span> <span class='ocrx_word' id='word_1_753' title='bbox 1386 4823 1532 4881; x_wconf 87' lang='lat' dir='ltr'>ceterisque</span> <span class='ocrx_word' id='word_1_754' title='bbox 1547 4824 1667 4881; x_wconf 87' lang='lat' dir='ltr'>exemplo</span> <span class='ocrx_word' id='word_1_755' title='bbox 1677 4823 1738 4880; x_wconf 89' lang='lat' dir='ltr'>eris,</span> <span class='ocrx_word' id='word_1_756' title='bbox 1748 4826 1778 4870; x_wconf 87' lang='lat' dir='ltr'>ut</span> <span class='ocrx_word' id='word_1_757' title='bbox 1788 4824 1893 4870; x_wconf 82' lang='lat' dir='ltr'>vinculo</span> 
     </span>
     <span class='ocr_line' id='line_1_114' title="bbox 1145 4889 1955 4950; baseline 0.006 -17"><span class='ocrx_word' id='word_1_758' title='bbox 1145 4889 1266 4934; x_wconf 88' lang='lat' dir='ltr'>caritatis</span> <span class='ocrx_word' id='word_1_759' title='bbox 1278 4889 1412 4944; x_wconf 85' lang='lat' dir='ltr'>uniantur,</span> <span class='ocrx_word' id='word_1_760' title='bbox 1423 4893 1449 4936; x_wconf 91' lang='lat' dir='ltr'>et</span> <span class='ocrx_word' id='word_1_761' title='bbox 1461 4893 1587 4948; x_wconf 89' lang='lat' dir='ltr'>tanquam</span> <span class='ocrx_word' id='word_1_762' title='bbox 1598 4892 1676 4936; x_wconf 89' lang='lat' dir='ltr'>unius</span> <span class='ocrx_word' id='word_1_763' title='bbox 1687 4891 1804 4949; x_wconf 91' lang='lat' dir='ltr'>corporis</span> <span class='ocrx_word' id='word_1_764' title='bbox 1814 4903 1893 4938; x_wconf 88' lang='lat' dir='ltr'>mem·</span> <span class='ocrx_word' id='word_1_765' title='bbox 1944 4931 1955 4950; x_wconf 83' lang='lat'>,</span> 
     </span>
     <span class='ocr_line' id='line_1_115' title="bbox 1145 4955 1893 5015; baseline 0.004 -15"><span class='ocrx_word' id='word_1_766' title='bbox 1145 4955 1193 5001; x_wconf 90' lang='lat' dir='ltr'>bra</span> <span class='ocrx_word' id='word_1_767' title='bbox 1208 4957 1257 5000; x_wconf 90' lang='lat' dir='ltr'>sub</span> <span class='ocrx_word' id='word_1_768' title='bbox 1272 4957 1371 5001; x_wconf 90' lang='lat' dir='ltr'>Christi</span> <span class='ocrx_word' id='word_1_769' title='bbox 1385 4957 1471 5014; x_wconf 91' lang='lat' dir='ltr'>capite</span> <span class='ocrx_word' id='word_1_770' title='bbox 1485 4959 1593 5015; x_wconf 91' lang='lat' dir='ltr'>eiusque</span> <span class='ocrx_word' id='word_1_771' title='bbox 1604 4957 1631 5003; x_wconf 91' lang='lat' dir='ltr'>in</span> <span class='ocrx_word' id='word_1_772' title='bbox 1643 4958 1722 5004; x_wconf 89' lang='lat' dir='ltr'>terris</span> <span class='ocrx_word' id='word_1_773' title='bbox 1733 4957 1835 5003; x_wconf 79' lang='lat' dir='ltr'>vicario</span> <span class='ocrx_word' id='word_1_774' title='bbox 1845 4962 1893 5004; x_wconf 85' lang='lat' dir='ltr'>Ro-</span> 
     </span>
     <span class='ocr_line' id='line_1_116' title="bbox 1147 5021 1892 5082; baseline 0.004 -16"><span class='ocrx_word' id='word_1_775' title='bbox 1147 5031 1224 5067; x_wconf 87' lang='lat' dir='ltr'>mano</span> <span class='ocrx_word' id='word_1_776' title='bbox 1244 5021 1369 5068; x_wconf 85' lang='lat' dir='ltr'>Pontiflce</span> <span class='ocrx_word' id='word_1_777' title='bbox 1391 5024 1541 5069; x_wconf 87' lang='lat' dir='ltr'>Beatissimi</span> <span class='ocrx_word' id='word_1_778' title='bbox 1559 5025 1745 5082; x_wconf 87' lang='lat' dir='ltr'>Apostolorum</span> <span class='ocrx_word' id='word_1_779' title='bbox 1765 5025 1892 5082; x_wconf 87' lang='lat' dir='ltr'>Principis</span> 
     </span>
     <span class='ocr_line' id='line_1_117' title="bbox 1147 5091 1892 5148; baseline 0.003 -14"><span class='ocrx_word' id='word_1_780' title='bbox 1147 5101 1303 5144; x_wconf 85' lang='lat' dir='ltr'>successore,</span> <span class='ocrx_word' id='word_1_781' title='bbox 1318 5101 1333 5134; x_wconf 91' lang='lat' dir='ltr'>a</span> <span class='ocrx_word' id='word_1_782' title='bbox 1347 5101 1399 5147; x_wconf 93' lang='lat' dir='ltr'>quo</span> <span class='ocrx_word' id='word_1_783' title='bbox 1413 5091 1496 5136; x_wconf 90' lang='lat' dir='ltr'>totius</span> <span class='ocrx_word' id='word_1_784' title='bbox 1515 5092 1646 5138; x_wconf 75' lang='lat' dir='ltr'>Ecclesiae</span> <span class='ocrx_word' id='word_1_785' title='bbox 1660 5091 1750 5136; x_wconf 92' lang='lat' dir='ltr'>unitas</span> <span class='ocrx_word' id='word_1_786' title='bbox 1764 5091 1892 5148; x_wconf 84' lang='lat' dir='ltr'>provenit,</span> 
     </span>
     <span class='ocr_line' id='line_1_118' title="bbox 1146 5155 1892 5216; baseline 0.004 -17"><span class='ocrx_word' id='word_1_787' title='bbox 1146 5155 1300 5201; x_wconf 87' lang='lat' dir='ltr'>coalescant.</span> <span class='ocrx_word' id='word_1_788' title='bbox 1317 5163 1335 5200; x_wconf 91' lang='lat' dir='ltr'>A</span> <span class='ocrx_word' id='word_1_789' title='bbox 1351 5155 1520 5202; x_wconf 89' lang='lat' dir='ltr'>fraternitate</span> <span class='ocrx_word' id='word_1_790' title='bbox 1536 5158 1581 5204; x_wconf 79' lang='lat' dir='ltr'>tua</span> <span class='ocrx_word' id='word_1_791' title='bbox 1595 5158 1704 5203; x_wconf 86' lang='lat' dir='ltr'>iuterim</span> <span class='ocrx_word' id='word_1_792' title='bbox 1720 5157 1892 5216; x_wconf 87' lang='lat' dir='ltr'>exposcimus,</span> 
     </span>
     <span class='ocr_line' id='line_1_119' title="bbox 1147 5223 1893 5280; baseline 0 -12"><span class='ocrx_word' id='word_1_793' title='bbox 1147 5225 1178 5268; x_wconf 89' lang='lat' dir='ltr'>ut</span> <span class='ocrx_word' id='word_1_794' title='bbox 1192 5225 1368 5270; x_wconf 88' lang='lat' dir='ltr'>memoratum</span> <span class='ocrx_word' id='word_1_795' title='bbox 1390 5225 1492 5280; x_wconf 89' lang='lat' dir='ltr'>patrem</span> <span class='ocrx_word' id='word_1_796' title='bbox 1514 5223 1681 5269; x_wconf 82' lang='lat' dir='ltr'>Franciscum</span> <span class='ocrx_word' id='word_1_797' title='bbox 1702 5225 1811 5271; x_wconf 82' lang='lat' dir='ltr'>Mariam</span> <span class='ocrx_word' id='word_1_798' title='bbox 1827 5224 1893 5270; x_wconf 88' lang='lat' dir='ltr'>eius-</span> 
     </span>
     <span class='ocr_line' id='line_1_120' title="bbox 1146 5289 1893 5348; baseline -0.004 -10"><span class='ocrx_word' id='word_1_799' title='bbox 1146 5303 1197 5348; x_wconf 85' lang='lat' dir='ltr'>que</span> <span class='ocrx_word' id='word_1_800' title='bbox 1211 5291 1294 5338; x_wconf 92' lang='lat' dir='ltr'>soclos</span> <span class='ocrx_word' id='word_1_801' title='bbox 1309 5291 1462 5336; x_wconf 87' lang='lat' dir='ltr'>humaniter</span> <span class='ocrx_word' id='word_1_802' title='bbox 1472 5290 1573 5344; x_wconf 90' lang='lat' dir='ltr'>audias,</span> <span class='ocrx_word' id='word_1_803' title='bbox 1584 5289 1659 5347; x_wconf 86' lang='lat' dir='ltr'>eique</span> <span class='ocrx_word' id='word_1_804' title='bbox 1671 5291 1717 5337; x_wconf 82' lang='lat' dir='ltr'>turi</span> <span class='ocrx_word' id='word_1_805' title='bbox 1727 5303 1774 5348; x_wconf 91' lang='lat' dir='ltr'>ops</span> <span class='ocrx_word' id='word_1_806' title='bbox 1784 5291 1855 5337; x_wconf 88' lang='lat' dir='ltr'>adsis</span> <span class='ocrx_word' id='word_1_807' title='bbox 1865 5291 1893 5336; x_wconf 89' lang='lat' dir='ltr'>iu</span> 
     </span>
     <span class='ocr_line' id='line_1_121' title="bbox 1147 5356 1893 5415; baseline -0.001 -12"><span class='ocrx_word' id='word_1_808' title='bbox 1147 5358 1180 5403; x_wconf 90' lang='lat' dir='ltr'>iis</span> <span class='ocrx_word' id='word_1_809' title='bbox 1201 5357 1331 5412; x_wconf 89' lang='lat' dir='ltr'>omnibus,</span> <span class='ocrx_word' id='word_1_810' title='bbox 1353 5368 1419 5415; x_wconf 88' lang='lat' dir='ltr'>quae</span> <span class='ocrx_word' id='word_1_811' title='bbox 1434 5358 1467 5403; x_wconf 89' lang='lat' dir='ltr'>ad</span> <span class='ocrx_word' id='word_1_812' title='bbox 1481 5357 1629 5402; x_wconf 86' lang='lat' dir='ltr'>obeundum</span> <span class='ocrx_word' id='word_1_813' title='bbox 1651 5356 1830 5402; x_wconf 89' lang='lat' dir='ltr'>ministerium</span> <span class='ocrx_word' id='word_1_814' title='bbox 1846 5369 1893 5414; x_wconf 91' lang='lat' dir='ltr'>pro</span> 
     </span>
     <span class='ocr_line' id='line_1_122' title="bbox 1147 5424 1892 5481; baseline -0.003 -11"><span class='ocrx_word' id='word_1_815' title='bbox 1147 5424 1256 5470; x_wconf 77' lang='lat' dir='ltr'>aeterna</span> <span class='ocrx_word' id='word_1_816' title='bbox 1270 5424 1420 5470; x_wconf 89' lang='lat' dir='ltr'>animarum</span> <span class='ocrx_word' id='word_1_817' title='bbox 1435 5425 1521 5470; x_wconf 88' lang='lat' dir='ltr'>salute</span> <span class='ocrx_word' id='word_1_818' title='bbox 1536 5424 1569 5469; x_wconf 89' lang='lat' dir='ltr'>ab</span> <span class='ocrx_word' id='word_1_819' title='bbox 1583 5435 1614 5468; x_wconf 91' lang='lat' dir='ltr'>eo</span> <span class='ocrx_word' id='word_1_820' title='bbox 1626 5427 1776 5481; x_wconf 89' lang='lat' dir='ltr'>susceptum</span> <span class='ocrx_word' id='word_1_821' title='bbox 1787 5425 1892 5470; x_wconf 89' lang='lat' dir='ltr'>duxeris</span> 
     </span>
     <span class='ocr_line' id='line_1_123' title="bbox 1147 5489 1892 5554; baseline 0 -18"><span class='ocrx_word' id='word_1_822' title='bbox 1147 5493 1302 5548; x_wconf 90' lang='lat' dir='ltr'>opportuna,</span> <span class='ocrx_word' id='word_1_823' title='bbox 1315 5492 1377 5536; x_wconf 87' lang='lat' dir='ltr'>dum</span> <span class='ocrx_word' id='word_1_824' title='bbox 1393 5501 1439 5554; x_wconf 79' lang='lat' dir='ltr'>nos</span> <span class='ocrx_word' id='word_1_825' title='bbox 1450 5493 1554 5537; x_wconf 86' lang='lat' dir='ltr'>Patrem</span> <span class='ocrx_word' id='word_1_826' title='bbox 1565 5489 1806 5536; x_wconf 90' lang='lat' dir='ltr'>misericordiarum</span> <span class='ocrx_word' id='word_1_827' title='bbox 1818 5489 1892 5536; x_wconf 86' lang='lat' dir='ltr'>enixe</span> 
     </span>
    </p>
   </div>
   <div class='ocr_carea' id='block_1_23' title="bbox 1120 5556 1893 5615">
    <p class='ocr_par' dir='ltr' id='par_1_25' title="bbox 1120 5556 1893 5615">
     <span class='ocr_line' id='line_1_124' title="bbox 1120 5556 1893 5615; baseline -0.004 -11"><span class='ocrx_word' id='word_1_828' title='bbox 1120 5571 1122 5580; x_wconf 72' lang='grc'>’</span> <span class='ocrx_word' id='word_1_829' title='bbox 1147 5557 1322 5615; x_wconf 86' lang='lat' dir='ltr'>precabimur,</span> <span class='ocrx_word' id='word_1_830' title='bbox 1338 5561 1367 5603; x_wconf 91' lang='lat' dir='ltr'>ut</span> <span class='ocrx_word' id='word_1_831' title='bbox 1383 5561 1498 5603; x_wconf 88' lang='lat' dir='ltr'>mentem</span> <span class='ocrx_word' id='word_1_832' title='bbox 1513 5559 1587 5602; x_wconf 90' lang='lat' dir='ltr'>tuam</span> <span class='ocrx_word' id='word_1_833' title='bbox 1601 5556 1708 5602; x_wconf 90' lang='lat' dir='ltr'>caelesti</span> <span class='ocrx_word' id='word_1_834' title='bbox 1723 5556 1893 5614; x_wconf 90' lang='lat' dir='ltr'>luceperfun-</span> 
     </span>
    </p>
   </div>
   <div class='ocr_carea' id='block_1_24' title="bbox 1147 5623 1893 6006">
    <p class='ocr_par' dir='ltr' id='par_1_26' title="bbox 1147 5623 1893 5816">
     <span class='ocr_line' id='line_1_125' title="bbox 1147 5623 1893 5682; baseline -0.001 -13"><span class='ocrx_word' id='word_1_835' title='bbox 1147 5625 1201 5680; x_wconf 90' lang='lat' dir='ltr'>dal,</span> <span class='ocrx_word' id='word_1_836' title='bbox 1216 5624 1317 5682; x_wconf 90' lang='lat' dir='ltr'>tibique</span> <span class='ocrx_word' id='word_1_837' title='bbox 1331 5636 1362 5670; x_wconf 89' lang='lat' dir='ltr'>ea</span> <span class='ocrx_word' id='word_1_838' title='bbox 1376 5625 1444 5670; x_wconf 90' lang='lat' dir='ltr'>dona</span> <span class='ocrx_word' id='word_1_839' title='bbox 1465 5623 1644 5681; x_wconf 88' lang='lat' dir='ltr'>impertiatur,</span> <span class='ocrx_word' id='word_1_840' title='bbox 1666 5623 1761 5680; x_wconf 92' lang='lat' dir='ltr'>quibus</span> <span class='ocrx_word' id='word_1_841' title='bbox 1780 5627 1839 5682; x_wconf 89' lang='lat' dir='ltr'>post</span> <span class='ocrx_word' id='word_1_842' title='bbox 1853 5637 1893 5669; x_wconf 89' lang='lat' dir='ltr'>ex-</span> 
     </span>
     <span class='ocr_line' id='line_1_126' title="bbox 1147 5689 1892 5749; baseline -0.003 -11"><span class='ocrx_word' id='word_1_843' title='bbox 1147 5693 1235 5738; x_wconf 89' lang='lat' dir='ltr'>actum</span> <span class='ocrx_word' id='word_1_844' title='bbox 1251 5693 1398 5749; x_wconf 88' lang='lat' dir='ltr'>praesentis</span> <span class='ocrx_word' id='word_1_845' title='bbox 1413 5692 1482 5738; x_wconf 89' lang='lat' dir='ltr'>ritae</span> <span class='ocrx_word' id='word_1_846' title='bbox 1497 5701 1603 5736; x_wconf 91' lang='lat' dir='ltr'>cursum</span> <span class='ocrx_word' id='word_1_847' title='bbox 1619 5692 1743 5736; x_wconf 87' lang='lat' dir='ltr'>aeternae</span> <span class='ocrx_word' id='word_1_848' title='bbox 1756 5689 1892 5736; x_wconf 86' lang='lat' dir='ltr'>felicitatis</span> 
     </span>
     <span class='ocr_line' id='line_1_127' title="bbox 1148 5759 1606 5816; baseline -0.004 -13"><span class='ocrx_word' id='word_1_849' title='bbox 1148 5759 1266 5816; x_wconf 89' lang='lat' dir='ltr'>praemia</span> <span class='ocrx_word' id='word_1_850' title='bbox 1281 5759 1330 5804; x_wconf 93' lang='lat' dir='ltr'>tibi</span> <span class='ocrx_word' id='word_1_851' title='bbox 1344 5759 1432 5806; x_wconf 88' lang='lat' dir='ltr'>valeas</span> <span class='ocrx_word' id='word_1_852' title='bbox 1446 5769 1606 5816; x_wconf 88' lang='lat' dir='ltr'>comparare.</span> 
     </span>
    </p>

    <p class='ocr_par' dir='ltr' id='par_1_27' title="bbox 1148 5824 1893 6006">
     <span class='ocr_line' id='line_1_128' title="bbox 1187 5824 1893 5882; baseline -0.003 -12"><span class='ocrx_word' id='word_1_853' title='bbox 1187 5827 1282 5871; x_wconf 85' lang='lat' dir='ltr'>Datum</span> <span class='ocrx_word' id='word_1_854' title='bbox 1297 5829 1403 5882; x_wconf 81' lang='lat' dir='ltr'>Romae,</span> <span class='ocrx_word' id='word_1_855' title='bbox 1412 5826 1482 5882; x_wconf 89' lang='lat' dir='ltr'>apud</span> <span class='ocrx_word' id='word_1_856' title='bbox 1492 5828 1515 5870; x_wconf 89' lang='lat' dir='ltr'>s.</span> <span class='ocrx_word' id='word_1_857' title='bbox 1527 5824 1637 5870; x_wconf 84' lang='lat' dir='ltr'>Mariam</span> <span class='ocrx_word' id='word_1_858' title='bbox 1649 5825 1782 5880; x_wconf 78' lang='lat' dir='ltr'>Maiorem,</span> <span class='ocrx_word' id='word_1_859' title='bbox 1792 5825 1841 5870; x_wconf 90' lang='lat' dir='ltr'>sub</span> <span class='ocrx_word' id='word_1_860' title='bbox 1849 5835 1893 5870; x_wconf 90' lang='lat' dir='ltr'>an·</span> 
     </span>
     <span class='ocr_line' id='line_1_129' title="bbox 1148 5891 1893 5949; baseline 0.003 -12"><span class='ocrx_word' id='word_1_861' title='bbox 1148 5893 1212 5938; x_wconf 91' lang='lat' dir='ltr'>nulo</span> <span class='ocrx_word' id='word_1_862' title='bbox 1225 5893 1374 5949; x_wconf 85' lang='lat' dir='ltr'>Piscatoris,</span> <span class='ocrx_word' id='word_1_863' title='bbox 1388 5893 1430 5938; x_wconf 88' lang='lat' dir='ltr'>die</span> <span class='ocrx_word' id='word_1_864' title='bbox 1445 5903 1509 5938; x_wconf 85' lang='lat' dir='ltr'>xxrr.</span> <span class='ocrx_word' id='word_1_865' title='bbox 1526 5891 1618 5938; x_wconf 88' lang='lat' dir='ltr'>martii</span> <span class='ocrx_word' id='word_1_866' title='bbox 1628 5903 1714 5947; x_wconf 73' lang='lat' dir='ltr'>nnec,</span> <span class='ocrx_word' id='word_1_867' title='bbox 1725 5891 1893 5949; x_wconf 82' lang='lat' dir='ltr'>pontificatus</span> 
     </span>
     <span class='ocr_line' id='line_1_130' title="bbox 1148 5959 1365 6006; baseline -0.005 -1"><span class='ocrx_word' id='word_1_868' title='bbox 1148 5959 1233 6006; x_wconf 89' lang='lat' dir='ltr'>nostri</span> <span class='ocrx_word' id='word_1_869' title='bbox 1247 5970 1316 6006; x_wconf 88' lang='lat' dir='ltr'>auno</span> <span class='ocrx_word' id='word_1_870' title='bbox 1330 5971 1365 6004; x_wconf 89' lang='lat' dir='ltr'>rx.</span> 
     </span>
    </p>
   </div>
   <div class='ocr_carea' id='block_1_25' title="bbox 0 0 2456 6980">
    <p class='ocr_par' dir='ltr' id='par_1_28' title="bbox 0 0 2456 6980">
     <span class='ocr_line' id='line_1_131' title="bbox 0 0 2456 6980; baseline 0 0"><span class='ocrx_word' id='word_1_871' title='bbox 0 0 2456 6980; x_wconf 95' lang='lat' dir='ltr'> </span> 
     </span>
    </p>
   </div>
  </div>
 </body>
</html>
