4866 6980
358 529 411 586 An.
427 533 456 585 O.
478 529 546 583 1686

384 937 529 984 Clausulas.

370 2252 559 2298 contrariorum

348 2305 487 2360 derogatio.

401 3672 474 3720 fides
492 3677 562 3720 tran·

348 3732 518 3786 sumptorum.

597 525 634 592 il

575 665 733 740 custodiri,
756 661 822 740 regi
842 671 874 726 et
895 662 1064 739 gubernari
1081 662 1204 736 debere,
1221 668 1324 722 aucto-

575 757 666 819 ritate
686 756 859 836 apostolica,
883 763 992 818 tenore
1019 755 1239 834 praesentium,
1261 761 1320 814 sta-

575 851 693 912 tuimus
714 857 744 911 et
765 851 955 914 ordinamus.

615 946 634 1018 5
654 943 683 1004 l.
707 943 917 1004 Decernentes
939 944 1062 1004 easdem
1082 947 1258 1019 praesentes
1272 939 1323 1000 lit-

575 1041 655 1096 teras
684 1052 807 1114 semper
839 1037 954 1109 frrmas,
987 1035 1101 1096 validas
1129 1041 1160 1094 et
1186 1032 1322 1094 ellicaces

574 1128 707 1190 existere
727 1136 758 1190 et
780 1127 856 1201 fore,
878 1142 1011 1206 suosque
1026 1127 1179 1205 plenarios
1195 1133 1226 1187 et
1245 1125 1322 1186 inte-

575 1238 645 1298 gros
666 1221 793 1282 ellectus
814 1221 918 1281 sortiri
934 1227 964 1282 et
979 1221 1132 1294 obtinere,
1149 1237 1182 1281 ae
1199 1219 1270 1292 illis,
1286 1217 1322 1278 ad

574 1331 651 1392 quos
671 1320 786 1392 spectat
808 1323 839 1374 ot
860 1329 916 1390 pro
949 1323 1088 1390 tempore
1108 1313 1268 1390 spectabit,
1292 1312 1322 1371 in

575 1407 719 1468 omnibus
741 1413 771 1467 et
793 1422 847 1484 per
878 1407 981 1468 omnia
1009 1407 1190 1484 plenissime
1217 1405 1325 1464 sutha-

576 1502 657 1576 gari‚
687 1509 718 1560 et
743 1500 780 1560 ab
808 1499 869 1560 illis
900 1501 1071 1577 respective
1103 1498 1325 1560 inviolabiliter

576 1593 743 1667 observari,
772 1593 877 1671 sicque
898 1593 931 1653 in
953 1593 1127 1670 praemissis
1158 1605 1213 1668 per
1234 1606 1325 1668 qnos-

576 1702 708 1766 cnmque
742 1685 855 1747 iudices
886 1687 1056 1746 ordinarios
1087 1691 1117 1745 et
1149 1684 1322 1758 delegatos,

575 1781 670 1841 etiam
691 1795 852 1840 cansarum
868 1777 969 1856 palatii
985 1777 1142 1857 apostolici
1157 1777 1322 1849 eruditores,

577 1873 704 1934 iuvhcari
727 1880 757 1933 et
778 1863 905 1934 deliniri
933 1873 1056 1945 richere,
1086 1888 1119 1933 ac
1147 1871 1272 1932 irritum
1294 1877 1324 1930 et

578 1968 671 2028 inane
691 1966 716 2026 si
738 1981 825 2026 scens
846 1965 1008 2042 superbis
1029 1983 1044 2024 a
1065 1979 1235 2042 quoquam,
1251 1979 1324 2039 qna·

577 2059 624 2119 vis
654 2059 853 2132 auctoritate,
886 2058 1020 2119 scienter
1051 2057 1102 2118 vel
1130 2057 1322 2132 ignoranter,

577 2153 744 2229 contigerit
766 2152 923 2214 attentari.
1308 2213 1311 2220 ,

618 2248 636 2319 g
657 2245 686 2304 c.
710 2245 778 2306 Non
798 2244 990 2306 obstantibus
1005 2241 1279 2304 constitutionibus
1294 2247 1324 2300 et

578 2338 824 2402 ordinationibus
854 2336 1044 2416 apostolicis,
1081 2351 1114 2396 ac
1145 2334 1322 2412 quibusvis,

578 2433 672 2494 etiam
694 2431 880 2504 iuramento,
897 2429 1134 2516 confirmatione
1149 2427 1323 2506 apostolica,

578 2525 628 2586 vel
650 2523 758 2602 quavis
780 2523 923 2583 firmitate
945 2522 1001 2582 alisi
1016 2521 1177 2597 roboratis
1200 2522 1324 2583 statutis

578 2628 608 2680 et
629 2616 919 2691 consuetudinibus,
932 2615 1104 2693 privilegiis
1125 2631 1260 2694 quoque,
1277 2616 1325 2676 in·

576 2712 673 2774 dubis
692 2717 724 2772 et
746 2711 857 2773 litteris
878 2709 1050 2788 apostolicis
1072 2709 1104 2771 in
1132 2711 1323 2772 contrarium

578 2806 818 2885 praemissorum
833 2803 1065 2882 quomodolibet
1079 2805 1241 2878 concessis,
1253 2825 1324 2872 con·

579 2900 709 2964 firmatis
734 2905 764 2960 et
785 2899 957 2976 innovatis3
984 2900 1094 2977 quihus
1118 2902 1262 2964 omnibns
1293 2911 1324 2964 et

578 2993 721 3071 singulis,
745 2993 869 3054 illorum
892 2999 1014 3054 tenores
1034 2996 1247 3072 praesentibus
1269 3013 1324 3075 pro

579 3089 669 3166 plene
691 3095 722 3148 et
736 3086 925 3148 sufficienter
945 3088 1098 3166 expressis
1118 3105 1152 3150 ac
1171 3091 1208 3151 de
1230 3091 1324 3154 verbo

579 3181 615 3241 ad
638 3181 771 3242 verbum
793 3180 918 3241 insertis
938 3181 1098 3254 habentes,
1122 3181 1183 3244 illis
1205 3183 1278 3243 alias
1292 3185 1323 3245 in

579 3274 758 3337 suorobore
782 3273 1005 3352 permansuris,
1027 3274 1063 3334 ad
1086 3276 1325 3354 praemissorum

579 3367 737 3442 ellectum,
759 3368 815 3430 hac
833 3368 902 3430 vice
922 3369 1092 3442 dumtaxat,
1108 3369 1281 3447 specialiter
1294 3379 1325 3432 et

579 3475 723 3540 expresse
743 3460 942 3538 derogamus;
968 3460 1142 3540 ceterisque
1163 3465 1326 3526 contrariis

578 3557 836 3637 quibuscumque.

620 3653 639 3726 ἓ
659 3651 689 3712 6.
710 3647 862 3711 Volumus
876 3656 981 3712 autem
996 3657 1031 3712 ut
1045 3652 1226 3714 earumdem
1241 3669 1327 3732 prae-

579 3745 717 3807 sentium
732 3741 909 3804 litterarum
924 3743 1137 3822 transumptis,
1152 3761 1207 3808 seu
1223 3761 1327 3811 exem-

579 3837 649 3918 plis,
666 3836 760 3898 etiam
774 3835 943 3914 impressis,
960 3850 1055 3898 manu
1071 3836 1198 3899 alicuius
1213 3839 1326 3901 notarii

580 3930 694 4011 publici
724 3928 912 4008 subscriptis,
937 3935 967 3990 et
995 3929 1097 4006 sigillo
1123 3947 1271 4009 personae
1294 3933 1324 3995 in

578 4021 779 4086 ecclesiastica
801 4022 951 4099 dignitate
970 4022 1157 4086 constitutae
1183 4025 1325 4100 munitis,

579 4117 687 4180 eadem
708 4131 832 4194 prorsus
854 4117 928 4180 tides
959 4116 1076 4194 ubique
1103 4116 1241 4179 locorum
1263 4125 1326 4180 mm

579 4211 612 4272 in
627 4208 742 4271 iudicio
762 4224 856 4286 quam
877 4215 964 4271 extra
980 4208 1055 4270 illud
1072 4209 1232 4283 habeatur,
1249 4226 1326 4288 quae

578 4301 650 4380 ipsis
671 4301 884 4379 praesentibus
905 4301 1082 4376 haberetur,
1105 4301 1129 4362 si
1150 4301 1254 4365 forent
1275 4319 1327 4366 ex-

579 4395 694 4457 hibitae
714 4394 766 4456 vel
787 4403 934 4456 ostensae.

619 4489 732 4550 Datum
753 4487 878 4562 Romae,
901 4487 980 4565 apud
997 4488 1027 4550 S.
1046 4488 1185 4564 Petrum,
1202 4490 1260 4552 suh
1274 4507 1327 4552 an·

580 4580 657 4644 nulo
676 4581 798 4655 Piscat,
819 4581 868 4643 die
894 4595 970 4641 xxx.
992 4581 1097 4659 aprilis
1114 4597 1325 4658 uuccxxxvr„

579 4675 777 4756 pontificatus
798 4673 897 4736 nostri
918 4689 1002 4734 anno
1024 4689 1055 4734 x.

893 4957 1017 5021 xxvii.

582 5144 756 5224 Confirmat
780 5143 905 5208 decreto
927 5145 1076 5207 ministri
1094 5142 1254 5224 genero-lis
1273 5145 1328 5206 Or·

620 5239 706 5300 diuis
729 5242 876 5321 (rutrum
901 5240 1012 5300 Sancti
1036 5237 1203 5302 francisci
1219 5236 1256 5298 de
1273 5236 1329 5299 Ob-

620 5332 786 5395 serccotid
801 5351 820 5394 q
838 5332 1008 5394 Cardinoh'
1023 5337 1200 5408 protectore
1215 5345 1329 5409 oppro-

621 5424 696 5488 boto
718 5427 806 5488 circo
828 5425 1019 5486 ratissima-um
1045 5423 1177 5503 callepio
1202 5425 1237 5484 iu
1259 5423 1328 5485 llis·

619 5518 720 5595 paaid
742 5526 771 5581 et
795 5518 897 5581 indiis
922 5515 1181 5582 Occidentalibus
1202 5517 1214 5595 (
1234 5515 1258 5598 ).

623 5787 653 5841 (l)
669 5786 706 5829 Ex
720 5787 782 5840 Reg.
797 5785 826 5830 iu
839 5786 915 5830 Aroh.
930 5787 1002 5830 Brev.
1019 5781 1076 5830 hlia
1092 5785 1209 5832 ministri
1224 5797 1331 5844 genera·

582 5849 616 5897 lis
630 5851 735 5896 decreta
750 5863 797 5908 pro
812 5851 893 5896 indiis
908 5851 1117 5897 Occidentalibus
1136 5855 1227 5898 extant
1246 5856 1327 5900 const.

582 5917 643 5984 edit.
659 5927 836 5974 uuouxxxnr,
850 5918 892 5964 die
905 5923 918 5966 t
932 5918 1330 5976 ootobris,pontif.v1n.bedie·

1100 541 1164 590 tua.
1188 539 1279 588 rohr.
1303 539 1344 588 bc
1365 540 1394 588 P.
1419 538 1448 586 F.
1472 537 1555 588 enus
1577 537 1599 586 l.

1552 705 1806 776 innocentius
1830 707 1889 774 ΡΡ.
1908 703 1952 775 xr.

1522 843 1559 910 ad
1580 845 1713 912 loturam
1736 846 1780 912 rei
1806 843 1986 912 memoriam.

1420 1034 1572 1098 Ecclesiae
1595 1037 1763 1098 catholicae
1784 1053 1840 1114 per
1861 1035 2046 1110 universum
2069 1041 2130 1096 ter·
2178 1043 2329 1090 exosorum.

1379 1143 1486 1189 rarum
1517 1130 1625 1192 orbem
1657 1130 1784 1192 dillusne
1815 1129 1977 1206 regimini,
2007 1129 2129 1188 meritis

1380 1218 1449 1280 licet
1471 1221 1653 1299 imparibus,
1676 1222 1780 1284 divini
1802 1221 2003 1301 dispositione
2017 1220 2129 1300 praesi-

1379 1313 1498 1388 dentes,
1522 1331 1566 1388 ea,
1585 1331 1664 1394 quae
1679 1333 1695 1374 a
1708 1315 1919 1394 superioribus
1933 1314 2128 1390 regularibus

1379 1403 1414 1464 ad
1436 1407 1619 1468 christianae
1641 1408 1800 1483 religionis
1815 1409 1949 1486 fuleique
1963 1407 2128 1468 catholicae

1380 1501 1643 1574 propagationem,
1667 1507 1845 1578 rectamque
1867 1499 2006 1562 fidelium
2029 1501 2062 1562 in
2083 1517 2141 1572 sa·

1380 1592 1429 1650 crat
1450 1593 1587 1654 llirctrinri
1608 1601 1638 1654 et
1660 1595 1800 1655 moribus
1813 1593 1988 1656 christianis
2004 1593 2127 1654 institu-

1380 1683 1509 1759 tionem,
1523 1703 1556 1748 ae
1570 1685 1665 1747 etiam
1680 1687 1897 1762 religiosorum
1909 1686 2127 1748 ministrorum

1381 1777 1411 1836 in
1429 1778 1603 1839 seminariis
1618 1781 1653 1840 ad
1669 1795 1740 1840 eum
1758 1781 1854 1840 linem
1870 1779 2021 1840 institutis
2035 1788 2066 1839 et
2081 1781 2126 1841 in-

1379 1871 1544 1932 stituendis
1566 1887 1621 1949 pro
1644 1879 1783 1949 tempore
1804 1872 1986 1947 degentium
2008 1869 2128 1934 felicem

1380 1961 1595 2039 directionem,
1620 1965 1667 2042 pie
1690 1965 1924 2044 prudenterque
1945 1967 2064 2028 decreta
2086 1973 2130 2026 at-

1379 2071 1439 2134 que
1461 2058 1598 2118 ordinata
1613 2074 1678 2120 esso
1694 2067 1879 2134 noscuntur,
1896 2066 1931 2120 ut
1946 2062 2035 2120 tirma
2049 2075 2128 2120 sem-

1380 2163 1435 2225 per
1464 2157 1555 2230 atque
1588 2151 1733 2213 inviotata
1765 2151 1943 2229 persistant,
1972 2153 2129 2231 apostolici

1379 2243 1564 2304 muniminis
1586 2244 1746 2323 praesidio,
1770 2261 1842 2306 cum
1865 2245 1893 2307 id
1915 2263 1930 2306 a
1949 2247 2037 2308 nohis
2051 2247 2129 2324 peti-

1380 2339 1440 2406 tur,
1465 2333 1599 2396 libenter
1619 2335 1863 2398 corroboramus.

1419 2425 1437 2500 ἓ
1462 2427 1487 2486 l.
1513 2427 1633 2506 Exponi
1654 2429 1808 2507 siquidem
1830 2429 1919 2490 nobis
1941 2446 2042 2507 nuper
2057 2429 2129 2492 tecit
2147 2429 2366 2540 ffissssffifflatgffl?

1379 2520 1511 2582 dilectus
1532 2522 1614 2584 frlius
1629 2523 1810 2585 franciscus
1825 2522 1897 2584 Oiaz
1912 2539 1927 2582 a
1943 2523 2057 2585 Sancto
2072 2525 2127 2584 Bo·
2146 2541 2174 2584 ιο
2199 2537 2365 2600 ‚missenum

1379 2621 1563 2688 narentura,
1580 2615 1727 2676 carissimi
1750 2614 1782 2676 in
1805 2615 1927 2677 Christo
1952 2615 2008 2676 frlii
2030 2618 2127 2678 nostri
2146 2591 2366 2690 ffiffllfflssff.

1379 2705 1482 2768 Caroli
1503 2705 1720 2784 Hispaniarum
1743 2707 1825 2783 regis
1845 2707 1986 2770 catholici
2008 2710 2128 2774 concio·
2147 2697 2366 2798 lgffi‘ffigffffl‘·

1379 2805 1468 2860 nator
1490 2805 1520 2860 et
1548 2799 1721 2876 theologus,
1751 2817 1783 2861 ac
1813 2816 1869 2878 pro
1899 2803 2127 2866 ultramontani

1379 2891 1494 2954 familia
1525 2891 1656 2954 fratrum
1689 2894 1844 2956 hlinorum
1876 2894 1997 2958 Ordinis
2024 2895 2128 2960 Sancti

1379 2985 1532 3048 Francisci
1554 2984 1592 3046 de
1612 2984 1811 3048 Obseruantia
1828 2996 2080 3066 nuncupatorum
2096 2989 2127 3052 in

1379 3077 1516 3140 Romani
1527 3077 1618 3140 Curii
1629 3079 1857 3140 commissarius
1869 3081 2033 3156 generalis,
2046 3083 2128 3162 quod

1379 3173 1508 3236 dilectus
1529 3171 1623 3233 etiam
1639 3171 1720 3234 tilius
1734 3173 1843 3236 Petrus
1857 3174 1993 3238 hlnrinus
2007 3173 2128 3238 Serma-

1381 3283 1451 3340 nus,
1475 3265 1618 3326 minister
1650 3266 1801 3341 generalis
1823 3267 1895 3328 dicti
1917 3268 2049 3343 Ordinis,
2073 3286 2128 3348 per
2161 3311 2165 3322 ,

1379 3376 1448 3421 suas
1469 3365 1608 3436 patentes
1639 3359 1756 3421 litteras
1786 3359 1898 3423 dilecto
1929 3363 2045 3442 pariter
2065 3363 2129 3424 tilio

1381 3453 1515 3515 Antonio
1536 3452 1630 3514 Linea
1652 3453 1837 3518 missionum
1851 3455 1990 3518 eiusdem
2006 3455 2129 3520 Ordinis

1382 3547 1413 3608 in
1436 3545 1529 3610 indiis
1550 3545 1794 3609 Occidentalibus
1815 3547 1967 3626 praefecto
1985 3550 2127 3624 directas,

1381 3641 1500 3702 diversa
1514 3639 1635 3702 decreta
1650 3645 1681 3700 et
1692 3640 1901 3702 ordinationes
1916 3642 2022 3716 edidit,
2036 3650 2129 3722 prout

1381 3733 1584 3794 continentur
1605 3733 1637 3793 in
1660 3731 1799 3795 eiusdem
1821 3735 1995 3810 patentibus
2018 3735 2130 3796 litteris

1382 3825 1498 3888 tenoris
1519 3826 1572 3904 qui
1593 3827 1746 3905 sequitur,
1770 3825 1928 3889 videlicet:

1423 3922 1505 3982 «Fr.
1530 3922 1639 3983 Petrus
1670 3921 1805 3984 Marinus
1834 3920 2004 3984 Sermanus
2031 3923 2129 3985 alile-

1381 4014 1514 4090 diolano,
1536 4014 1633 4076 lector
1660 4014 1819 4088 iubilatus,
1849 4022 1971 4078 sanctae
1997 4017 2130 4095 inquisi-

1382 4108 1475 4177 tionis
1496 4107 1698 4185 qualificator,
1714 4107 1941 4184 exguardianus
1956 4111 2130 4190 hierosoly-

1383 4195 1530 4278 mitanus,
1553 4217 1586 4264 ac
1608 4204 1702 4264 totius
1727 4201 1850 4264 Ordinis
1878 4202 2012 4266 fratrum
2034 4203 2130 4268 lilino·

1382 4316 1454 4362 rum
1475 4297 1618 4384 minister
1640 4296 1803 4372 generalis,
1826 4305 1899 4372 etc,
1919 4313 2040 4374 servus,
2057 4307 2128 4373 etc,

1382 4393 1581 4457 dilectissimo
1609 4391 1696 4474 nobis
1719 4391 1751 4452 in
1778 4391 1900 4454 Christo
1922 4391 1953 4453 P.
1979 4393 2012 4454 p
2036 4396 2130 4458 Anto-

1383 4489 1435 4550 nio
1467 4486 1575 4560 Linaz,
1608 4485 1792 4547 missionum
1824 4488 1922 4548 nostri
1948 4487 2072 4550 Ordinis
2099 4489 2132 4551 in

1383 4581 1477 4644 lndiis
1498 4579 1743 4643 Occidentalibus
1768 4581 1950 4643 auctoritate
1970 4582 2134 4660 apostolica

1384 4673 1548 4753 praelecto,
1560 4672 1693 4734 salutem
1708 4671 1740 4733 iu
1754 4671 1883 4735 Domino
1895 4675 2130 4752 sempiternam.

1423 4767 1502 4830 Cum
1525 4765 1676 4827 memoria
1695 4765 1886 4828 retineamus
1900 4767 2025 4830 beatum
2040 4770 2136 4830 Fran·
2172 4793 2268 4837 causae
2284 4789 2370 4836 decre
2393 4799 2416 4830 'l

1383 4861 1516 4934 ciscum,
1542 4858 1697 4936 inclytum
1719 4859 1816 4920 nostri
1845 4859 1967 4922 Ordinis
1992 4860 2134 4924 fundato·
2153 4847 2249 4892 ‘⁰¹⁰³

1384 4970 1462 5028 reru,
1479 4952 1584 5014 divinat
1598 4951 1790 5014 revelatione
1807 4953 2001 5029 cognovisse,
2017 4962 2049 5015 et
2063 4971 2134 5018 suos
2183 5007 2186 5014 ⁴

1384 5063 1439 5125 pro
1459 5047 1591 5108 aliorum
1611 5045 1711 5107 salute
1732 5053 1855 5108 vocatos
1876 5045 1981 5121 fuisse,
1998 5047 2084 5109 iuxta
2099 5047 2136 5110 il-

1384 5139 1448 5216 lud,
1461 5141 1544 5218 quod
1556 5139 1584 5200 ei
1597 5139 1729 5202 Ecclesia
1745 5140 1866 5214 accinit,
1882 5139 2020 5203 Sanctus
2033 5143 2135 5204 Fruu-

1385 5234 1499 5306 ciscus,
1527 5234 1603 5312 quid
1629 5233 1733 5314 societ
1760 5233 1958 5306 instructus,
1987 5250 2051 5295 nort
2072 5233 2133 5298 sihi

1385 5329 1444 5390 soli
1470 5329 1586 5394 vivere,
1615 5327 1667 5388 sed
1695 5328 1772 5390 aliis
1798 5327 1947 5408 proficere
1973 5328 2045 5389 vult
2077 5327 2133 5389 Dei

1385 5421 1451 5483 :eto
1467 5421 1603 5492 duetus·
1618 5437 1652 5483 ac
1667 5421 1795 5498 insuper
1808 5437 1882 5483 cum
1896 5421 2012 5498 attenta
2028 5430 2134 5484 mente

1385 5514 1569 5592 cogitemus
1586 5512 1668 5592 quod
1683 5513 1746 5592 ipse
1760 5513 1937 5593 seraphicus
1952 5521 2039 5591 pater
2053 5529 2134 5576 anno

1386 5783 1421 5830 tis
1436 5795 1498 5830 sero
1517 5779 1667 5829 seminariis
1683 5779 1741 5826 vide
1760 5779 1864 5828 constit.
1881 5781 1942 5828 edit.
1959 5793 2135 5840 nocturum..

1385 5849 1427 5897 die
1443 5854 1468 5897 16
1482 5849 1604 5904 octobris,
1619 5847 1708 5904 pontif.
1723 5859 1758 5893 x1.
