4848 6990
113 585 171 638 Art.
185 585 217 638 C.
240 585 309 639 1686

100 735 165 832 neg?
180 734 320 782 saeorum-
380 747 445 794 xtv.
468 731 553 807 Quod
586 737 688 810 patres
718 731 890 794 sacerdotes
916 731 952 793 ad
973 737 1092 792 sancto-

339 839 412 886 rum
432 831 699 887 sacramentorum
721 823 1023 886 administrationem
1040 824 1091 886 de·

339 917 439 996 putati
460 917 594 980 habeant
616 917 648 980 in
669 917 809 996 quolibet
827 917 1015 980 monasterio
1030 917 1090 996 pri-

340 1026 428 1074 mum
450 1011 554 1074 locum
574 1020 605 1074 et
626 1010 874 1089 praecedentiam
901 1011 967 1074 aliis
989 1013 1091 1074 omni·

339 1105 396 1166 bus
417 1103 582 1181 religiosis,
605 1105 740 1183 exceptis
760 1105 922 1183 superiore
942 1113 974 1166 et
992 1103 1091 1168 consi-

339 1197 446 1260 liariis.

96 1287 169 1395 “⁰¹3⁰
186 1287 321 1388 &lariti
378 1309 431 1354 xv.
454 1293 530 1367 Quia
551 1301 642 1370 caput
667 1307 791 1354 xxxvn.
816 1301 994 1357 nostrarum
1017 1308 1090 1356 cou-

96 1393 275 1449 seneraratus
338 1386 539 1448 stitutionem
570 1386 695 1448 ordinat
726 1394 757 1448 et
790 1387 914 1448 mandat
946 1387 1026 1464 quod
1055 1387 1088 1448 iu

339 1486 489 1540 eventum
518 1479 627 1540 mortis
655 1479 820 1555 generalis,
844 1478 1089 1541 renunciationis

338 1571 388 1632 vel
409 1571 592 1650 privationis
619 1571 710 1633 oiircii
731 1573 772 1634 ob
792 1572 923 1634 crimina
944 1573 1087 1634 commis-

338 1682 381 1740 sa,
403 1666 428 1726 si
450 1665 509 1727 boc
528 1666 670 1730 evenerit
692 1665 725 1728 in
747 1666 848 1744 primo
876 1665 1014 1728 triennio
1035 1682 1089 1728 sex

338 1775 492 1821 annorum
516 1759 723 1835 generalatus,
746 1759 775 1820 ei
795 1761 936 1822 succedat
958 1759 990 1820 in
1009 1759 1089 1822 dicto

339 1852 438 1916 oiiicio
464 1852 561 1928 prior,
584 1852 639 1930 qui
670 1859 746 1914 tunc
778 1852 885 1926 luerit,
908 1852 1089 1914 monasterii

339 1953 369 2007 et
389 1945 515 2024 hospitii
546 1945 678 2008 civitatis
707 1945 906 2008 Granatensis
932 1947 1088 2024 usquead

338 2037 508 2117 capitulum
530 2039 726 2117 proximum3
750 2048 792 2114 et,
816 2039 965 2116 quoniam
982 2040 1089 2102 evenit

339 2147 424 2194 casus
446 2132 555 2194 mortis
583 2131 738 2209 generalis
760 2132 793 2194 ia
815 2131 916 2210 primo
939 2131 1088 2205 triennio,

338 2225 481 2288 assistens
511 2227 622 2299 maior,
655 2226 709 2303 qui
743 2232 818 2288 tunc
849 2233 925 2300 erat,
960 2225 1038 2287 dixit
1059 2233 1090 2288 et

337 2319 542 2396 praetendere
562 2319 664 2396 coepit
691 2319 790 2380 eidem
820 2325 998 2398 competere
1019 2317 1089 2380 reli-

338 2412 438 2488 gionis
460 2413 603 2489 regimen
625 2428 785 2490 usquequo
801 2412 901 2474 dictus
917 2412 1001 2490 prior
1011 2412 1090 2474 fira-

338 2505 474 2566 natensis
495 2504 651 2567 accederet
674 2505 705 2565 in
733 2504 961 2566 monasterium
982 2511 1013 2565 et
1035 2503 1089 2570 bo·

337 2598 478 2676 spitium,
501 2597 554 2660 ubi
586 2597 671 2674 prius
700 2597 854 2658 residebat
881 2597 981 2658 dictus
1003 2605 1089 2674 pater

338 2689 493 2768 generalis
515 2698 545 2753 et
567 2689 797 2764 delinitorium3
820 2697 850 2751 et
866 2705 937 2752 cum
952 2689 1046 2752 luerit
1061 2689 1089 2752 ei

337 2784 576 2858 contradictum,
599 2799 638 2844 ex
658 2799 695 2844 eo
716 2783 797 2860 quod
820 2783 917 2844 dictae
940 2782 1089 2846 constitu·

339 2877 438 2938 tiones
456 2892 520 2938 non
534 2876 564 2936 ei
579 2877 652 2938 dant
666 2875 802 2937 similem
816 2874 1007 2949 facultatem,
1023 2883 1089 2938 orta

337 2969 398 3032 luit
417 2969 567 3032 discordia
588 2968 689 3030 civilis
710 2975 740 3030 et
761 2967 944 3042 criminalis,
967 2977 997 3031 et
1018 2967 1091 3030 reli-

338 3063 389 3138 gio
410 3061 468 3124 luit
490 3061 676 3124 notabilibus
698 3061 984 3140 perturbationibus
1001 3063 1089 3124 invo-

338 3154 417 3218 luta:
442 3157 477 3218 ad
505 3155 658 3234 praedicta
689 3155 852 3234 reparandi
884 3155 1089 3232 imposterum

337 3251 523 3324 declaratur,
546 3249 628 3327 quod
649 3249 683 3310 in
704 3249 786 3310 dicto
807 3265 878 3310 casu
899 3248 1019 3323 mortis,
1038 3248 1088 3310 vel

337 3345 474 3407 deiectus
506 3342 578 3405 dicti
609 3341 704 3420 patris
739 3339 892 3417 generalis
923 3342 956 3402 in
987 3341 1089 3420 primo

337 3437 486 3510 triennio,
515 3435 615 3498 donec
645 3435 744 3496 dictus
774 3433 859 3512 prior
891 3433 1088 3496 Granatensis

337 3533 444 3594 veniet
465 3531 497 3592 in
520 3527 745 3591 monasterium
767 3527 820 3588 ubi
842 3529 925 3590 adest
947 3529 1089 3590 delinito·

337 3626 431 3699 rium,
455 3623 505 3684 vel
526 3623 562 3686 ad
583 3637 617 3684 se
637 3627 726 3684 vocat
742 3620 922 3682 ‹lebnitores
937 3621 990 3682 ubi
1004 3622 1089 3683 adest

337 3719 401 3793 ille,
424 3725 459 3780 ut
481 3723 644 3780 exerceant
676 3729 786 3776 eorum
817 3713 926 3788 officia,
955 3729 1018 3776 nou
1040 3715 1087 3776 in·

338 3811 497 3887 telligatur
519 3811 655 3872 officium
671 3823 791 3882 vacans,
808 3823 866 3869 nec
884 3808 1026 3884 regimen
1042 3823 1090 3869 re-

337 3905 460 3981 ligionis
483 3903 564 3966 dicto
585 3901 740 3962 assistenti
766 3900 887 3974 maiori,
910 3915 969 3962 nec
989 3901 1089 3963 cuivis

336 3998 425 4060 alteri
446 3995 635 4070 definitorio,
658 3995 683 4056 si
705 3993 831 4072 quidem
852 3994 969 4068 statim,
984 3997 1088 4056 secuta

336 4101 439 4155 morte
470 4089 640 4168 generalis,
676 4089 833 4164 ingressus
865 4089 923 4151 luit
954 4089 1087 4152 truendo

336 4185 437 4248 dictus
459 4183 543 4263 prior
569 4183 766 4246 Granatensis
795 4183 840 4244 uti
860 4198 1017 4244 successor
1039 4199 1087 4246 re·

337 4279 434 4354 galiae
464 4277 512 4338 sui
544 4275 750 4352 generalatus,
772 4282 803 4336 et
826 4277 934 4338 eodem
956 4276 1086 4337 instanti

337 4387 400 4433 iton
423 4376 551 4448 possunt
573 4370 638 4431 dari
659 4371 737 4430 duae
758 4385 917 4445 personae,
934 4385 1012 4446 quae
1031 4385 1086 4445 gu-

337 4465 482 4538 bernent,
499 4480 557 4525 nec
577 4463 695 4525 dictum
709 4461 923 4524 delinitorium
937 4471 996 4538 est,
1012 4464 1087 4524 dum

337 4559 420 4618 adest
441 4557 556 4634 absque
578 4556 687 4634 capite.

168 4659 207 4702 De
230 4656 318 4702 eodem
379 4667 441 4712 xvt.
466 4650 541 4726 Quia
563 4649 739 4712 dubitatum
771 4649 830 4709 luit
852 4651 934 4725 quod
962 4649 995 4711 in
1016 4666 1086 4711 casu

164 4743 171 4753 '
337 4744 539 4806 successionis
573 4741 646 4804 dicti
682 4742 793 4820 prioris
827 4742 1024 4804 Granatensis
1055 4744 1087 4804 in

338 4836 418 4898 dicto
439 4835 540 4897 allicio
561 4835 757 4912 generalatus
779 4835 811 4896 in
834 4835 934 4912 primo
951 4835 1087 4898 triennio

338 4929 377 4990 ob
397 4928 603 5006 supradictam
631 4945 754 4990 causam
776 4930 808 4990 in
831 4928 910 4990 dicta
938 4929 1088 4990 constitu·

337 5023 422 5083 tione
445 5036 582 5096 xxxvto,
600 5020 626 5080 si
647 5021 723 5082 dum
738 5029 862 5082 exercet
876 5021 1015 5083 ollicium
1030 5021 1087 5082 mi-

338 5116 475 5192 graverit
496 5131 534 5176 ex
559 5115 631 5190 vita,
654 5114 899 5187 renunciaverit,
916 5114 966 5175 vel
987 5115 1088 5193 priva-

338 5219 387 5270 tus
409 5209 515 5284 luerit,
544 5225 603 5287 qua
625 5210 663 5270 de
685 5209 772 5270 causa
802 5209 905 5271 denuo
934 5210 1088 5270 vacaverit

338 5304 455 5366 dictum
471 5304 608 5364 ollicium
623 5303 703 5363 intra
719 5300 802 5361 idem
819 5299 1000 5376 triennium,
1017 5303 1087 5380 quis

338 5397 364 5456 ei
378 5411 575 5458 successurus
591 5395 700 5456 luerit:
718 5393 891 5456 declaratur
905 5395 1039 5456 attinere
1049 5397 1085 5458 ad

339 5488 440 5562 illum,
453 5489 519 5566 qui,
537 5497 612 5550 tunc
628 5488 787 5566 temporis,
805 5487 898 5550 luerit
914 5489 998 5566 prior
1012 5489 1085 5552 dicti

340 5581 520 5642 monasterii
552 5581 765 5655 Granateusis,
796 5589 826 5643 et
849 5582 939 5642 toties
966 5584 1087 5660 quoties

341 5673 458 5736 dictum
474 5675 609 5736 ellicium
622 5675 818 5751 generalatus
834 5677 987 5738 vocaverit
999 5676 1087 5738 dictis

339 5765 495 5828 decausis
517 5767 547 5828 in
571 5768 650 5830 dicto
672 5769 774 5845 primo
797 5769 949 5842 triennio,
975 5769 1086 5830 attinet

338 5867 369 5920 et
383 5859 520 5937 pertinet
535 5863 570 5923 ad
586 5862 722 5940 priorem
734 5861 957 5923 tironatensem
972 5863 1086 5938 absque

338 5951 399 6012 ullri
419 5955 665 6016 contradictione
687 5955 750 6016 ullo
773 5971 911 6033 unquam
932 5965 1085 6034 tempore,

93 4719 162 4756 tabu

985 607 1195 654 lNNOCENTlUS
1217 605 1262 652 Xl.

1837 582 1876 646 85
1926 582 1980 636 Aa.
1994 582 2025 636 0.
2047 581 2116 636 1686

1146 731 1294 808 quoniam
1314 731 1358 792 sic
1372 729 1556 808 dispositum
1571 728 1604 790 in
1619 723 1752 806 capitulo
1767 738 1892 786 xxxvtt.

1146 823 1298 886 dictarum
1319 823 1591 886 constitutionum.

1186 933 1264 978 xvn.
1287 916 1372 994 Quod
1405 923 1518 995 patres,
1541 915 1594 993 qui
1627 913 1757 976 luerunt
1788 911 1895 974 vicarii
1915 913 2128 1016 rue¹r³tt⁰nt¹¹⁸iitc21¹i¹t¹t

1146 1010 1307 1088 generales
1337 1010 1509 1087 religionis,
1538 1025 1602 1072 non
1635 1015 1803 1070 teneantur
1824 1020 1897 1068 con·
1914 1021 2053 1080 senentes.

1146 1119 1273 1166 currere
1295 1104 1326 1168 in
1348 1104 1502 1177 domibus,
1518 1102 1571 1166 ubi
1593 1102 1770 1164 babuerunt
1784 1113 1895 1162 eorum

1146 1197 1356 1272 residentiam,
1379 1205 1447 1276 post
1468 1197 1566 1258 linem
1586 1195 1634 1256 sni
1652 1194 1755 1267 ollieii,
1773 1208 1832 1256 nec
1846 1192 1896 1254 ad·

1146 1307 1211 1354 esse
1232 1291 1289 1354 ulli
1310 1291 1391 1356 actui
1412 1289 1646 1354 communitatis
1672 1286 1824 1364 generalis
1845 1283 1897 1346 vel

1145 1384 1348 1464 particularis,
1366 1401 1422 1446 nec
1440 1383 1625 1461 superiores,
1642 1381 1694 1459 qui
1711 1379 1829 1442 luerint
1843 1378 1897 1438 do-
1916 1387 1920 1393 '

1145 1493 1271 1542 morum
1298 1479 1352 1542 ubi
1384 1478 1498 1540 babent
1528 1491 1639 1538 eorum
1670 1472 1894 1546 assistentiam,

1144 1573 1263 1650 possint
1291 1587 1343 1634 eos
1370 1573 1405 1634 ad
1429 1572 1459 1634 id
1487 1568 1685 1649 compellere,
1708 1568 1734 1628 si
1755 1566 1829 1646 quid
1850 1581 1897 1626 ra-

1145 1665 1231 1728 tione
1251 1664 1343 1728 officii
1364 1665 1401 1728 ab
1421 1665 1465 1726 eis
1479 1663 1606 1726 exerciti
1621 1661 1778 1724 observari
1793 1659 1894 1734 debet,
1955 1725 1965 1738 ,

1144 1760 1258 1821 eisdem
1280 1761 1355 1821 baec
1376 1759 1599 1837 praerogativa,
1622 1771 1695 1818 cum
1708 1754 1748 1816 sit
1763 1754 1896 1816 rationa-

1144 1852 1207 1914 bile
1227 1868 1279 1913 eos
1300 1851 1385 1914 illam
1407 1851 1522 1914 babere
1542 1851 1574 1911 in
1596 1849 1771 1928 praemium
1786 1861 1896 1910 eorum

1144 1945 1295 2019 laborum,
1317 1945 1369 2008 sed
1392 1953 1496 2007 tamen
1515 1943 1581 2006 aliis
1596 1943 1766 2004 observent
1780 1947 1811 2002 et
1825 1939 1896 2002 obe-

1144 2039 1230 2102 diant
1250 2039 1496 2102 ordinationibus
1518 2045 1548 2099 et
1569 2035 1739 2116 praeceptis
1758 2033 1830 2096 dicti
1844 2050 1895 2095 su·

1144 2131 1274 2210 periuris
1297 2131 1348 2194 ubi
1369 2131 1517 2194 resident.

1185 2240 1276 2288 xvnt.
1300 2225 1384 2300 Quod
1407 2231 1520 2303 patres,
1543 2223 1596 2302 qui
1618 2221 1759 2295 luerunt,
1775 2225 1895 2282 suntet
1914 2212 2128 2312 rueffntnit'anqnuss

1144 2321 1358 2399 inposterum
1388 2325 1483 2380 erunt
1513 2317 1692 2380 definitores
1721 2314 1894 2390 religionis,
1916 2323 1989 2366 tores.

1144 2421 1211 2492 post
1233 2413 1352 2490 lapsum
1373 2428 1504 2474 suorum
1525 2411 1710 2482 ciliciorum,
1735 2409 1767 2470 in
1790 2423 1895 2470 mona-

1142 2506 1245 2568 steriis
1266 2514 1297 2568 et
1318 2506 1458 2584 hospitiis
1489 2505 1542 2568 ubi
1571 2503 1708 2566 resident
1729 2509 1761 2563 et
1781 2501 1895 2564 babue-

1143 2601 1208 2662 rint
1229 2616 1339 2662 eorum
1360 2597 1671 2671 conventualitatem,
1695 2595 1827 2657 babeant
1847 2611 1895 2656 se·

1143 2693 1214 2755 dem
1236 2693 1267 2754 in
1289 2693 1363 2754 actis
1385 2691 1584 2768 generalibus
1606 2701 1638 2752 et
1660 2687 1895 2768 particularibus

1143 2789 1302 2850 dexteram
1317 2787 1497 2848 immediate
1510 2783 1664 2864 superiori
1676 2783 1829 2846 dictorum
1841 2783 1896 2844 bo-

1143 2879 1318 2958 spitalium,
1341 2887 1373 2942 et
1398 2881 1432 2942 in
1461 2878 1656 2942 occurrentia
1683 2877 1818 2940 duorum
1846 2875 1896 2936 vel

1143 2973 1283 3053 plurium
1313 2973 1531 3047 definitorum,
1560 2971 1668 3034 sedere
1695 2970 1828 3034 debeant
1848 2985 1896 3030 se-

1142 3067 1282 3130 cundum
1303 3068 1436 3144 gradum
1457 3081 1553 3144 quem
1572 3064 1739 3128 habuerint
1760 3063 1793 3125 in
1815 3062 1895 3124 dicto

1142 3159 1331 3235 definitorio,
1357 3161 1561 3238 praecedente
1585 3174 1708 3238 semper
1733 3156 1896 3220 assistente

1143 3253 1252 3315 maiori
1272 3254 1408 3316 secundo
1438 3251 1604 3326 assistenti,
1625 3257 1658 3312 et
1680 3249 1730 3312 bic
1751 3265 1895 3328 procura·

1144 3347 1204 3408 tori
1228 3346 1382 3422 generali,
1409 3355 1440 3408 et
1465 3353 1645 3424 procurator
1670 3341 1823 3422 generalis
1848 3357 1893 3404 se

1142 3441 1272 3502 cretario
1305 3440 1461 3517 generali,
1490 3447 1521 3502 et
1541 3439 1687 3500 omuibus
1714 3437 1780 3500 istis
1808 3450 1893 3514 prae·

1142 3533 1323 3596 cedentibus
1344 3533 1405 3594 illis
1426 3533 1480 3611 qui
1502 3532 1631 3596 luerunt
1652 3538 1754 3609 patres
1768 3528 1894 3608 provin·

1142 3627 1206 3688 ciae
1227 3633 1257 3688 et
1278 3625 1446 3688 consiliarii
1468 3625 1499 3688 in
1522 3625 1601 3687 dicta
1621 3623 1890 3686 communitate».

1181 3720 1200 3794 5
1220 3719 1249 3780 2.
1274 3717 1355 3782 Cum
1375 3725 1491 3792 autem,
1514 3718 1595 3780 sicut
1616 3715 1724 3778 eadem
1743 3716 1894 3794 expositio
1913 3719 2127 3820 „¹,',{2;⁰S⁰⁵B,',2ss21

1141 3812 1358 3888 subiungebat,
1376 3818 1441 3874 acta
1461 3817 1493 3872 et
1514 3812 1636 3873 decreta
1657 3809 1835 3872 huiusmodi
1857 3807 1892 3870 ad
1913 3823 1952 3870 tra.
2020 3783 2036 3830 ⁸

1142 3905 1253 3966 bonam
1280 3904 1401 3968 Ordinis
1433 3904 1581 3982 praedicti
1602 3901 1807 3966 directionem
1829 3917 1893 3963 rec·

1143 4009 1267 4078 tamque
1295 4000 1377 4064 illius
1408 4001 1670 4078 gubernationem
1691 3999 1779 4062 utilia
1800 4005 1894 4077 atque

1142 4093 1310 4156 necessaria
1330 4101 1425 4170 sunt;
1448 4094 1584 4156 tirmiora
1600 4109 1675 4156 vero
1691 4101 1722 4154 et
1736 4091 1892 4154 stabiliora

1141 4201 1207 4248 esse
1228 4187 1359 4262 soleant,
1381 4204 1461 4265 quae
1481 4187 1664 4266 apostolicae
1686 4185 1894 4248 confirmatio-

1143 4277 1190 4340 nis
1211 4281 1363 4356 praesidio
1394 4281 1596 4342 roborantur:
1621 4279 1710 4340 nobis
1731 4289 1893 4357 propterea

1142 4372 1297 4448 praelatus
1329 4374 1457 4436 loannes
1493 4372 1679 4434 Emmanuel
1714 4379 1895 4450 procurator

1143 4467 1295 4546 generalis
1317 4465 1412 4528 totius
1433 4465 1555 4528 Ordinis
1575 4465 1743 4543 supradicti
1765 4465 1894 4526 nomine

1142 4561 1304 4624 humiliter
1324 4558 1488 4637 supplicari
1515 4557 1585 4620 lecit
1607 4564 1642 4618 ut
1664 4559 1696 4618 in
1720 4557 1894 4634 praemissis

1142 4662 1318 4734 opportune
1338 4651 1501 4730 providere
1522 4658 1553 4712 et
1576 4658 1610 4712 ut
1631 4649 1711 4710 inira
1731 4649 1895 4725 indulgere

1142 4751 1180 4812 tle
1201 4745 1393 4822 benignitate
1414 4743 1577 4821 apostolici
1598 4742 1811 4819 dignaremur.

1183 4843 1202 4916 ἓ
1224 4839 1252 4902 3.
1277 4838 1338 4900 Nos
1360 4838 1468 4914 igitur,
1491 4837 1594 4914 ipsum
1609 4837 1756 4898 loannem
1772 4835 1895 4897 Emma-
1914 4837 2127 4938 relaffffimcggq

1143 4933 1270 4995 nuelem
1296 4938 1528 5008 procuratorem
1557 4928 1734 5006 generalem
1755 4927 1895 5007 speciali·
1913 4947 2048 4990 aratorum.

1142 5027 1199 5088 bus
1221 5023 1377 5086 favoribus
1398 5030 1429 5083 et
1451 5021 1558 5098 gratiis
1579 5023 1722 5100 prosequi
1738 5021 1892 5096 volentes,

1140 5125 1172 5178 et
1193 5135 1209 5177 a
1231 5115 1391 5196 quibusvis
1406 5109 1750 5188 excommunicationis,
1766 5130 1894 5192 suspen·

1141 5211 1236 5272 sionis
1257 5217 1288 5270 et
1314 5209 1490 5284 interdicti,
1523 5207 1652 5284 aliisque
1683 5207 1894 5270 ecclesiasticis

1141 5303 1317 5378 sententiis,
1351 5302 1489 5364 censuris
1511 5309 1542 5362 et
1573 5302 1692 5378 poenis,
1715 5319 1731 5362 a
1754 5301 1821 5363 iure
1843 5301 1893 5362 vel

1141 5399 1178 5458 alt
1199 5397 1338 5469 bomine,
1362 5394 1471 5472 quavis
1493 5394 1650 5454 occasione
1673 5393 1723 5454 vel
1744 5394 1833 5454 causti
1853 5393 1896 5454 la·

1142 5492 1191 5566 tis,
1213 5491 1239 5552 si
1261 5489 1374 5568 quibus
1395 5487 1625 5565 quomodolibet
1648 5486 1811 5548 innodatus
1829 5487 1895 5546 exi-

1141 5587 1213 5660 stit,
1246 5586 1282 5646 ad
1314 5581 1460 5643 ellectum
1491 5581 1700 5659 praesentium
1732 5579 1893 5642 dumtaxat

1140 5677 1408 5754 consequendum,
1424 5674 1535 5734 iturum
1556 5673 1636 5734 serie
1656 5673 1849 5734 absolventes
1864 5679 1895 5734 et

1141 5771 1317 5832 absolutum
1340 5769 1404 5829 lore
1428 5773 1600 5840 censentes,
1625 5766 1801 5828 buiusmodi
1821 5783 1892 5844 sup-

1140 5863 1354 5942 plicationibus
1369 5860 1520 5934 inclinati,
1538 5860 1575 5921 tle
1591 5860 1818 5920 venerabilium
1834 5861 1893 5920 lra-

1142 5965 1226 6017 tt·um
1248 5963 1428 6016 nostrorum
1451 5952 1480 6014 S.
1500 5951 1534 6014 tt.
1554 5951 1588 6014 ll.
1611 5951 1824 6015 cardinalium
1840 5968 1892 6014 ne·
