4844 6990
1022 581 1163 628 excusus
1185 583 1242 630 xri.
1827 569 1885 636 487
1937 573 1989 625 An.
2004 573 2034 626 e.
2056 573 2124 626 1737

359 719 452 781 nare3
483 719 540 768 nec
561 719 625 766 non
648 719 719 768 cum
747 703 892 764 omnibus
920 709 951 764 et
972 701 1104 777 singulis
1159 701 1203 764 sic
1217 709 1377 782 exemptos
1392 712 1423 767 et
1438 705 1583 768 liberatos
1598 689 1802 769 iurisdictioni
1818 723 1905 788 prae-

358 798 425 860 aliis
447 799 577 862 indultis
598 803 629 860 et
651 798 846 860 tacoltacibns
868 797 925 874 ipsi
941 797 1035 858 Felici
1052 796 1103 860 Sa·
1160 793 1233 858 dicti
1261 797 1370 859 Felicis
1400 797 1552 861 Samuelis
1581 800 1808 879 hrchiepiscopi
1835 803 1905 881 Epi-

358 891 456 954 mueli
478 892 714 970 Archiepiscopo
735 891 862 968 suisque
877 889 1103 964 successorihus
1159 890 1241 968 scopi
1263 891 1335 951 dicti
1352 892 1428 953 ritus
1440 893 1540 968 graeci
1554 893 1585 953 in
1601 895 1682 956 dicto
1697 895 1835 972 Collegio
1849 913 1905 974 pro

358 999 373 1042 a
395 983 496 1058 nobis,
520 991 554 1045 ut
576 983 672 1058 inira,
696 982 918 1057 concedendis,
942 980 1102 1060 apostolica
1160 987 1302 1058 tempore
1316 984 1445 1062 praesidi
1460 985 1633 1061 existentis,
1650 987 1907 1050 omnimodaeiu-

356 1077 538 1138 auctoritate
560 1077 778 1138 constituimus
800 1083 830 1136 et
851 1078 1047 1154 deputamus.

396 1169 464 1250 §2
489 1170 529 1232 Ut
550 1179 655 1232 autem
677 1169 776 1231 dictus
797 1168 884 1231 Felix
907 1167 1031 1230 Samuel
1047 1167 1101 1228 hr-

356 1264 569 1342 chiepiscopus
590 1269 621 1324 et
645 1263 812 1340 Episcopus
841 1261 920 1322 ritus
942 1261 1100 1338 praedicti,

356 1359 429 1422 dicti
459 1357 568 1419 Felicis
596 1356 749 1420 Samuelis
779 1355 1005 1432 hrcbiepiscopi
1027 1355 1104 1416 Suc-

356 1467 469 1526 cessor,
478 1449 613 1528 dictique
624 1449 819 1526 Collegiipro
831 1455 1101 1526 temporepraeses

355 1543 503 1616 existens,
528 1543 598 1603 totis
620 1541 739 1603 viribus
762 1549 889 1618 totoque
905 1541 1010 1602 animo
1032 1555 1102 1618 pro·

355 1637 425 1698 vide
448 1638 528 1699 dicto
550 1636 687 1711 collegio
712 1649 864 1712 praeesse,
888 1634 1034 1712 illiusque
1054 1650 1102 1695 re·

355 1729 478 1807 gimini,
500 1729 760 1792 administrationi
781 1738 813 1791 et
833 1731 932 1792 Curae
953 1729 1101 1790 attentius

354 1825 580 1902 praecipueque
608 1825 788 1886 incumbere
820 1821 934 1883 valeat:
963 1837 1019 1884 nos
1047 1819 1101 1898 qui

355 1933 457 1996 nuper
479 1918 652 1992 Collegium
675 1917 876 1996 praedictum,
893 1931 954 1975 una
975 1932 1045 1976 cum
1066 1913 1102 1974 il-

354 2009 414 2071 lius
428 2010 591 2088 parochiali
610 2009 745 2083 ecclesia,
762 2008 908 2082 alumnis,
922 2007 1099 2081 lectoribus,

354 2102 522 2180 magistris,
534 2103 695 2180 ministris,
709 2101 837 2180 aliisque
848 2101 988 2180 personis
1000 2099 1100 2162 eidem

354 2195 1100 2274 Collegioinserrientibus,quodacquosetquas

352 2305 423 2352 ven.
452 2288 538 2350 iratri
568 2297 675 2350 nostro
704 2287 852 2367 Episcopo
875 2287 1098 2359 Bisinianensi,

353 2399 452 2461 usque
473 2389 504 2444 et
525 2383 557 2443 in
579 2389 732 2444 eventum
754 2381 959 2460 deputationis
975 2387 1006 2442 et
1026 2397 1101 2441 con-

352 2477 523 2539 stitutionis
545 2477 639 2538 unius
661 2493 699 2537 ex
721 2475 964 2554 Archiepiscopis
986 2489 1039 2536 seu
1062 2473 1100 2534 E·

353 2570 482 2648 piscopis
503 2570 582 2631 ritus
604 2569 749 2648 praedicti
765 2570 797 2629 in
813 2567 953 2631 eiusdem
968 2565 1098 2642 Collegii

353 2664 524 2740 praesidem
552 2663 762 2724 constituendi
792 2677 808 2721 a
831 2661 920 2722 nobis
950 2660 1099 2722 iacienda-

352 2773 441 2829 rum,
465 2757 602 2818 subiecta
630 2771 697 2816 esse
724 2755 889 2829 volumus3
918 2770 1002 2815 rrunc
1024 2768 1098 2812 vero

352 2849 551 2926 deputatione
583 2857 641 2910 etc.
672 2865 687 2908 a
716 2848 808 2910 Nobis
836 2863 891 2925 per
921 2853 1098 2924 praesentes

351 2942 447 3015 lactis,
472 2940 647 3016 Collegium
666 2941 871 3019 praedictum,
889 2940 1032 3017 illiusque
1046 2955 1098 3018 pa-

351 3034 519 3096 rochialem
541 3035 701 3095 ecclesiam
722 3035 921 3112 praedictam,
941 3034 1096 3108 alumnos,

351 3127 500 3202 lectores,
528 3129 693 3204 magistros
720 3128 856 3205 aliosque
883 3127 1044 3188 ministros
1066 3133 1096 3186 et

351 3235 496 3299 personas
510 3219 537 3279 ei
554 3227 682 3282 nuncet
698 3237 753 3298 pro
768 3227 909 3298 tempore
925 3219 1097 3280 inservien-

351 3320 408 3388 tes,
431 3311 601 3374 dnmmodo
616 3312 649 3372 in
665 3312 746 3374 dicto
762 3311 900 3388 collegio
915 3311 1094 3384 convivent,

350 3405 388 3466 ab
409 3405 557 3484 Episcopo
583 3405 788 3466 Bisinianensi
816 3412 874 3466 etc.
899 3405 1028 3482 eiusque
1051 3403 1096 3465 in·

349 3497 529 3560 risdictione
551 3498 706 3559 ordinaria
727 3515 761 3559 ac
782 3497 932 3574 delegata,
946 3506 976 3558 et
990 3513 1006 3556 a
1021 3513 1096 3575 quo·

350 3607 486 3669 euntque
506 3591 753 3669 Metropolitano,
777 3609 810 3652 ac
834 3591 994 3670 quibusvis
1015 3591 1093 3662 aliis,

1159 1075 1347 1152 risdictioni,
1372 1079 1413 1138 ita
1441 1086 1545 1140 tamen
1573 1086 1607 1142 ut
1636 1081 1717 1142 idem
1746 1081 1832 1144 Felix
1855 1082 1905 1146 Sa·
1986 1105 1989 1114 ·

1159 1169 1243 1230 muel
1266 1169 1521 1250 archiepiscopus
1543 1173 1710 1251 Episcopus
1732 1175 1805 1237 dicti
1826 1177 1905 1237 ritus

1159 1264 1190 1324 in
1213 1264 1293 1324 dicto
1316 1263 1452 1339 Collegio
1468 1281 1523 1342 pro
1538 1274 1680 1344 tempore
1700 1268 1836 1330 existens
1851 1285 1906 1330 no-

1160 1357 1257 1418 biset
1280 1356 1349 1418 Sedi
1372 1357 1573 1436 apostoticae,
1597 1368 1627 1422 et
1649 1376 1704 1438 pro
1726 1349 1804 1424 dicta
1826 1360 1905 1423 Sede

1158 1455 1265 1510 nostro
1286 1457 1317 1510 et
1338 1465 1394 1528 pro
1415 1457 1556 1529 tempore
1585 1453 1746 1516 existentis
1774 1454 1904 1515 Romani

1158 1542 1315 1604 Pontisscis
1337 1542 1537 1622 eiusdemque
1560 1545 1646 1608 Sedis
1668 1545 1789 1608 Nuncio
1809 1545 1841 1608 in
1857 1565 1904 1608 re-

1157 1650 1219 1710 gno
1251 1634 1453 1714 Neapolitano
1486 1640 1691 1700 commoranti
1724 1640 1904 1703 immediate

1157 1727 1314 1790 subiectus
1336 1736 1506 1803 remaneat,
1523 1747 1560 1792 ex
1582 1739 1654 1793 voto
1677 1733 1904 1796 nonnullorum

1158 1836 1254 1881 uena.
1279 1819 1411 1884 fratrum
1434 1829 1612 1886 nostrorum
1636 1824 1666 1888 S.
1684 1825 1718 1885 ll.
1738 1827 1772 1887 E.
1801 1827 1905 1889 Cardi-

1158 1912 1277 1974 nalium
1301 1914 1555 1991 Congregattonis
1577 1917 1768 1994 particularis
1779 1919 1817 1980 de
1831 1920 1903 1981 Pro·
1951 1974 1959 1990 ,

1158 2005 1294 2082 pagandd
1309 2005 1382 2068 Fide
1397 2023 1490 2085 super
1505 2009 1596 2070 rebus
1612 2010 1901 2088 italo-graecorum,

1158 2103 1244 2158 motu
1277 2099 1369 2160 etiam
1398 2101 1480 2178 pari,
1510 2102 1674 2178 apostolica
1702 2105 1901 2180 auctoritate,

1157 2190 1250 2252 etiam
1263 2199 1412 2269 perpetuo
1427 2193 1608 2256 subiicimus
1623 2196 1838 2276 subiectosque
1852 2215 1902 2278 pa-

1157 2282 1234 2344 riter
1262 2283 1418 2346 volumus.
1453 2289 1495 2348 Aa
1521 2287 1649 2366 insuper
1677 2290 1780 2352 eidem
1808 2292 1902 2354 Felici

1157 2375 1293 2438 Samueli
1322 2378 1559 2457 archiepiscopo
1586 2389 1617 2442 et
1646 2381 1795 2462 Episcopo
1823 2385 1902 2446 ritus

1156 2470 1256 2545 graeci
1280 2471 1352 2532 dicti
1376 2472 1505 2549 Collegii
1528 2475 1670 2550 praesidi,
1694 2483 1729 2537 ut
1750 2477 1808 2554 ipsi
1830 2479 1902 2540 dicti

1156 2562 1287 2638 Collegii
1309 2563 1444 2626 alumnis
1459 2581 1515 2644 pro
1531 2573 1670 2645 tempore
1684 2569 1900 2647 existentibus,

1154 2653 1285 2717 Ordines
1313 2657 1406 2718 etiam
1426 2669 1527 2720 sacros
1551 2660 1617 2720 sine
1646 2661 1902 2727 dimissorialibus

1155 2747 1391 2810 Ordinariorum
1422 2767 1552 2813 suorum
1585 2753 1700 2830 literis;
1733 2756 1902 2818 dummodo

1157 2847 1259 2901 tamen
1282 2841 1403 2904 alumni
1433 2843 1502 2921 ipsi,
1526 2853 1556 2906 et
1577 2846 1708 2923 quilibet
1736 2865 1846 2910 eorum
1868 2851 1901 2910 in

1154 2947 1263 2994 eornm
1284 2934 1450 2998 cuiuslibet
1472 2935 1504 2998 in
1527 2937 1644 3000 dictum
1657 2939 1833 3017 Collegium
1855 2943 1903 3004 in-

1154 3039 1262 3102 gressu
1286 3027 1506 3091 testimoniales
1529 3046 1637 3092 eorum
1660 3033 1826 3097 cuiuslibet
1847 3035 1902 3098 Or-

1153 3119 1265 3180 dinarii
1287 3119 1391 3182 literas
1413 3123 1450 3182 de
1472 3138 1581 3184 eorum
1596 3125 1761 3188 cuiuslibet
1782 3143 1901 3206 respec-

1153 3212 1217 3272 tive
1250 3212 1432 3290 baptismate
1454 3213 1487 3276 in
1516 3216 1579 3277 ritu
1608 3232 1730 3294 graeco,
1761 3219 1900 3282 eiusdem

1152 3305 1397 3380 continuatione,
1429 3306 1577 3384 legitimis
1602 3311 1764 3386 natalibus,
1787 3321 1898 3389 aetate,

1153 3412 1211 3458 nec
1233 3398 1430 3475 inquisitum,
1444 3415 1547 3478 neque
1563 3401 1665 3480 aliquo
1680 3405 1828 3468 canonico
1843 3406 1900 3466 im·

1152 3490 1330 3568 pedimento
1353 3493 1490 3554 irretitos
1513 3501 1545 3555 et
1567 3496 1737 3571 irretitum,
1753 3507 1785 3558 et
1800 3515 1898 3578 usque

1151 3584 1186 3644 ad
1207 3582 1237 3642 id
1260 3591 1382 3662 tempus
1403 3585 1493 3646 bonis
1515 3589 1653 3650 moribus
1678 3592 1844 3667 praeditos,
1867 3599 1898 3654 et

350 3685 514 3746 reservatis
551 3691 675 3746 tantum
708 3684 857 3762 Episcopo
888 3683 1093 3746 Bisinianensi
1151 3676 1337 3754 praeditum
1368 3679 1407 3739 Et
1428 3681 1465 3741 ad
1492 3680 1729 3744 subdiaconatus
1755 3685 1898 3746 ordinem

349 3776 527 3856 praedicto'
521 3793 588 3838 rnre
603 3777 748 3839 visitandi
763 3778 875 3840 dictam
890 3776 1093 3854 parochialem
1151 3773 1378 3847 promovendos
1390 3781 1421 3833 et
1441 3777 1690 3850 promovendum
1713 3779 1829 3856 proprii
1844 3778 1898 3844 Or·

350 3869 509 3934 ecclesiam
537 3869 635 3948 quoad
664 3886 769 3932 curam
799 3871 958 3932 dumtaxat
979 3870 1095 3930 aalma.
1151 3863 1262 3924 dinarii
1282 3865 1513 3926 attestationem
1530 3869 1567 3928 de
1582 3869 1767 3945 patrimonio
1781 3871 1839 3931 sibi
1855 3871 1898 3932 le·

348 3979 420 4025 rum
441 3964 654 4025 iurisdictione
676 3964 708 4026 in
729 3964 796 4024 eius
821 3971 963 4026 curatum
995 3963 1094 4040 quoad
1151 3955 1260 4031 gilime
1286 3957 1453 4020 constituto
1485 3961 1653 4021 exhibeant
1682 3967 1712 4022 et
1740 3961 1895 4038 exhibeat,

349 4057 490 4120 eamdem
511 4073 628 4130 curam,
651 4073 709 4119 nec
731 4073 794 4120 non
816 4057 1004 4118 concedendi
1026 4073 1095 4118 auc·
1150 4057 1272 4110 servato
1293 4051 1392 4126 quoad
1418 4051 1680 4128 dispensationem
1701 4054 1738 4115 ab
1759 4055 1898 4116 intersti-

349 4149 541 4212 torizabilem
569 4150 819 4228 approbationem
847 4166 902 4210 seu
929 4149 1094 4211 institutio·
1153 4142 1201 4203 tiis
1222 4143 1463 4221 ritnpraedict0,
1479 4145 1631 4206 conferre.
1656 4145 1760 4224 thue
1774 4149 1807 4208 in
1823 4149 1896 4210 dicti

348 4258 423 4304 pem
445 4244 607 4306 exercendi
622 4242 707 4304 illam
724 4259 841 4317 curam,
859 4249 893 4304 ut
909 4241 1092 4321 praefertur,
1151 4233 1281 4310 Collegii
1305 4237 1466 4313 parochiali
1488 4236 1614 4300 ecclesia
1628 4239 1780 4317 praedicta
1796 4243 1896 4302 omni·

348 4336 538 4398 nominando
560 4336 799 4398 amoribilitera
819 4337 972 4414 praedicto
993 4336 1094 4399 Felice
1150 4325 1208 4390 bns
1236 4336 1268 4388 θῑ
1298 4327 1428 4405 Singilis
1461 4331 1689 4409 pontificalibus
1721 4332 1896 4409 insignibus

349 4429 493 4494 Samuele
521 4429 759 4507 archiepiscopo
783 4437 814 4490 et
837 4430 986 4508 Episcopo
1015 4431 1093 4492 ritus
1150 4420 1295 4497 praedicti
1327 4424 1417 4498 ritus,
1440 4423 1522 4484 ultra
1544 4425 1607 4486 dies
1630 4425 1661 4485 in
1691 4425 1803 4503 quibus
1832 4427 1896 4504 ipse

349 4524 451 4601 graeci
473 4524 505 4584 in
526 4523 607 4585 dicto
630 4523 778 4600 collegio,
802 4524 926 4600 praevio
948 4524 1021 4584 dicti
1043 4540 1094 4586 cu·
1149 4513 1358 4575 nniinniinnni
1381 4516 1412 4576 in
1434 4531 1469 4576 0²¹
1490 4517 1619 4594 peragit,
1636 4518 1731 4580 etiam
1752 4519 1818 4580 aliis
1833 4519 1896 4580 nie-

347 4615 405 4680 rati
428 4617 572 4678 examine
593 4632 695 4677 coram
719 4617 865 4694 Episcopo
887 4617 1092 4678 Bisinianensi
1149 4607 1206 4668 bus
1227 4607 1372 4669 omnibus
1393 4609 1537 4670 ecelesiae
1552 4609 1680 4671 Latinae
1700 4619 1731 4672 et
1752 4611 1893 4686 Graecae,

347 4711 512 4790 praedicto,
543 4711 679 4790 exceptis
704 4712 915 4790 spectantibus
936 4714 971 4774 ad
993 4712 1092 4773 ritum
1149 4700 1181 4760 in
1204 4701 1349 4762 omnibus
1381 4703 1559 4780 irrequisito
1588 4705 1736 4783 Enisnnnn
1768 4705 1894 4780 Bisinia-

348 4819 506 4881 graecum,
522 4821 615 4881 super
637 4804 749 4882 quibus
764 4806 848 4866 idem
865 4805 1031 4882 Episcopus
1043 4804 1093 4864 Ei·
1149 4794 1239 4855 nensi
1272 4803 1330 4856 etc.
1356 4796 1527 4872 praedicto,
1561 4797 1657 4858 libere
1682 4806 1712 4860 et
1739 4798 1822 4860 licite
1848 4800 1895 4860 uti

348 4897 533 4959 sinianensis
548 4907 606 4959 etc.
625 4899 717 4958 tidem
739 4898 929 4959 attestationi
945 4897 1091 4975 praedicti
1149 4887 1242 4963 FOSSii
1264 4893 1295 4948 ni
1316 4887 1415 4949 Vniffiii
1436 4906 1474 4949 ni
1496 4897 1579 4964 voto,
1603 4899 1751 4969 motuque
1774 4900 1804 4954 ei
1825 4909 1903 4966 nnn·

347 4991 488 5069 Episcopi
510 4991 589 5052 ritus
611 4991 712 5065 graeci
734 4992 766 5052 in
783 4992 863 5053 dicto
879 4991 1016 5068 collegio
1031 4999 1089 5052 etc,
1149 4979 1273 5041 toritate
1292 4981 1458 5058 similibus,
1475 4983 1569 5044 etiam
1584 4991 1734 5062 perpetuo
1755 4987 1895 5048 concedi·

346 5085 493 5162 praesidis
515 5083 676 5146 existentis
698 5085 770 5146 dare
792 5091 945 5147 teneatur.
1149 5085 1217 5133 mus
1239 5079 1270 5134 θῑ
1292 5073 1491 5151 indulgemus
1514 5085 1572 5138 nin·

386 5178 405 5252 ἓ
426 5177 455 5239 3.
480 5176 543 5240 Nec
564 5193 627 5238 non
649 5177 826 5255 Collegium
847 5178 1038 5256 praedictum
1061 5187 1091 5240 et
1188 5165 1300 5228 natum
1320 5167 1435 5229 Romae
1449 5169 1530 5246 apud
1552 5170 1582 5233 S·
1607 5171 1730 5232 iiiiinin
1747 5173 1892 5234 iinininni

346 5273 506 5334 abbaciam
533 5270 562 5333 s.
586 5271 744 5332 Benedicti
765 5271 802 5331 de
831 5271 941 5332 [titano
970 5287 1092 5333 nuncu.
1147 5273 1229 5319 anno
1251 5259 1471 5323 incarnationis
1487 5262 1662 5326 Dominicae
1678 5282 1891 5328 uoccxxxvn.

346 5373 460 5443 patam,
483 5381 499 5424 a
521 5363 621 5437 nobis,
645 5372 679 5424 ot
701 5362 885 5442 praefertur,
902 5365 937 5426 ad
958 5366 1092 5426 saecula·
1147 5350 1208 5412 kal.
1233 5353 1348 5432 apsilis,
1372 5357 1569 5431 aniislssnins
1591 5359 1689 5419 nnnini
1704 5376 1786 5420 nnn0
1808 5377 1851 5420 vt-

267 5453 271 5462 '
345 5475 413 5522 rem
433 5466 550 5522 statum
566 5460 731 5530 redactam,
743 5458 871 5535 eiusque
887 5459 1090 5536 parochialem

344 5553 504 5615 ecclesiam
532 5552 718 5629 praedictam
748 5559 906 5612 tantuma
934 5551 1090 5614 solutione

345 5645 542 5709 cathedratici
555 5645 702 5723 Episcopo
714 5643 921 5706 bisinianensi
937 5647 1090 5724 praedicto

345 5755 400 5817 pro
421 5747 561 5816 tempore
583 5738 728 5799 existenti
750 5735 898 5812 iacienda,
916 5745 1003 5799 motu
1025 5739 1089 5816 pari

346 5831 712 5910 apostolicaauctoritate,
721 5838 873 5908 perpetuo
886 5837 995 5892 tenore
1005 5847 1090 5908 prae·
1146 5825 1381 5907 Indulgentiae,
1398 5827 1480 5892 olida
1503 5845 1664 5891 concessas
1685 5831 1890 5908 provisitare-

345 5925 483 5987 sentium
511 5923 678 5986 eximimus
700 5932 730 5986 ot
753 5923 936 5999 liberamus,
960 5923 1090 6002 illosque
1187 5917 1273 5982 tibus
1302 5923 1449 5984 ecclesias
1470 5939 1525 5984 scu
1548 5924 1694 5987 oratoria
1724 5925 1891 5987 missinae-

1436 5639 1604 5702 XXXVlll.
