4848 6990
341 595 395 654 Aa.
409 601 439 656 (1.
461 601 530 675 1686
582 599 620 666 83

360 1670 394 1713 113
410 1665 539 1730 religiosis

326 1727 400 1769 extra
424 1731 539 1777 proprias

325 1777 418 1876 diffissus
437 1783 538 1820 33333-
559 1783 622 1828 333
643 1767 680 1830 ad
701 1767 798 1830 alium
829 1767 932 1829 locum
953 1769 989 1830 ad
1019 1767 1146 1844 negocia
1177 1783 1307 1830 suorum

366 4098 400 4140 De
422 4095 536 4158 superio·

322 4159 379 4196 rum
397 4155 519 4204 primatu.

559 739 681 801 tradere
695 739 897 816 pecuniarum
912 739 1130 816 quantitatem,
1147 753 1243 815 penes
1258 751 1309 798 eos

560 831 758 904 existentem,
775 829 893 892 nemini
908 830 945 892 ad
959 831 1095 892 multum
1111 831 1161 892 vel
1176 846 1308 909 parvum

559 937 692 1002 tempus,
715 923 899 1002 privationis
920 922 1013 984 officii
1035 923 1131 1000 poena
1147 931 1177 984 et
1193 923 1309 986 activae

558 1026 589 1082 et
609 1017 746 1095 passivae
767 1017 848 1079 vocis
871 1015 906 1077 ad
928 1024 1061 1094 quatuor
1088 1031 1197 1090 annos,
1220 1017 1308 1079 dum·

558 1111 650 1174 modo
677 1110 831 1188 quantitas
861 1117 999 1172 mutuata
1022 1111 1061 1172 sit
1082 1126 1173 1188 supra
1195 1109 1307 1186 viginti

558 1204 668 1280 realia3
691 1219 813 1265 necnon
836 1210 1003 1266 teneantur
1024 1204 1117 1266 iidem
1132 1211 1307 1281 procurato·

557 1313 606 1358 res
637 1298 785 1360 adnotare
812 1297 845 1357 in
872 1296 950 1358 libro
982 1297 1158 1375 particulari
1191 1311 1307 1358 memo-

557 1390 616 1451 rias
647 1389 762 1464 litium,
789 1405 866 1468 quae
900 1389 986 1450 linito
1017 1390 1116 1452 officio
1137 1389 1188 1450 vel
1209 1390 1306 1450 consi-

544 1489 698 1559 -gneatur
718 1484 887 1546 successori
908 1482 957 1544 vel
980 1482 1198 1560 relinquantur
1212 1482 1245 1543 in
1261 1499 1307 1544 ar-

556 1575 671 1637 chivio.

598 1687 629 1732 x.
653 1673 739 1748 Quod
770 1672 918 1748 religiosi,
952 1673 1004 1750 qui
1036 1673 1241 1748 migraverint
1269 1688 1307 1732 ex

558 1860 832 1935 monasteriorum,
845 1863 880 1922 ad
896 1861 1084 1923 visitandum
1100 1869 1242 1940 parentes
1257 1860 1306 1921 vel

557 1953 816 2029 consanguineos,
839 1954 889 2014 vel
910 1955 946 2014 ad
967 1953 1039 2014 alias
1070 1954 1222 2032 quoslibet
1244 1971 1305 2028 res,

557 2047 762 2108 admittantur
777 2047 808 2107 in
824 2047 1012 2108 monasterio
1023 2047 1157 2121 Ordinis,
1171 2047 1223 2108 ubi
1238 2063 1307 2124 per-

557 2139 714 2213 venerint,
738 2141 905 2202 dummodc
927 2141 967 2202 sit
992 2157 1064 2202 cum
1092 2142 1307 2204 1333111333-

558 2249 629 2296 rum
649 2233 858 2311 superiorum,
882 2241 912 2296 31
934 2234 978 2294 313
999 2234 1184 2296 concedatur
1204 2235 1305 2312 bospi-

559 2327 637 2389 tium
658 2334 689 2388 et
710 2326 811 2388 victus
831 2327 928 2404 spatio
951 2326 1048 2389 trium
1070 2328 1203 2402 dierum,
1222 2335 1264 2402 et,
1280 2329 1306 2388 si

557 2420 626 2500 plus
646 2420 801 2484 dictorum
816 2421 913 2484 trium
928 2421 1050 2482 dierum
1066 2423 1304 2499 permanserint,

555 2514 676 2576 solvere
698 2521 867 2576 teneantur
882 2530 937 2592 pro
952 2514 1089 2591 quolibet
1104 2515 1153 2576 die
1170 2515 1226 2576 tria
1241 2531 1307 2577 rea-

557 2606 596 2668 lia
627 2607 714 2668 33331
745 2607 819 2670 dicti
850 2607 973 2685 hospitii
1002 2615 1032 2668 et
1060 2609 1178 2684 victus,
1212 2627 1305 2687 quam

555 2717 711 2762 summam
742 2700 883 2778 superior
914 2709 944 2762 et
976 2701 1124 2781 hospitale
1151 2719 1166 2762 a
1193 2703 1305 2781 quibus

556 2793 728 2857 mittuntur
750 2801 917 2856 teneantur
935 2794 1066 2870 solvere,
1083 2797 1251 2858 dummodo
1266 2800 1305 2859 sit

556 2889 592 2948 ad
613 2903 681 2948 rem
702 2895 733 2948 et
755 2887 882 2964 negocia
906 2887 972 2950 talis
994 2890 1184 2964 monasterii,
1205 2899 1236 2952 et
1251 2891 1304 2969 331

555 2981 611 3042 1333
632 2982 670 3042 de
690 2981 790 3056 causa,
813 2982 862 3042 vel
884 2982 991 3059 quavis
1013 2983 1069 3043 alia
1101 3001 1165 3046 non
1186 2985 1305 3047 iverint

555 3071 591 3134 ad
612 3073 770 3136 edendum
790 3083 821 3136 et
842 3073 1060 3139 dormiendum
1084 3077 1116 3139 in
1137 3078 1226 3140 dictis
1240 3095 1306 3140 mo·

556 3167 698 3228 nasleriis
730 3166 880 3240 locorum,
904 3167 955 3229 abi
988 3171 1188 3246 perveniunt,
1215 3187 1306 3249 supe-

554 3259 651 3320 riores
672 3275 783 3321 331333
804 3257 915 3322 1331331
936 3277 987 3322 333
1008 3263 1085 3340 capi,
1103 3275 1134 3326 et
1156 3265 1188 3325 in
1206 3281 1304 3328 carce-

554 3351 640 3415 ribus
671 3353 835 3428 custodiri,
862 3369 901 3414 ex
932 3371 992 3432 quo
1025 3373 1147 3418 carcere
1167 3361 1305 3421 amoveri

555 3462 619 3508 non
641 3445 761 3524 possint
783 3447 896 3525 absque
917 3447 1028 3510 ovvline
1043 3450 1136 3526 patris
1152 3451 1305 3527 generalis

555 3539 604 3600 vel
627 3539 839 3617 provincialis3
862 3547 894 3600 31
920 3541 1131 3618 superioribus
1163 3544 1306 3622 probibe-

555 3639 607 3694 tur
627 3640 760 3710 potestas
780 3634 968 3696 concedendi
991 3633 1148 3698 licentiam
1173 3637 1237 3698 suis
1258 3654 1305 3698 re·

555 3725 681 3802 ligiosis,
705 3732 739 3788 31
760 3736 832 3788 3331
855 3728 886 3788 13
907 3727 965 3788 3113
988 3728 1063 3803 1333,
1080 3730 1133 3791 ubi
1149 3747 1211 3792 non
1227 3731 1305 3793 adsit

554 3819 778 3880 monasterium
800 3819 932 3895 Ordinis,
957 3821 1038 3884 ultra
1062 3831 1183 3901 tempus
1210 3825 1302 3886 trium

554 3914 688 3990 dierum,
702 3921 906 3990 permanente
918 3917 1016 3992 poena
1029 3917 1304 3992 transgressoribus

554 4005 672 4084 imponi
694 4005 795 4068 debita
817 4006 943 4068 arbitrio
965 4009 1058 4086 patris
1080 4011 1244 4085 generalis.

594 4117 639 4162 xr.
656 4101 752 4176 Quod,
765 4101 919 4162 existente
934 4101 1111 4164 delinitorio
1126 4104 1219 4165 simul
1231 4122 1303 4166 cram

553 4201 638 4273 patre
662 4195 798 4270 generali
821 4195 852 4256 in
872 4196 1026 4273 lvospitali,
1043 4197 1095 4258 ubi
1111 4198 1302 4274 inveniatur,

553 4297 641 4362 1333,
663 4287 734 4365 3313
756 4295 964 4365 repraesentat
987 4297 1082 4351 toturn
1104 4291 1301 4367 religionem,

553 4381 662 4442 lrabeat
677 4381 780 4442 locuni
793 4381 1023 4458 praecedentiae
1034 4384 1186 4461 superiori
1203 4384 1301 4459 locali,

553 4474 699 4536 omnibus
725 4473 939 4535 definitoribus
969 4477 1224 4553 permanentibus
1247 4479 1303 4537 im·

553 4567 687 4628 mediate
707 4573 774 4645 post
796 4574 914 4643 patrem
937 4569 1116 4642 generalem
1129 4571 1302 4632 secundum

553 4661 759 4722 maioritatem
776 4675 885 4722 eoram
898 4661 1082 4736 ciliciorum,
1096 4669 1125 4723 31
1137 4663 1238 4724 alicius
1253 4680 1303 4723 33-

553 4753 667 4829 perior,
689 4753 743 4831 qui
763 4753 864 4814 solum
886 4762 932 4815 est
953 4767 1043 4830 caput
1065 4755 1131 4816 eius
1156 4755 1300 4829 lamiliae,

553 4843 661 4906 babeat
683 4846 784 4908 locum
801 4846 1015 4908 immediatum
1031 4849 1175 4908 dexterae
1192 4865 1302 4910 manus

553 4946 621 5016 post
642 4939 866 5012 delinitorium,
891 4947 953 5000 tam
971 4940 1002 5000 in
1019 4940 1193 5015 relectorio,
1210 4957 1301 5019 quam

552 5031 585 5092 13
607 5031 674 5092 aliis
696 5031 825 5109 publicis
847 5032 894 5094 vel
917 5032 1044 5110 privatis
1071 5033 1155 5108 loeis,
1179 5035 1212 5095 in
1235 5037 1304 5112 331-

553 5125 609 5186 bus
630 5125 706 5187 adsit
728 5125 828 5186 1113133
849 5133 934 5201 pater
955 5127 1109 5202 generalis
1124 5137 1155 5188 et
1170 5127 1236 5190 3133
1251 5131 1304 5190 313-

552 5217 737 5292 divitarium,
761 5235 832 5280 oum
860 5219 1083 5280 communitate
1107 5219 1174 5281 13113
1197 5238 1304 5282 uuona-

551 5310 654 5386 sterii;
686 5311 973 5386 animadvertendo,
1002 5312 1083 5389 quod
1115 5312 1196 5374 dicto
1223 5315 1301 5392 patri

552 5405 688 5480 generali
710 5411 740 5465 31
762 5405 829 5466 3133
861 5406 1036 5467 delinitorio
1069 5407 1123 5468 buc
1155 5409 1192 5469 de
1214 5409 1302 5469 333331

552 5515 616 5559 333
637 5499 786 5576 competit
808 5499 949 5574 regimen
972 5501 1092 5574 domus,
1109 5500 1162 5562 sed
1179 5508 1301 5562 tantum

550 5591 714 5668 superiori.
749 5591 786 5652 El
815 5593 896 5654 idem
928 5594 987 5654 erit
1017 5592 1247 5655 observandum
1269 5595 1300 5654 in

551 5684 704 5760 domibus,
721 5684 773 5745 ubi
787 5685 887 5746 adsint
902 5694 1004 5762 patres
1019 5687 1234 5764 provinciales,
1248 5688 1301 5764 qui

551 5783 772 5838 concurrentes
794 5779 826 5838 iu
849 5779 923 5838 actis
951 5779 1221 5854 conventualibus,
1245 5781 1301 5858 ipsi

551 5869 708 5930 habebunt
724 5869 860 5947 primum
877 5871 980 5932 locum
994 5879 1025 5932 et
1041 5873 1299 5949 praecedentiam,

550 5962 630 6024 sicut
658 5963 778 6024 ratione
809 5981 918 6026 eorum
950 5965 1041 6026 cilicii
1066 5966 1188 6041 attinet,
1212 5967 1300 6027 etad

1084 619 1147 664 ibit.
1173 619 1264 664 boux.
1288 619 1328 663 DE
1350 618 1378 664 P·
1403 619 1431 664 F·
1457 619 1540 666 PARS
1562 619 1583 664 1.

1382 563 1401 595 Ι

2147 601 2249 656 Aac.
2276 599 2352 654 1686

1365 751 1474 798 eorum
1495 751 1624 799 manum
1653 739 1811 800 dexteram
1839 737 1963 802 babebit
1984 738 2115 802 313313-

1364 845 1436 890 cum
1457 830 1600 908 superior
1620 831 1742 905 domus,
1765 839 1795 894 et
1816 832 1853 894 ad
1874 832 2033 894 sinistram
2049 833 2115 896 eius

1363 923 1559 996 secretarius,
1583 931 1613 985 et
1641 933 1708 1001 post
1737 925 1791 986 bos
1822 924 2000 999 consiliarii,
2025 933 2065 1000 et,
2089 926 2115 986 si

1364 1022 1449 1092 pater
1471 1015 1668 1093 provincialis
1689 1017 1783 1080 simul
1805 1016 1899 1078 laverit
1914 1019 1999 1096 prior
2013 1017 2116 1080 cuius·

1364 1107 1433 1168 dam
1465 1110 1655 1184 monasterii,
1685 1109 1808 1172 babebit
1836 1109 1938 1173 locunt
1970 1113 2115 1174 dexterae

1363 1213 1474 1263 manus
1496 1203 1561 1264 eius
1583 1203 1779 1277 secretarius,
1797 1220 1812 1263 a
1835 1203 1959 1266 sinistri
1973 1205 2115 1267 consiliae

1363 1295 1428 1357 rius
1450 1295 1639 1373 professione
1659 1297 1828 1374 antiquior.
1853 1298 1902 1373 Et,
1923 1298 2050 1362 absente
2065 1315 2114 1377 pa·

1364 1395 1411 1448 tre
1433 1388 1570 1464 generali
1591 1389 1629 1450 ab
1649 1389 1803 1466 hospitali,
1826 1390 1879 1452 ubi
1905 1390 2020 1452 residet
2041 1407 2113 1453 cum

1363 1480 1428 1540 eius
1450 1479 1638 1555 defirtitorio,
1663 1489 1725 1542 tam
1743 1483 1901 1546 occasione
1918 1483 2112 1558 visitationis,

1363 1588 1456 1649 quam
1478 1572 1629 1651 aliquovis
1651 1582 1824 1653 praetextu,
1847 1575 1897 1637 alii
1921 1583 2022 1654 patres
2040 1575 2114 1638 deil-

1364 1665 1485 1738 nitorii,
1513 1667 1567 1744 qui
1596 1669 1839 1744 permanserint,
1866 1669 1997 1732 debeant
2022 1669 2113 1731 absti-

1363 1759 1431 1820 neri
1446 1776 1461 1818 a
1477 1775 1629 1822 concursu
1644 1769 1785 1824 actorum
1796 1763 2029 1824 communitatis
2041 1779 2113 1824 cum

1362 1851 1443 1913 dicto
1457 1853 1626 1930 superiori;
1643 1855 1802 1932 quoniam,
1819 1855 1946 1917 absente
1961 1855 2111 1932 generali,

1362 1945 1415 2022 qui
1437 1953 1483 2007 est
1504 1953 1606 2024 caput,
1629 1963 1693 2010 non
1715 1956 1856 2010 remanet
1878 1964 1989 2028 corpus
2003 1948 2113 2010 delini-

1363 2039 1447 2112 torii,
1479 2055 1536 2101 nec
1568 2047 1696 2118 possunt
1727 2039 1882 2104 celebrare
1912 2049 1977 2105 3313
2003 2042 2113 2104 talium

1362 2131 1579 2210 delinitorum;
1602 2143 1645 2207 et,
1668 2133 1694 2194 si
1715 2142 1826 2212 sponte
1858 2134 1955 2198 velint
1983 2151 2112 2198 concur-

1362 2241 1432 2286 rere
1453 2225 1540 2288 dictis
1562 2227 1717 2288 exercitiis
1738 2235 1769 2288 et
1793 2228 1866 2289 33113
1898 2228 2113 2290 conventuali-

1362 2317 1429 2390 bus,
1454 2319 1497 2380 eis'
1518 2319 1625 2381 debeat
1646 2321 1828 2398 praecedere
1849 2321 1948 2384 dictus
1969 2321 2111 2398 superior

1362 2410 1475 2486 localis,
1498 2412 1579 2474 sicut
1600 2422 1691 2491 caput
1712 2414 1778 2475 eius
1806 2413 2057 2489 communitatis3
2081 2421 2112 2475 31

1361 2504 1444 2566 idem
1466 2504 1659 2580 observatur,
1683 2507 1715 2567 in
1737 2507 1873 2568 absentia
1893 2506 2072 2585 superioris,
2095 2524 2111 2567 3

1361 2597 1536 2658 consiliario
1550 2599 1729 2678 antiquiori,
1742 2600 1779 2662 ad
1793 2615 1887 2678 quem
1901 2601 2043 2678 regimen
2059 2601 2111 2664 do·

1362 2705 1431 2750 mus
1446 2691 1557 2754 attinet
1571 2692 1684 2771 absque
1699 2693 1880 2756 interventu
1895 2693 2050 2756 dictorum
2061 2709 2111 2774 pa-

1362 2790 1449 2844 trum
1469 2783 1648 2847 definitorii.

1401 2893 1458 2938 xri.
1483 2879 1569 2953 Quod
1591 2888 1703 2957 patres,
1724 2882 1778 2960 qui
1799 2881 1928 2946 luerunt
1950 2884 2110 2959 generales
2130 2890 2358 2989 ”wawere-

1361 2971 1533 3046 religionis,
1556 2972 1636 3034 ultra
1659 2975 1787 3052 titulum
1809 2977 1983 3054 primorum
1999 2978 2110 3040 discre—
2202 2977 2209 2989 '

1362 3071 1477 3139 torum,
1501 3073 1531 3128 et
1554 3069 1780 3144 praerogativas
1811 3069 1924 3147 quibus
1945 3071 2109 3147 l'ruuntur,

1361 3165 1424 3220 tam
1446 3174 1500 3236 per
1521 3161 1759 3224 constitutiones
1780 3161 1920 3225 eiusdem
1939 3163 2109 3240 religionis,

1361 3267 1453 3330 quam
1488 3253 1605 3315 virtute
1640 3255 1747 3318 Brevis
1781 3264 1904 3318 sanctae
1943 3257 2112 3320 memoriae

1361 3345 1447 3407 Pauli
1469 3344 1521 3422 V.,
1554 3347 1625 3424 quia
1655 3357 1729 3410 sunt
1761 3365 1921 3427 personae,
1944 3357 2112 3429 3333331-

1360 3445 1455 3500 erunt
1477 3447 1507 3500 et
1529 3440 1637 3518 quavis
1659 3440 1829 3517 indigentia
1850 3443 1984 3504 iudicare
1999 3451 2030 3505 et
2044 3444 2111 3506 red-

1361 3533 1434 3594 dere
1448 3533 1603 3594 rationem
1617 3540 1649 3596 et
1664 3534 1757 3596 bonas
1772 3535 1897 3597 notitias
1912 3551 2025 3612 magno
2040 3555 2111 3599 cum

1361 3624 1564 3686 fundamento
1586 3642 1694 3688 rerum
1719 3627 1880 3704 religionis
1900 3631 2112 3707 experientiae

1360 3721 1449 3780 causa
1469 3735 1598 3782 suorum
1620 3721 1805 3797 ciliciorum,
1821 3729 1853 3782 et
1873 3722 2004 3783 babeant
2018 3739 2111 3784 suum

1361 3819 1471 3873 votum
1498 3812 1529 3874 13
1559 3814 1704 3876 omnibus
1736 3815 1921 3876 delinitoriis
1953 3817 2032 3880 31331
2060 3817 2109 3877 3111

1360 3903 1552 3981 definitores,
1573 3914 1605 3967 et
1625 3909 1872 3986 praecedentiam
1893 3909 2040 3972 omnibus
2061 3909 2111 3973 de-

1361 3997 1537 4060 finitoribus
1559 4000 1590 4060 in
1614 3999 1681 4061 loco
1702 3999 1753 4062 ubi
1783 4001 1915 4065 adiuerit
1936 4003 2037 4065 dictus
2062 4021 2112 4082 pa-

1360 4097 1408 4153 ter
1430 4093 1594 4169 generalis,
1611 4094 1682 4172 quia
1704 4095 1730 4155 si
1751 4095 1792 4156 ibi
1808 4111 1871 4156 non
1886 4097 2009 4172 adsunt,
2026 4097 2112 4160 nulla

1360 4187 1420 4248 erit
1442 4187 1624 4248 constitutio
1656 4189 1786 4250 vocandi
1806 4205 1857 4250 eos
1879 4191 1915 4251 ad
1937 4189 2110 4252 3113133131-

1360 4280 1482 4354 ultoria,
1506 4295 1585 4356 quae
1606 4279 1755 4341 celebrari
1778 4281 1895 4359 possint
1919 4281 2033 4361 absque
2055 4285 2109 4360 313,

1358 4373 1439 4433 31331
1470 4371 1585 4449 absque
1616 4371 1755 4448 quolibet
1776 4373 1836 4434 alio
1858 4391 1921 4436 nan
1943 4379 2109 4454 praesenti,

1361 4474 1394 4526 ut
1416 4465 1606 4526 declaratum
1628 4475 1769 4528 reruanet
1795 4465 1828 4528 13
1850 4468 1939 4531 dictis
1960 4469 2112 4532 33331113-

1361 4559 1506 4620 tionibus.
2416 4609 2417 4640 ,

1401 4668 1470 4712 xxiv.
1493 4653 1579 4727 Quod
1612 4661 1724 4730 patres,
1747 4656 1800 4734 qui
1824 4657 1953 4718 luerunt
1984 4659 2110 4736 provin-
2130 4663 2358 4763 etaliicfripmvm'

1358 4745 1462 4819 ciales,
1485 4755 1666 4809 remaneant
1687 4765 1759 4810 carm
1783 4749 1874 4811 111313
1896 4757 2020 4828 patrum
2042 4769 2110 4830 pro·
2242 4749 2249 4762 '

1359 4837 1480 4900 vinciae
1502 4847 1533 4900 31
1552 4841 1703 4903 domuum
1718 4843 1751 4903 in
1766 4843 1879 4920 quibus
1894 4845 2109 4922 inveniantur,

1360 4931 1490 4994 babeant
1523 4933 1660 5011 primum
1692 4936 1793 4998 locum
1819 4946 1886 5014 post
1908 4939 2045 5016 priorem
2067 4941 2111 5000 lo-

1359 5024 1455 5086 calem
1478 5027 1689 5104 praecedendo
1719 5030 1901 5092 consiliariis
1924 5039 1954 5092 et
1976 5033 2042 5094 aliis
2063 5051 2112 5096 re-

1360 5119 1487 5195 ligiosis,
1510 5127 1541 5181 31
1562 5137 1601 5180 33
1622 5121 1804 5198 supradictis
1826 5139 1889 5185 non
1917 5125 2111 5203 intelligatur

1358 5217 1394 5276 ad
1409 5231 1461 5275 eos
1477 5216 1635 5293 pertinere
1657 5217 1810 5293 regimen,
1833 5218 2110 5284 animadvertendo

1358 5311 1452 5386 quod,
1474 5311 1500 5370 si
1522 5312 1632 5388 quovis
1655 5313 2111 5392 1333333331133311311133331-

1359 5405 1411 5465 tali
1435 5411 1626 5482 procurator,
1643 5405 1715 5466 dicti
1734 5411 1835 5483 patres
1851 5405 2028 5482 provinciae
2041 5422 2110 5484 per-

1358 5499 1529 5560 manebunt
1545 5499 1576 5559 in
1592 5501 1700 5560 eadem
1714 5501 1787 5560 sede
1801 5506 1831 5559 et
1847 5499 1923 5574 lccc,
1941 5517 2003 5578 quo
2019 5501 2110 5562 titulo

1358 5591 1548 5667 gaudebunt,
1571 5591 1685 5669 absque
1700 5591 1886 5670 praeiudicio
1901 5593 2109 5669 dispositionis

1358 5701 1421 5762 cap.
1448 5700 1521 5745 xxv.
1547 5692 1726 5744 nostrarum
1741 5685 2002 5746 constitutionum
2016 5701 2110 5763 super

1357 5795 1407 5839 eos
1430 5778 1483 5856 qui
1506 5778 1619 5838 babere
1642 5777 1754 5838 debent
1776 5785 1886 5839 votum
1909 5779 1940 5838 13
1962 5777 2108 5855 capitula,

1357 5871 1389 5930 in
1411 5887 1473 5948 333
1494 5871 1573 5932 nibil
1606 5871 1734 5947 possint,
1758 5887 1815 5934 nec
1837 5873 2041 5950 praetendant
2062 5871 2112 5934 in-

1358 5981 1474 6026 novare
1496 5979 1534 6024 ex
1555 5964 1747 6041 supradictis.
1820 5959 1823 5966 ’
