4866 6980
325 519 379 572 Au.
394 520 424 573 c,
446 519 515 572 1677
565 518 585 580 8

544 655 787 736 intimabuntur)
798 671 862 719 non
873 654 969 718 luerit
979 654 1176 734 provincialis
1190 664 1292 720 actua-

542 755 591 828 lis,
614 753 668 832 qui
689 767 745 830 pro
770 758 910 827 tempore
932 748 1058 811 rexerit.
1087 750 1129 812 lta
1151 750 1290 812 decerni·

542 863 624 920 mus,
651 844 843 918 ordinamus,
870 843 1035 905 statuimus
1057 849 1088 904 et
1109 843 1289 905 mandamus

541 941 574 1000 in
589 937 763 1016 supradicta
779 943 937 998 conventu
952 935 983 998 S·
1001 934 1153 998 Francisci
1169 936 1289 999 bladriti

542 1047 629 1094 xxva.
654 1029 770 1094 mensis
791 1029 897 1110 aprilis
919 1045 1105 1093 uocxxxxn.

797 1151 910 1214 lasnnn
931 1151 1076 1215 Xxurnns
1098 1149 1288 1215 Sanaxmco

890 1246 1036 1308 minister
1056 1245 1209 1321 generalis

720 1369 829 1432 Frater
849 1369 986 1430 lonnnns
1006 1367 1135 1430 Larasa

619 1462 848 1526 commissarius
871 1460 1024 1538 generalis
1045 1459 1203 1522 indiarum
1217 1477 1246 1520 a.

322 1603 424 1668 petatur
438 1602 521 1668 decra-
579 1599 646 1676 §2
672 1600 753 1662 cnm
774 1607 891 1673 autern,
914 1597 993 1660 sicut
1014 1597 1122 1659 eadem
1137 1595 1288 1675 expositio

309 1661 328 1704 ῃ
342 1657 510 1705 conarmano.
538 1691 755 1769 subiungebat,
778 1692 881 1753 omnia
902 1691 933 1754 in
954 1689 1078 1752 decreto
1108 1688 1288 1752 huiusmodi

538 1793 684 1851 contenta
705 1785 767 1847 sint
789 1786 867 1848 iusta
889 1793 920 1847 et
942 1785 1054 1846 rationi
1069 1789 1286 1857 consentanea,

539 1897 596 1943 nec
616 1880 706 1940 aliter
727 1879 840 1942 melius
860 1894 953 1956 quam
974 1893 1029 1954 per
1055 1891 1164 1939 eorum
1186 1875 1289 1936 obser-

538 1975 676 2037 vantiam
698 1972 763 2052 paci
783 1989 816 2034 ac
837 1971 935 2051 quieti
949 1971 1100 2033 dictarum
1115 1967 1290 2047 proxincia-

539 2083 611 2130 rum
626 2066 751 2130 consuli
768 2081 855 2144 posse
869 2065 1023 2138 credatur,
1046 2063 1133 2126 nobis
1148 2067 1287 2142 propter-

540 2177 575 2223 ea
602 2160 674 2222 dicti
706 2164 897 2238 exponentes
928 2157 1092 2219 humiliter
1121 2154 1287 2234 supplicari

539 2253 694 2329 iecerunt,
717 2259 752 2314 ut
773 2251 831 2314 sibi
859 2252 892 2313 in
914 2249 1088 2328 praemissis
1113 2255 1287 2328 opportune

537 2347 702 2424 providere
723 2353 754 2407 et
771 2351 806 2406 ut
821 2343 899 2406 inira
915 2343 1079 2420 indulgere
1093 2343 1131 2404 de
1145 2340 1288 2418 benigni·

539 2445 601 2501 tate
621 2438 784 2517 apostolica
805 2438 1015 2514 dignaremur.

305 2533 520 2634 ,pssffifflg'gf‘ffll
578 2532 646 2608 §b
671 2531 732 2594 Nos
763 2531 870 2608 igitur,
893 2531 974 2609 ipsos
1001 2535 1192 2609 exponentes
1219 2544 1287 2608 spe-

305 2643 403 2704 cretum
427 2640 458 2686 aa
479 2641 519 2686 ar·
536 2625 663 2687 cialibus
693 2624 849 2686 favoribus
871 2630 902 2684 et
930 2622 1036 2699 gratiis
1068 2623 1213 2701 prosequi
1233 2637 1287 2684 vo-

305 2699 440 2741 ¹⁰¹¹¹⁸²¹v³·
536 2717 637 2780 lentes
656 2724 688 2779 et
709 2733 818 2780 eorum
839 2715 1013 2792 singulares
1027 2731 1172 2794 personas
1187 2732 1202 2774 a
1218 2715 1285 2792 qui·

535 2810 640 2872 busxis
662 2808 1004 2881 excommunicationis,
1023 2805 1234 2884 suspensionis
1253 2813 1286 2866 et

536 2903 706 2977 interdicti,
730 2903 859 2980 aliisque
878 2899 1088 2963 ecclesiasticis
1108 2898 1283 2972 sententiis,

536 2997 674 3060 censuris
695 3003 727 3058 et
747 2995 866 3076 poenis,
886 3011 903 3056 a
924 2993 993 3055 iure
1014 2991 1065 3053 uel
1086 2992 1123 3054 ab
1143 2992 1283 3066 homine,

534 3089 643 3167 quavis
663 3089 821 3151 occasione
842 3088 892 3150 uel
912 3087 1000 3150 causa
1022 3085 1102 3161 latis,
1125 3085 1150 3147 si
1172 3085 1284 3163 quibus

534 3182 766 3258 quomodolibet
786 3181 950 3243 innodatae
972 3181 1124 3254 existunt,
1140 3178 1175 3239 ad
1195 3177 1283 3240 ctiec·

535 3281 603 3336 ‘tum
618 3275 829 3352 praesentium
844 3276 1004 3337 dumtaxat
1015 3273 1281 3351 consequendum,

534 3369 647 3430 harum
668 3369 749 3430 serie
770 3368 963 3431 absolventes
985 3374 1015 3430 et
1040 3367 1193 3428 absolutas
1216 3365 1282 3427 lore

533 3469 707 3537 censentes,
735 3461 914 3524 huiusmodi
939 3460 1214 3540 supplicationibus
1236 3459 1282 3520 in-

533 3554 650 3630 clinati,
674 3557 711 3618 de
738 3555 966 3617 venerabilium
999 3553 1131 3617 fratrum
1162 3560 1283 3615 nostro-

534 3663 606 3710 rum
628 3649 659 3711 S.
676 3649 712 3709 R.
731 3647 765 3710 E.
790 3647 1000 3710 cardinalium
1016 3647 1150 3724 negotiis
1165 3653 1195 3709 et
1209 3663 1283 3708 con·

532 3741 752 3803 sultatianibus
782 3741 1006 3820 cpiscoporum
1027 3747 1057 3803 et
1077 3740 1281 3817 Regularium

533 3833 780 3912 praepositorum
798 3833 938 3908 consilio,
955 3839 986 3895 et
1000 3839 1116 3894 attenta
1130 3833 1281 3894 relatione

533 3927 638 3990 dilecti
665 3927 721 3989 filii
742 3925 854 4005 prioris
886 3925 1038 4003 generalis
1063 3925 1138 3989 dicti
1159 3925 1281 3990 Ordinis

532 4019 649 4082 eisdem
662 4019 873 4082 cardinalibus
887 4019 973 4095 iacti,
987 4019 1214 4099 praeinsertum
1229 4020 1282 4082 de-

532 4119 655 4176 cretum
676 4131 691 4174 a
712 4111 801 4175 dictis
822 4113 967 4176 ministro
989 4112 1127 4190 generali
1147 4119 1178 4174 et
1198 4128 1280 4175 com-

532 4206 672 4268 missario
693 4205 851 4269 lndiarum
878 4205 1152 4286 compromissariis
1177 4213 1280 4268 aucto-

531 4299 623 4361 ritate
653 4299 749 4363 dictae
780 4299 1037 4378 congregationis
1068 4298 1280 4363 cardinalium

530 4390 657 4468 iactum,
674 4392 819 4472 illiusque
840 4401 984 4455 tenorem
1001 4399 1032 4454 et
1047 4391 1280 4472 dispositionem

530 4485 610 4546 circa
631 4485 822 4548 electionum
847 4486 1075 4561 altematixam,
1098 4487 1280 4550 auctoritate

530 4577 704 4656 apostolici,
717 4585 828 4641 tenore
842 4580 1064 4659 praesentium,
1077 4579 1280 4659 approbamus

529 4676 561 4731 et
581 4671 815 4748 confirmamus,
837 4689 871 4734 ac
891 4671 1072 4750 apostolicae
1090 4671 1280 4736 auctoritatis

530 4762 680 4843 praesidio
701 4766 874 4840 munimus,
897 4765 973 4827 itaut
994 4767 1027 4827 in
1049 4767 1194 4829 omnibus
1215 4765 1278 4844 ple-

530 4857 653 4919 narium
681 4859 830 4920 sortiatur
857 4857 1014 4933 ellectum,
1037 4867 1069 4921 et
1089 4859 1126 4921 ab
1147 4859 1219 4935 illis,
1243 4858 1278 4919 ad

529 4965 606 5028 quos
626 4957 754 5030 spectat,
773 4950 995 5013 inuiolabiliter
1015 4952 1214 5028 observetur,
1237 4954 1278 5015 ir·

528 5043 627 5106 ritum
658 5045 743 5106 enim
764 5050 795 5106 et
821 5045 914 5106 inane
944 5045 1094 5125 quidquid
1124 5061 1213 5108 secus
1235 5052 1278 5108 at-

529 5142 685 5199 tentatum
716 5137 812 5199 luerit
839 5137 1040 5212 declaramus,
1073 5144 1104 5200 et
1131 5155 1194 5214 eos,
1224 5139 1278 5218 qui

528 5229 644 5292 decreti
675 5231 858 5292 firmitatem
887 5231 946 5292 sub
977 5231 1087 5308 quovis
1103 5238 1278 5311 praetextu

528 5321 701 5400 intringere
718 5325 993 5403 praesumpserint,
1009 5326 1116 5404 poenis
1131 5326 1277 5405 privatio-

527 5417 577 5478 nis
596 5419 680 5480 xocis
711 5417 827 5480 activae
853 5426 884 5480 et
913 5419 1062 5497 passivae,
1095 5419 1277 5498 privationis

527 5509 712 5586 officiorum,
735 5511 864 5590 aliisque
890 5512 1018 5574 arbitrio
1045 5519 1150 5575 nostro
1178 5513 1277 5592 impo-

528 5603 639 5666 nendis
659 5603 858 5666 subiicimus:
881 5605 964 5667 salva
986 5605 1090 5668 tamen
1105 5619 1229 5684 semper
1244 5607 1276 5667 in

1064 535 1129 582 iun.
1153 535 1244 582 PON'l'·
1269 535 1309 582 DE
1330 535 1360 583 P·
1383 537 1412 584 F·
1437 537 1521 586 PARS
1543 539 1565 584 1.

2126 529 2181 586 An.
2195 533 2227 586 c.
2249 532 2327 588 1677

1345 656 1519 733 praemissis
1550 659 1732 722 auctoritate
1761 658 2019 739 congregationis
2043 677 2097 726 eo·

1345 751 1489 814 rumdam
1511 752 1733 816 cardinalium.

1384 845 1452 920 §ln
1477 845 1686 910 Decernentos
1708 848 1786 927 ipsas
1812 859 1988 928 praesentes
2011 852 2097 916 litte
2141 860 2287 913 clausurae.

1343 953 1393 998 ras
1414 952 1537 1016 semper
1558 938 1663 1000 firmas
1687 939 1801 1003 validas
1822 949 1853 1003 et
1874 941 2010 1006 efficaces
2030 947 2095 1007 exi·

1343 1035 1427 1092 stere
1453 1037 1483 1093 et
1505 1030 1582 1107 fore,
1609 1048 1744 1111 suosque
1774 1033 1929 1112 plenarios
1956 1044 1989 1099 et
2016 1037 2095 1101 inte-

1345 1139 1416 1201 gros
1444 1126 1571 1190 allectus
1595 1127 1702 1190 sortiri
1725 1133 1757 1189 et
1783 1129 1934 1206 obtinere,
1961 1147 1995 1194 ac
2022 1132 2093 1209 illis,

1344 1217 1378 1278 ad
1395 1233 1471 1296 quos
1485 1228 1601 1298 spectat
1615 1227 1646 1283 et
1661 1237 1717 1300 pro
1732 1229 1872 1302 tempore
1886 1225 2097 1302 quandocum-

1344 1327 1405 1390 que
1425 1313 1585 1390 spectabit,
1615 1315 1649 1376 in
1677 1316 1822 1379 omnibus
1850 1323 1881 1379 et
1906 1333 1963 1398 per
1988 1319 2095 1382 omnia

1344 1403 1525 1483 plenissime
1546 1407 1720 1485 suflragari,
1737 1409 1842 1488 sicque
1863 1411 1897 1474 in
1919 1413 2095 1490 praemissis

1343 1513 1399 1575 per
1419 1514 1633 1578 quoscumque
1658 1503 1772 1566 iudices
1798 1503 1970 1566 ordinarios
1992 1511 2023 1567 et
2044 1506 2095 1568 de·

1344 1591 1476 1668 legatos,
1506 1595 1600 1656 etiam
1621 1611 1781 1658 causarum
1811 1597 1915 1675 palatii
1935 1599 2094 1678 apostolici

1344 1685 1514 1762 auditores,
1544 1688 1672 1750 iudicari
1694 1696 1725 1752 et
1746 1689 1870 1752 definiri
1901 1690 2029 1768 debere,
2060 1710 2095 1756 ac

1344 1777 1470 1842 irritum
1491 1786 1521 1842 et
1543 1780 1637 1844 inane
1656 1783 1682 1844 si
1704 1799 1791 1848 secus
1811 1799 1906 1864 super
1925 1785 1973 1846 bis
1987 1803 2004 1848 a
2019 1803 2094 1865 quo·

1343 1887 1447 1950 quam,
1460 1874 1567 1950 quavis
1582 1876 1775 1953 auctoritate,
1791 1878 1925 1942 scienter
1939 1878 1991 1941 vel
2005 1879 2093 1957 igno-

1342 1975 1460 2040 ranter,
1483 1967 1649 2044 contigerit
1670 1972 1826 2033 attentari.

1383 2059 1402 2133 ς
1423 2059 1452 2120 5.
1475 2058 1545 2122 Nan
1563 2061 1756 2126 obstantibus
1770 2065 1957 2142 praemissis,
1972 2084 2005 2131 ac
2019 2083 2093 2132 can·
2128 2075 2264 2130 ossanna
2277 2081 2334 2130 tol-

1341 2153 1556 2216 stitutionibus
1581 2161 1612 2218 et
1633 2156 1881 2221 ordinationibus
1906 2161 2090 2240 apostolicis,
2110 2129 2148 2178 ¹¹¹*

1342 2260 1465 2307 necnon
1486 2247 1719 2325 provinciarum
1740 2256 1771 2312 et
1792 2249 1914 2314 Ordinis
1942 2253 2090 2331 praelato

1342 2354 1425 2413 rum,
1448 2339 1543 2402 etiam
1565 2341 1753 2418 iuramento,
1769 2345 2007 2408 confirmatione
2021 2364 2091 2427 apo-

1341 2432 1457 2508 stolica,
1480 2433 1531 2495 vel
1552 2437 1662 2513 quavis
1682 2437 1830 2500 firmitate
1850 2437 1908 2501 aliai
1929 2440 2090 2520 roboratis,

1340 2528 1464 2589 statutis
1477 2534 1509 2588 et
1524 2531 1811 2606 consuetudinibus,
1828 2533 2001 2612 privilegiis
2016 2551 2093 2614 quo-

1341 2635 1413 2698 que,
1430 2620 1560 2684 indultis
1581 2629 1612 2686 et
1633 2623 1746 2686 litteris
1767 2626 1941 2702 apostolicis
1961 2629 1995 2689 in
2018 2645 2092 2693 con·

1341 2713 1474 2774 trarium
1495 2715 1737 2792 praemissorum
1761 2719 1994 2795 quomodolibet
2018 2739 2093 2784 con·

1341 2806 1449 2880 cessiS,
1483 2807 1675 2871 confirmatis
1706 2817 1737 2871 et
1768 2811 1944 2888 innovatis;
1977 2815 2090 2892 quibus

1340 2899 1486 2960 omnibus
1507 2909 1539 2962 et
1559 2901 1704 2978 singulis,
1719 2900 1846 2965 illorum
1865 2911 1988 2967 tenores
2003 2921 2091 2984 prae-

1339 2992 1479 3053 sentibus
1500 3008 1555 3070 pro
1576 2994 1669 3072 plene
1686 3001 1717 3056 et
1731 2995 1923 3058 sufficienter
1936 2999 2089 3076 expressis

1339 3101 1372 3146 ac
1393 3084 1517 3146 insertis
1538 3086 1699 3162 babentes,
1722 3086 1784 3150 illis
1810 3087 1882 3150 aliis
1903 3090 1936 3152 iu
1959 3107 2015 3153 suo
2039 3109 2089 3154 ro-

1338 3178 1413 3240 bore
1433 3180 1657 3257 permansuris,
1680 3181 1716 3242 ad
1738 3181 1979 3259 praemissorum
2000 3177 2090 3250 cnec-

1338 3278 1418 3346 tum,
1442 3272 1498 3334 bac
1519 3272 1587 3334 vice
1607 3271 1778 3349 dumtaxat,
1801 3275 1976 3352 specialiter
1990 3285 2021 3340 et
2035 3295 2090 3340 ex-

1337 3381 1440 3443 presse
1475 3367 1679 3444 derogamus3
1716 3367 1890 3447 ceterisque
1924 3372 2088 3434 contrariis

1337 3458 1594 3537 quibuscumque.

1376 3551 1395 3624 ἓ
1416 3551 1445 3614 6.
1466 3551 1619 3615 Volumus
1634 3561 1739 3616 autem
1754 3562 1790 3618 ut
1804 3558 1987 3620 earumdem
2001 3573 2086 3638 prae·
2158 3583 2232 3633 nane,
2246 3589 2322 3634 tran-

1336 3645 1473 3708 sentium
1490 3645 1665 3708 litterarum
1680 3649 1896 3728 transumptis,
1912 3667 1967 3713 seu
1982 3667 2086 3714 exem·
2105 3643 2276 3698 '¹¹¹¹'le

1336 3738 1405 3816 plis,
1422 3739 1515 3800 etiam
1530 3738 1699 3818 impressis,
1716 3755 1811 3804 manu
1831 3742 1959 3806 alicuius
1974 3746 2087 3808 notarii

1336 3831 1451 3910 publici
1481 3832 1671 3912 subscriptis,
1693 3841 1726 3896 et
1753 3835 1855 3911 sigillo
1883 3852 2031 3916 personae
2052 3839 2085 3902 in

1335 3923 1536 3987 ecclesiastica
1557 3925 1708 4002 dignitate
1729 3929 1916 3992 constitutae
1942 3931 2085 4006 munitis,

1336 4019 1442 4080 eadem
1474 4033 1600 4097 prorsus
1627 4019 1701 4082 fides
1722 4021 1839 4100 ubique
1859 4021 2001 4086 locorum
2021 4031 2087 4088 tam

1337 4109 1369 4172 iu
1391 4109 1504 4173 iudicio
1524 4126 1618 4189 quam
1638 4117 1724 4172 extra
1739 4111 1816 4174 illud
1831 4114 1991 4192 habeatur,
2007 4133 2087 4195 quae

1334 4203 1408 4282 ipsis
1422 4203 1635 4281 praesentibus
1647 4205 1825 4283 baberetur,
1841 4207 1866 4269 si
1881 4207 1983 4272 forent
1998 4209 2086 4272 exbi-

1334 4295 1416 4358 bitae
1436 4295 1488 4358 vel
1509 4303 1659 4360 ostensae.

1376 4390 1487 4452 ilatum
1508 4390 1634 4466 Romae,
1651 4393 1730 4470 apud
1752 4391 1783 4455 S.
1803 4393 1943 4470 Petrum,
1960 4395 2018 4458 sub
2032 4411 2086 4458 an·

1335 4481 1412 4545 nula
1426 4482 1598 4560 PiscatoriS,
1615 4483 1665 4546 die
1679 4499 1766 4546 xxvi.
1783 4485 1864 4548 iunii
1880 4502 2082 4566 ccccxxxix,

1336 4575 1532 4655 pontificatus
1554 4579 1653 4640 nostri
1673 4593 1755 4642 anno
1777 4595 1800 4640 r.

1589 4777 1829 4791 Q

1693 4945 1729 5008 ΙΙ.

1337 5142 1512 5220 confirmat
1535 5143 1698 5208 decretam
1711 5143 1834 5224 prioris
1849 5143 2009 5228 generalia
2027 5147 2084 5211 Or-

1374 5235 1461 5298 dinis
1493 5238 1716 5301 cremitarum
1747 5239 1861 5304 Sancti
1888 5241 2081 5322 Augustini,

1373 5343 1433 5406 qua
1454 5329 1519 5406 ipse
1540 5331 1724 5394 moderatus
1750 5335 1820 5414 fait
1849 5334 2083 5397 alternativcm

1372 5421 1460 5484 inter
1480 5423 1602 5502 fratros
1622 5425 1657 5486 ia
1672 5425 1831 5502 Hispania
1846 5434 1941 5489 notas
1956 5433 1988 5490 at
2002 5427 2084 5490 alios

1374 5514 1503 5577 criollos
1525 5516 1626 5580 dictos
1653 5519 1837 5594 prouinciae
1862 5519 2024 5593 Qaitonsis
2047 5520 2084 5581 in

1372 5607 1476 5670 Iadica
1500 5609 1760 5674 occidentalibus
1781 5610 1835 5690 (l).

569 5843 598 5900 (i)
614 5841 652 5888 cx
666 5843 729 5900 neg.
745 5839 773 5888 in
787 5841 863 5889 Arch.
878 5847 951 5890 Bran.
966 5847 1002 5890 De
1016 5846 1065 5892 hac
1079 5847 1240 5896 alternativc
1254 5849 1400 5896 officiorum
1415 5851 1473 5896 ride
1488 5861 1555 5908 quae
1573 5849 1723 5896 notavimus
1739 5849 1766 5895 in
1781 5849 1861 5897 buius
1876 5849 2011 5898 pontiacis
2024 5859 2083 5900 eon·

528 5909 669 5962 stitutione
683 5922 750 5972 quae
765 5911 858 5971 incipit
873 5915 952 5958 itlius
966 5919 1019 5968 cat.
