4866 6980
322 566 375 622 An.
390 568 420 621 (1.
441 565 510 618 1680

322 2491 394 2533 Nunc
408 2486 521 2532 declare-

307 2541 522 2602 turdebereprae·

308 2595 421 2642 sidentes
435 2603 522 2638 113133-

308 2649 378 2694 dioto
390 2645 521 2692 333111313-

308 2713 335 2748 ro
366 2701 521 2752 electiones,

308 2754 385 2800 semel
397 2765 427 2799 ac
439 2753 521 2798 laetae

308 2808 406 2852 luerint
419 2818 435 2850 3
445 2806 521 2850 31313-

309 2863 329 2906 11
345 2860 522 2918 3333313313-

309 2925 375 2960 1331.

560 559 599 628 tt

541 709 644 764 tamen
666 701 803 780 patribus
834 700 1080 778 praesidentibus
1100 718 1155 764 scu
1176 703 1287 765 contir-

540 796 720 872 matoribns,
740 801 806 874 post
828 795 1042 874 praelaudatae
1057 797 1287 860 constitutionis

539 890 779 964 emanationem,
813 890 954 952 nondum
985 892 1209 970 praescriptum
1241 899 1287 954 est

539 981 693 1059 quomodo
716 990 746 1044 et
767 983 901 1062 qualiter
932 985 1148 1046 auctoritatem
1176 986 1287 1048 contir-

539 1075 641 1136 mandi
663 1075 829 1140 electiones
850 1093 995 1140 exercere
1009 1079 1154 1152 debeant,
1171 1095 1286 1158 exque

539 1167 571 1228 in
594 1169 732 1248 partibus
755 1177 817 1232 tam
839 1171 967 1232 remotis
989 1169 1118 1232 faciliter
1147 1173 1286 1250 contingi

538 1269 638 1339 potest
659 1269 693 1324 ut
714 1263 861 1342 praedicti
883 1265 1091 1340 praesidentes
1106 1281 1161 1327 seu
1175 1269 1287 1328 constr·

538 1364 683 1430 meteres,
705 1357 772 1418 sive
794 1356 1090 1438 3131113133133311
1107 1359 1285 1422 instantiam

539 1449 633 1525 partis
654 1449 705 1510 vel
721 1450 867 1528 partium,
882 1451 940 1512 sub
956 1453 1047 1513 variis
1063 1452 1201 1528 motivis,
1217 1471 1285 1516 cau·

538 1541 580 1602 sis
601 1542 652 1602 vel
673 1544 894 1620 praetextibus,
915 1546 946 1606 in
970 1545 1187 1622 gravissimum
1203 1555 1285 1610 tran-

539 1634 702 1712 quillitatis
723 1643 754 1697 et
775 1637 867 1714 pacis,
898 1637 994 1700 immo
1015 1646 1045 1700 et
1072 1641 1285 1702 observantiae

540 1729 702 1805 regularis,
726 1746 848 1792 necnon
870 1739 933 1794 tam
954 1733 1137 1810 eligentium
1160 1743 1191 1796 ct
1208 1734 1288 1798 elec·

541 1831 644 1884 torum
666 1824 845 1886 earumdem
865 1827 1106 1904 provinciarum,
1123 1844 1216 1906 quana
1232 1846 1285 1890 no-

538 1923 619 1978 strae
646 1917 836 1979 auctoritatis
868 1919 1102 1998 praeiudicium,
1125 1923 1288 1986 confirma-

540 2011 658 2072 tionem
673 2011 723 2072 vel
738 2013 990 2076 confirmationes
1005 2014 1102 2076 electo
1117 2015 1167 2077 vel
1182 2016 1287 2078 electis

538 2101 703 2180 denegare,
732 2105 782 2166 vol
810 2107 975 2182 retardare,
1003 2116 1034 2170 et
1060 2116 1287 2186 consequenter

538 2197 692 2260 salubrem
714 2199 859 2262 ellectum
882 2209 912 2262 et
932 2201 1096 2264 efficaciam
1116 2203 1287 2264 antedictae

541 2293 777 2356 constitutionis
806 2293 953 2356 lrustrare
976 2295 1024 2355 vel
1048 2294 1197 2373 impedire
1219 2312 1286 2373 pos-

539 2387 620 2449 silit:

579 2479 639 2541 Nos
661 2487 832 2558 propterea,
849 2481 950 2542 eidem
965 2481 1178 2543 constitutioni
1196 2483 1286 2544 lnno-

539 2573 699 2633 continnae
726 2573 933 2648 inhaerentes,
956 2581 1050 2652 atquc
1071 2575 1102 2636 in
1124 2576 1180 2637 1133
1201 2582 1287 2654 parte

539 2665 716 2728 huiusmodi
749 2669 979 2746 provinciarum
1013 2669 1172 2745 religiosae
1203 2678 1287 2731 tran·

539 2758 685 2836 quillitati
707 2765 737 2820 et
759 2761 822 2838 paci
845 2762 1006 2822 consulere
1021 2781 1054 2822 33
1070 2764 1286 2824 131313113131-

539 2851 733 2914 minentibus
754 2855 791 2915 de
819 2855 956 2914 remedio
982 2867 1156 2933 opportuno
1184 2859 1286 2936 provi-

539 2944 610 3005 dere
634 2945 785 3019 volentes,
809 2955 916 3010 tenore
937 2951 1158 3026 praesentium,
1176 2953 1288 3012 nostri-

539 3055 598 3116 que
615 3041 961 3116 31311311333313111313,
976 3059 1096 3105 necnon
1109 3047 1146 3106 de
1158 3046 1287 3108 consilio

539 3133 704 3196 admodum
721 3137 963 3198 reverendorum
979 3146 1113 3216 patrum,
1129 3139 1182 3217 qui
1198 3141 1287 3200 nobis

538 3227 696 3301 assistunt,
720 3237 869 3306 perpetuo
897 3230 1098 3306 declaramus,
1121 3235 1286 3296 statuimus

539 3329 569 3381 et
590 3321 780 3397 ordinamus,
808 3325 902 3400 quod,
924 3325 949 3384 si
972 3325 1004 3385 in
1033 3328 1193 3404 praedietis
1214 3329 1285 3404 Qui-

540 3415 618 3476 tensi
639 3421 671 3474 et
692 3415 758 3476 aliis
784 3415 943 3478 indiarum
970 3419 1137 3495 provinciis
1164 3422 1196 3482 in
1218 3439 1286 3501 per·

538 3524 644 3568 sonam
667 3509 715 3570 331
739 3527 895 3588 personas,
912 3525 991 3588 quae
1009 3519 1148 3592 tempore
1162 3517 1284 3580 electio-

539 3601 598 3676 nis,
620 3619 675 3664 seu
698 3603 898 3678 electionum,
921 3605 953 3666 in
982 3607 1066 3684 quasi
1095 3609 1286 3685 possessione

537 3696 646 3758 saltent
669 3695 818 3774 probabili
840 3698 922 3758 vocis
947 3699 1082 3776 passivae
1103 3703 1283 3779 respective,

538 3791 604 3854 sive
624 3791 734 3852 electio
755 3789 805 3854 vel
827 3791 992 3852 electiones
1007 3793 1101 3870 patris
1116 3795 1286 3872 provincia·

539 3885 587 3958 113,
609 3899 664 3946 seu
695 3886 822 3946 rectoris
854 3886 1042 3964 provinciae,
1071 3887 1282 3962 definitorum,

538 3979 632 4040 311331
653 3979 839 4052 311111131331,
862 3979 1070 4053 visitatorum,
1086 3980 1226 4056 priorum
1242 3981 1283 4041 lo·

538 4073 662 4146 3311331,
680 4073 878 4148 vicariorum,
895 4073 1047 4150 priorum,
1066 4073 1201 4135 indicunt
1216 4091 1285 4136 cau-

537 4183 640 4226 saruvn
663 4173 694 4226 et
714 4173 922 4228 scrutatorum
953 4165 1133 4240 delinitorii,
1156 4167 1230 4230 item
1252 4185 1286 4230 ac

538 4259 661 4320 discreti
682 4259 807 4339 capituli
830 4260 993 4336 generalis,
1016 4276 1137 4322 necnon
1153 4261 1285 4323 aliorum

537 4368 809 4431 quorumcumque
822 4353 1011 4430 officialium,
1024 4371 1220 4434 quocumque
1231 4373 1286 4417 no·

538 4445 623 4505 mine
642 4455 904 4524 nuncupatorum,
921 4463 1030 4510 vocem
1044 4447 1175 4510 activam
1191 4450 1222 4511 in
1237 4467 1284 4511 ca-

538 4537 644 4615 pitulis
664 4539 903 4616 provincialibus
920 4541 1113 4618 habentium,
1131 4559 1186 4622 per
1200 4561 1286 4605 scru-

539 4631 652 4692 tinium
672 4640 839 4707 secretum,
856 4641 947 4712 prout
961 4633 1000 4694 de
1015 4635 1083 4698 iure
1097 4636 1283 4712 laciendum,

538 4742 552 4784 a
576 4725 684 4786 maiori
715 4734 800 4803 parte
821 4727 964 4790 omnium
992 4729 1215 4792 electorumin
1237 4749 1285 4791 ca·

538 4818 637 4896 pitulo
662 4820 841 4898 provinciali
864 4829 916 4882 aut
938 4823 970 4884 in
992 4839 1190 4902 quocumque
1210 4825 1284 4887 delr-

539 4911 651 4974 nitorio
673 4913 722 4973 vel
748 4911 822 4974 aliis
851 4915 1083 4991 quomodolibet
1114 4918 1283 4996 respective

538 5003 634 5065 iactae
656 5003 784 5081 luerint,
801 5013 902 5084 patres
924 5007 1132 5086 praesidentes
1147 5011 1282 5089 capituli,

491 5112 495 5120 ·
538 5103 638 5174 patros
667 5095 872 5174 provinciales
892 5103 924 5158 et
944 5097 996 5158 alii
1024 5099 1213 5178 quicumque
1232 5117 1283 5160 su-

539 5190 686 5268 periores,
703 5191 735 5252 in
757 5191 869 5268 quibus
884 5191 1049 5252 auctoritas
1064 5193 1218 5254 ordinaria
1233 5193 1282 5254 vel

538 5283 675 5359 delegata
696 5285 898 5346 eonlirmandi
922 5301 977 5362 pro
1000 5292 1138 5364 tempore
1155 5303 1283 5364 quomo-

538 5377 712 5454 documque
742 5377 890 5451 resideat,
924 5379 1092 5456 praedictos
1123 5397 1231 5442 omncs
1252 5389 1283 5442 et

537 5469 675 5546 singulos
697 5471 822 5545 electos,
845 5478 880 5530 ut
901 5487 1005 5549 supra,
1028 5489 1199 5551 eorumque
1220 5475 1285 5535 sin-

539 5563 661 5639 gulares
682 5563 847 5626 electiones
868 5566 936 5626 sine
951 5567 1158 5628 retardatione
1171 5569 1284 5629 conlur-

538 5672 623 5719 mare
637 5659 767 5720 omnino
783 5665 959 5734 teneantur,
976 5675 1038 5720 non
1053 5661 1194 5722 obstante
1209 5677 1283 5739 quo-

538 5767 671 5830 cumque
685 5753 805 5814 deiectu
820 5753 913 5816 etiam
927 5753 1133 5826 substantiali,
1147 5753 1196 5814 vel
1210 5771 1283 5832 qua-

538 5862 672 5923 cumque
687 5847 907 5924 protestatione
921 5847 972 5909 vel
986 5846 1201 5926 appellatione,
1217 5848 1282 5908 sivo

538 5949 610 6002 ante
629 5939 695 6000 sive
723 5947 792 6018 post
818 5941 995 6004 huiusmodi
1023 5941 1206 6004 electionem
1234 5941 1282 6002 vel

1063 577 1128 624 ibit.
1152 577 1242 625 roda.
1267 577 1307 626 DE
1329 580 1358 625 P·
1383 577 1412 624 F·
1438 577 1520 626 PARS
1542 577 1563 624 1.

1341 699 1505 764 electiones
1538 698 1613 762 lacta
1642 701 1692 764 rel
1721 703 1914 782 interpositi,
1936 703 2032 766 etiarn
2053 703 2089 766 de

1341 797 1420 858 iure.
1444 797 1577 872 Quodsi
1599 796 1804 860 nihilominus
1826 797 2003 859 huiusmodi
2019 812 2089 858 con·

1342 891 1551 952 firmationem
1572 892 1796 968 denegaverint
1815 891 1866 952 vel
1881 891 2090 970 aliquomodo

1341 984 1579 1058 retardaverint,
1604 993 1678 1048 tune
1699 985 1876 1048 huiusmodi
1902 985 2019 1046 electus
2040 983 2091 1044 vel

1342 1077 1453 1153 electi,
1489 1092 1661 1156 eorumque
1696 1078 1870 1155 singulares
1905 1077 2089 1150 electiones,

1340 1170 1552 1250 praesentium
1578 1171 1697 1248 vigore,
1721 1173 1811 1236 toties
1836 1171 1958 1251 quotics
1983 1186 2091 1249 perpe-

1342 1265 1402 1328 tuis
1434 1265 1547 1327 tuturis
1580 1265 1771 1344 temporibus
1792 1281 1868 1343 epus
1889 1263 1995 1338 luerit,
2019 1279 2090 1324 con-

1343 1358 1455 1418 firmati
1480 1357 1652 1435 respective
1672 1357 1747 1432 3131,
1770 1375 1803 1419 33
1825 1373 1879 1436 pro
1900 1357 2091 1418 confirmatis

1341 1451 1523 1525 habeantur,
1552 1450 1660 1513 eodem
1693 1466 1818 1530 prorsus
1847 1451 1951 1524 modo,
1974 1450 2091 1512 33313

1341 1544 1502 1622 praedictis
1523 1545 1661 1622 patribus
1675 1545 1890 1606 auctoritatem
1905 1543 2091 1604 confirman-

1341 1637 1370 1697 di
1392 1637 1575 1698 habentibus
1590 1637 1763 1701 confirmati
1780 1636 1923 1710 luissent,
1939 1643 2091 1714 quatenus

1341 1729 1407 1792 sine
1435 1731 1521 1793 obice
1548 1747 1635 1794 suam
1663 1731 1835 1808 respective
1863 1730 2089 1802 auctoritatem,

1341 1825 1437 1886 olllcia
1459 1831 1489 1886 ct
1508 1825 1673 1900 dignitates
1691 1825 1788 1886 libere
1802 1833 1833 1886 et
1848 1825 1930 1886 licite
1945 1839 2091 1885 exercere

1341 1918 1459 1996 possint
1479 1927 1510 1980 et
1532 1918 1653 1980 valeant
1674 1919 1707 1980 in
1729 1935 1765 1981 33
1792 1918 1920 1979 interim
1951 1917 2033 1995 quod
2055 1915 2090 1976 ad

1342 2012 1563 2092 praescriptum
1576 2013 1786 2092 praelaudatae
1801 2011 2030 2074 constitutionis
2043 2012 2090 2073 ln-

1341 2108 1541 2168 noccntianae
1555 2123 1650 2184 super
1660 2107 1886 2184 praedictarum
1900 2105 2091 2166 electionum

1341 2199 1498 2261 validitate
1529 2199 1580 2260 vel
1609 2199 1752 2261 nullitate
1773 2198 1809 2259 ad
1831 2197 1998 2277 praedictas
2019 2197 2089 2272 Qui·

1341 2301 1460 2354 tensem
1481 2301 1512 2354 et
1534 2295 1606 2355 alias
1625 2294 1783 2356 indiarum
1798 2293 1971 2370 provincias
1986 2297 2094 2353 nostra'

1341 2386 1389 2447 vel
1416 2403 1629 2449 successorum
1662 2394 1840 2448 nostrorum
1872 2384 2091 2446 determinatio

1340 2481 1510 2560 respective
1533 2479 1703 2559 perveniat,
1727 2481 1928 2557 legitimaque
1949 2479 2090 2540 intimata

1341 2573 1445 2636 luerit.
1468 2573 1663 2636 beclarantes
1685 2579 2091 2652 practerea,p1·onttonore

1340 2670 1549 2745 praesentium
1579 2668 1781 2742 declaramus,
1812 2667 1964 2745 privative
1990 2665 2089 2743 quoad

1340 2761 1429 2822 311313
1451 2778 1681 2840 333313313333
1702 2760 2089 2824 3331331131331333111113-

1340 2855 1507 2916 dictionem
1529 2855 1754 2932 praedictarum
1776 2855 1948 2932 respective
1962 2853 2089 2930 provin·

1339 2949 1467 3024 31331113,
1490 2950 1583 3010 311331
1613 2947 1707 3026 patris
1736 2947 1939 3025 praesidentis
1960 2954 1991 3006 et
2012 2946 2089 3008 iudi-

1339 3057 1410 3102 3331
1433 3059 1603 3116 3311331331,
1621 3048 1712 3120 alque
1732 3042 1957 3118 cnirxscumque
1979 3039 2090 3100 delmi·

1341 3135 1426 3207 toris,
1449 3135 1542 3196 etiam
1564 3135 1686 3212 capituli
1709 3134 1918 3212 provincialis,
1935 3133 1969 3192 ad
1987 3149 2044 3194 nos
2059 3139 2090 3193 et

1339 3243 1528 3289 successores
1557 3237 1768 3306 3331133313
1796 3235 1934 3304 tempore
1956 3225 2089 3286 existen-

1341 3329 1395 3396 tes,
1421 3331 1482 3382 tam
1502 3323 1776 3398 congregationem
1794 3337 1887 3400 quam
1903 3319 2090 3383 determina-

1340 3415 1458 3476 tionem
1479 3432 1573 3493 super
1594 3415 1738 3476 nullitate
1765 3417 1991 3492 cuiuscumque
2010 3414 2090 3475 elec·

1340 3509 1432 3570 tionis
1454 3519 1594 3588 utsupra
1610 3509 1715 3583 iactae,
1732 3510 1825 3570 etiam
1840 3511 1905 3588 ipso
1921 3511 1999 3584 iure,
2016 3525 2088 3570 333-

1340 3607 1396 3677 113,
1420 3609 1483 3663 13111
1505 3611 1691 3680 antequam
1713 3610 1781 3682 post
1806 3601 2087 3676 confirmationem,

1338 3697 1467 3758 tlerluctri
1490 3697 1539 3758 vel
1558 3697 1848 3776 quomodocumque
1862 3697 1984 3772 cogniti
1999 3699 2087 3758 dum·

1340 3795 1420 3852 taxat
1450 3791 1620 3868 pertinere.
1655 3789 1860 3868 l‘raccipimns
1892 3789 2037 3852 omnibus
2058 3797 2088 3851 ct

1337 3883 1469 3960 singulis
1490 3883 1758 3944 reverendissimis
1780 3884 1917 3962 patribus
1938 3901 1972 3944 33
1992 3899 2087 3944 3333-

1339 3976 1482 4038 rabilibus
1505 3977 1649 4038 iratribus
1673 3977 1898 4054 cuiuscumque
1919 3977 2086 4055 qualitatis

1338 4071 1522 4132 conditionis
1543 4079 1573 4132 et
1602 4071 1772 4146 dignitatis,
1796 4071 1888 4132 ctiam
1916 4071 2087 4148 provincia-

1338 4163 1415 4224 latns
1436 4169 1467 4223 ct
1490 4163 1692 4241 praesidentis
1723 4162 1846 4241 capituli
1871 4165 1902 4223 in
1925 4163 2088 4242 praedietis

1337 4256 1475 4331 Quitcnsi
1498 4263 1530 4318 et
1551 4257 1618 4318 aliis
1640 4257 1796 4318 indiarum
1818 4255 1986 4334 provinciis
2003 4272 2089 4317 nunc

1338 4357 1368 4410 et
1391 4366 1444 4428 pro
1474 4355 1612 4428 tempore
1644 4350 1858 4424 existentibus,
1882 4349 2086 4411 inmeritum

1336 4443 1478 4504 salutaris
1500 4444 1704 4518 obedientiae,
1726 4443 1784 4504 sub
1806 4443 1988 4522 privationis
2002 4443 2086 4504 vocis

1336 4537 1452 4597 activae
1473 4545 1503 4598 31
1525 4538 1662 4615 passivae
1683 4553 1738 4616 per
1758 4535 1957 4612 decennium,
1980 4552 2014 4596 ac
2035 4553 2086 4598 ex-

1337 4631 1626 4693 communicationis
1654 4631 1778 4692 maioris
1801 4630 1880 4692 latae
1900 4632 2085 4703 sententiae,

1336 4741 1429 4802 quam
1451 4729 1507 4784 1133
1539 4725 1596 4784 333
1619 4739 1673 4802 pro
1698 4725 1778 4786 trinta
1808 4725 1952 4786 canonici
1984 4723 2085 4784 monl-

1338 4817 1423 4878 tione
1444 4817 1606 4894 praemissa
1629 4818 1660 4878 13
1685 4817 1731 4877 1113
1745 4818 1879 4897 33113113,
1897 4817 1967 4878 11331
1982 4817 2084 4890 133111,

1337 4909 1476 4984 ierimus,
1501 4910 1565 4987 ipso
1587 4909 1663 4971 iacto
1685 4909 1881 4972 incurrendis
1898 4911 2016 4988 poenis,
2034 4925 2085 4983 ne,

1335 5002 1394 5062 sub
1424 5001 1534 5080 quovis
1565 5002 1693 5078 3131133,
1727 5003 1815 5064 causa
1838 5003 1887 5064 vel
1908 5010 2083 5080 praetextu,

1337 5095 1561 5174 impedimento
1581 5095 1643 5156 sint
1665 5097 1833 5174 quominus
1851 5103 2027 5174 praesentes
2051 5096 2085 5156 li·

1335 5195 1430 5263 13133,
1454 5205 1527 5268 quas
1548 5205 1669 5267 semper
1696 5191 1811 5266 sirmas,
1833 5189 1947 5250 validas
1968 5197 1999 5251 et
2021 5189 2084 5250 elli·

1336 5298 1418 5344 cacos
1439 5281 1571 5343 existere
1593 5289 1624 5344 et
1645 5291 1794 5361 perpetuo
1809 5283 1875 5346 iore
1888 5283 2086 5346 decernimus

1336 5383 1367 5436 et
1388 5375 1588 5450 declaramus,
1618 5392 1712 5437 suurn
1742 5376 1899 5454 integrum
1926 5395 1960 5438 ac
1981 5377 2086 5454 plena-

1336 5469 1417 5531 rium
1441 5469 1473 5531 in
1495 5469 1640 5532 omnibus
1661 5476 1692 5530 et
1713 5487 1769 5549 per
1790 5470 1892 5530 omnia
1914 5471 2086 5532 sortiantur

1337 5563 1492 5638 ellectum,
1515 5581 1571 5626 nec
1603 5581 1652 5626 eas
1673 5563 1710 5624 de
1733 5562 1923 5642 obreptionis
1943 5564 1994 5626 vel
2014 5565 2081 5624 sub·

1336 5659 1485 5736 reptionis
1507 5658 1657 5718 31113331
1679 5657 1716 5718 de
1737 5656 1796 5716 alio
1818 5672 2016 5736 quocumque
2032 5657 2083 5717 de-
2150 5711 2156 5724 ,

1337 5751 1418 5813 lectu
1439 5751 1533 5812 etiarn
1554 5751 1743 5812 auctoritatis
1764 5750 1816 5810 vel
1831 5750 2015 5812 intentionis
2030 5767 2086 5812 uo-

1335 5851 1416 5904 strae
1446 5853 1554 5905 notare
1580 5861 1635 5906 seu
1664 5843 1849 5922 impugnare
1880 5843 2012 5906 audeant
2034 5843 2084 5905 vel

1336 5945 1508 6014 attentent;
1531 5936 1581 5999 sed
1605 5937 1717 6016 potius,
1740 5936 1843 5999 statim
1859 5953 1892 5999 ac
1908 5937 2085 6000 huiusmodi
