4878 6982
76 1902 310 2006 ..rassae

962 599 1169 646 innocentius
1192 601 1249 646 xit.

331 707 368 771 de
390 707 451 770 illis
467 725 644 789 eorumque
665 712 737 775 totis
755 715 912 778 tenoribus
927 715 1076 794 specialis,

330 803 480 879 specifica,
496 819 637 882 expressa
651 813 682 867 et
698 806 865 883 individua,
882 825 915 871 ac
930 808 967 870 de
982 809 1077 872 verbo

329 893 530 971 adverbum,
553 912 617 958 non
646 907 748 960 autem
776 915 831 977 per
856 901 1003 962 clausulas
1026 917 1078 978 ge-

330 988 449 1051 nerales
464 988 546 1052 idem
559 989 772 1068 importantes,
786 993 905 1054 mentio
918 1010 974 1056 seu
985 1011 1076 1074 quae-

329 1081 376 1142 vis
396 1082 453 1144 alia
474 1087 629 1160 expressio
650 1085 799 1160 habenda,
822 1095 874 1148 aut
895 1087 997 1165 aliqua
1018 1087 1076 1150 alla

329 1175 481 1252 exquisita
502 1175 600 1238 lorma
622 1177 656 1238 ad
680 1179 736 1240 hcc
757 1180 906 1240 servanda
925 1179 1015 1256 loret,
1031 1188 1076 1243 te-

329 1283 420 1329 nores
440 1267 617 1331 huiusmcdi
638 1271 851 1348 praesentibus
868 1288 923 1350 pro
938 1273 1031 1351 plene
1044 1281 1076 1336 et

328 1360 518 1423 sufficienter
543 1363 693 1440 expressis
714 1379 747 1426 ac
768 1364 806 1426 de
830 1363 926 1426 verbo
947 1365 983 1425 ad
1005 1381 1076 1427 ver-

329 1453 404 1515 bum
425 1454 550 1516 insertis
570 1455 729 1528 habentes,
746 1454 806 1517 illis
820 1455 893 1516 alias
908 1457 940 1519 in
955 1473 1011 1519 suo
1026 1474 1073 1520 ro·

327 1545 400 1608 bore
429 1549 650 1624 permansuris,
672 1549 708 1610 ad
730 1549 971 1626 praemissorum
985 1549 1075 1612 edec-

328 1647 407 1714 tum,
424 1639 478 1702 hac
496 1640 563 1702 rice
584 1642 754 1716 dumtaxat,
776 1641 949 1720 specialiter
970 1651 1000 1705 et
1021 1660 1073 1705 ex-

327 1748 429 1810 presse
464 1734 669 1810 derogamus3
705 1734 878 1812 ceterisque
912 1736 1073 1798 contrariis

326 1825 583 1904 quibuscumque.

366 1919 385 1993 ἓ
405 1919 434 1978 5.
459 1917 610 1982 Volumus
624 1927 728 1982 autem
743 1925 778 1983 ut
792 1922 973 1984 earumdem
988 1937 1073 2000 prae·

326 2013 464 2076 sentium
478 2013 653 2075 litterarum
669 2015 882 2094 transumptis,
898 2031 952 2076 seu
968 2031 1081 2100 ertem-¹

326 2106 397 2184 plis,
420 2107 512 2168 etiam
535 2107 702 2184 impressis,
720 2123 815 2170 manu
836 2107 965 2170 alicuius
986 2115 1073 2170 nota-

325 2199 365 2260 rii
385 2199 500 2278 publici
530 2200 721 2278 subscriptis,
743 2208 774 2262 et
793 2199 896 2276 sigillo
923 2215 1072 2278 personae

325 2294 359 2354 in
381 2293 580 2356 ecclesiastica
601 2293 752 2369 dignitate
769 2293 952 2356 constitutae
968 2294 1072 2356 muni-

325 2386 377 2460 tis,
400 2387 507 2448 eadem
529 2401 655 2463 prorsus
676 2385 750 2448 sides
765 2385 797 2447 in
813 2386 925 2449 iudicio
939 2393 970 2448 et
985 2395 1071 2448 extra

325 2477 401 2540 illud
422 2479 583 2550 habeatur,
605 2495 683 2557 quae
704 2479 870 2542 haberetur
890 2480 961 2558 ipsis
986 2496 1072 2558 prae-

324 2571 474 2645 sentibus,
491 2571 514 2632 sl
531 2571 632 2633 lorent
653 2571 807 2634 exhibitae
827 2573 877 2634 vel
898 2581 1047 2634 ostensae.

366 2665 476 2727 Datum
507 2665 636 2739 Romae,
665 2665 744 2744 apud
772 2665 801 2729 S.
827 2665 951 2727 blariam
978 2666 1069 2728 blaio-

324 2774 403 2834 rem,
425 2759 483 2821 sub
503 2758 619 2820 annulo
642 2757 809 2834 Piscatoris,
826 2759 874 2821 die
890 2774 947 2820 xrr.
964 2760 1070 2822 ianua-

324 2853 363 2914 rii
384 2869 564 2926 unaucurt,
585 2852 779 2931 pontificatus
801 2853 901 2914 nostri
920 2869 1003 2916 anno
1023 2871 1066 2916 vr.

656 3133 738 3197 xlx.

324 3319 518 3389 Sacerdotes,
542 3319 735 3382 catechistas
755 3325 786 3382 et
808 3321 958 3398 papulam
984 3319 1066 3382 Taa-

362 3412 433 3474 liri
460 3411 615 3475 bortatur
646 3420 695 3486 at,
726 3413 852 3475 reiectis
880 3414 994 3475 ceteris
1016 3414 1065 3475 ia-

363 3505 585 3567 risdictiortcm
606 3505 668 3568 sihi
695 3503 945 3583 usurpantibus,
972 3508 1066 3569 coice

363 3597 510 3662 obediant
536 3599 671 3662 Vicariis
693 3599 882 3676 Apostolicis
904 3599 971 3662 aS.
992 3601 1066 3663 Sede

363 3693 516 3772 delecatis
547 3701 577 3754 et
608 3692 743 3755 decretis
777 3693 807 3754 S.
840 3691 1066 3774 Conprepotio·

362 3787 414 3846 rtis
435 3783 491 3866 (l).

332 3969 459 4038 llileclia
487 3970 559 4038 liliis
588 3968 823 4051 Sacerdotibus,
854 3970 1055 4054 cataclistis,

361 4064 486 4148 atriaque
508 4063 761 4132 christilidalibus
784 4066 868 4148 repul
892 4061 1026 4147 lunkini,

482 4211 734 4280 tttttocttltttts
765 4212 825 4280 ΡΡ.
850 4211 906 4281 tltt.

593 4345 701 4414 dilecti
723 4347 792 4427 lilii,

355 4439 486 4508 salutern
508 4445 540 4506 et
561 4441 758 4524 apostolicam
781 4442 1029 4510 benedictionem.

359 4630 555 4692 Gratissimae
570 4631 657 4693 nobis
671 4631 847 4694 acciderunt
862 4632 981 4706 literae,
997 4631 1066 4710 qui-

320 4724 376 4786 bus
397 4739 486 4801 saepe
507 4725 700 4800 significastis
722 4725 831 4786 ardens
846 4731 986 4786 restrum
1000 4731 1064 4786 stu·

318 4817 405 4880 dium
419 4833 493 4894 erga
507 4816 700 4894 Religionem
716 4817 906 4892 catholicam,
920 4817 956 4878 ad
971 4833 1064 4895 quam

319 4910 464 4988 peculiari
483 4909 537 4971 Dei
566 4910 714 4972 beneficio
745 4911 845 4972 vocati
872 4912 955 4984 estis,
978 4917 1009 4974 et
1031 4911 1063 4974 in

318 5017 377 5080 qua
398 5002 461 5064 sola
480 5002 611 5064 salutem
633 5012 792 5066 aeternam
813 5004 984 5081 promereri
999 5011 1065 5083 pot-

317 5095 400 5157 estis.
431 5095 607 5158 (laudemus
633 5097 727 5156 etiam
753 5095 834 5174 quod
863 5097 895 5157 in
918 5098 950 5158 eal
972 5096 1063 5158 devo-

319 5187 404 5250 tione
434 5204 555 5266 semper
587 5188 744 5266 proficitis,
767 5197 798 5251 et
829 5203 902 5266 erga
930 5189 960 5252 S.
984 5189 1063 5251 hanc

319 5279 441 5356 Sedem,
464 5297 557 5359 quarn
572 5281 711 5345 Christus
727 5281 865 5345 Salvator
880 5287 985 5344 noster
999 5297 1064 5343 ma-

359 5561 389 5617 ll)
408 5563 446 5606 Ex
465 5573 550 5619 opusc.
575 5585 602 5596 -
623 5565 746 5608 Raccotta
767 5567 795 5608 at
817 5567 893 5607 carte
913 5567 1062 5618 prinetpatt

317 5631 445 5672 scamus-e
465 5632 506 5673 det
527 5633 577 5674 ΡΡ.
593 5633 662 5674 detta
684 5633 849 5684 compsanae
869 5633 897 5675 at
912 5634 978 5674 desti
993 5641 1007 5673 e
1021 5634 1062 5675 det

318 5697 368 5745 Sip.
384 5697 540 5739 Misstanart
553 5699 594 5739 det
608 5700 676 5740 clero
690 5701 805 5740 recolere
818 5707 901 5748 sopra
918 5702 944 5740 la
960 5702 1063 5742 corita-o-

317 5765 406 5805 ver-sta
420 5765 484 5806 delle
498 5765 844 5816 taotacneesupersrutant
856 5767 924 5808 detta
935 5767 1026 5810 Chiaca.
1035 5787 1062 5796 -

318 5827 408 5872 collat.
424 5839 484 5872 cum
499 5831 602 5886 Regest.
622 5831 677 5874 vat.
694 5830 826 5887 epistolar.
842 5831 875 5876 ad
890 5829 1020 5888 principes
1035 5833 1061 5876 et

316 5893 391 5940 alios.

1133 717 1263 794 gistram
1294 723 1455 785 constituit
1486 725 1629 788 omnium
1661 726 1879 806 Ecclesiarum,

1133 810 1268 873 debitam
1297 814 1403 890 geritis
1431 819 1640 880 reverentiam
1660 827 1691 882 et
1717 821 1881 884 observan-

1133 903 1217 964 tiam.
1242 903 1467 971 Verumtamen
1489 912 1637 987 gaudium
1657 922 1880 978 nostrumnon

1131 1009 1241 1072 parum
1263 999 1466 1063 imminutum
1481 1002 1551 1079 luit,
1569 1004 1621 1066 uhi
1636 1006 1812 1071 audivimus
1826 1025 1881 1071 ros

1131 1087 1304 1164 plurimum
1336 1100 1461 1155 vexatos
1493 1097 1693 1178 turbatosque
1720 1098 1813 1162 luisse
1842 1102 1880 1164 ob

1131 1185 1355 1246 controversias
1386 1187 1423 1248 de
1457 1187 1670 1254 iurisdictione
1703 1193 1878 1271 spirituali,

1131 1289 1224 1351 quam
1239 1277 1385 1340 nonnulli
1402 1296 1551 1359 usurpare
1561 1286 1801 1362 contendebant,
1815 1303 1879 1350 non

1129 1366 1197 1428 sine
1218 1370 1305 1443 gravi
1331 1372 1470 1434 scandalo
1492 1380 1523 1436 et
1545 1375 1615 1438 lidei
1641 1378 1806 1442 catholicae
1828 1381 1875 1442 de-

1132 1458 1281 1522 trimento
1302 1463 1334 1523 in
1356 1463 1413 1526 istd
1434 1466 1514 1528 nord
1539 1468 1762 1533 christianitate
1790 1489 1879 1536 exor-

1130 1557 1186 1611 tas.
1212 1553 1357 1616 Attamen
1386 1558 1457 1634 quia
1487 1559 1569 1622 salus
1600 1567 1723 1624 aeterna
1753 1566 1879 1628 nonnisi

1129 1648 1399 1720 perseverantibus
1415 1652 1620 1729 promittitur,
1634 1663 1813 1720 constanter
1824 1675 1878 1721 vos

1129 1735 1162 1795 in
1182 1739 1297 1815 coeptis
1319 1757 1516 1818 perseverare
1540 1755 1673 1824 oportet,
1696 1753 1876 1826 praesertim

1129 1827 1161 1889 in
1182 1830 1354 1894 obedientia
1376 1835 1476 1898 debita
1503 1839 1674 1916 pastoribus
1702 1843 1814 1904 vestris
1835 1843 1877 1906 le·

1129 1922 1256 2000 gilimis,
1281 1941 1394 2004 nempe
1425 1928 1552 1992 Vicariis
1584 1931 1765 2010 Apostollcis
1796 1936 1876 2000 istuc

1128 2015 1165 2075 ab
1185 2015 1240 2078 hac
1262 2016 1291 2080 S.
1318 2018 1395 2081 Sede
1421 2021 1577 2100 delegatis,
1606 2025 1717 2102 quibus
1738 2033 1774 2089 ut
1795 2045 1877 2090 sem·

1129 2121 1183 2183 per
1203 2107 1395 2186 subiacentis,
1427 2113 1632 2176 vehementer
1662 2118 1824 2182 hortamur
1845 2128 1876 2183 et

1128 2199 1321 2262 mandamus.
1345 2203 1419 2264 Date
1440 2205 1525 2268 enim
1547 2223 1682 2285 operam,
1706 2219 1741 2274 ut
1762 2213 1874 2292 reliqui

1127 2307 1235 2354 omnes
1256 2293 1362 2356 lideles
1383 2296 1470 2358 istius
1492 2300 1580 2375 regni
1608 2303 1725 2364 eisdem
1746 2304 1874 2368 Vicariis

1127 2384 1309 2462 Apostolicis
1336 2387 1564 2466 obtemperent,
1588 2401 1622 2454 ut
1644 2397 1789 2458 extinctis
1810 2407 1874 2461 tam

1126 2479 1305 2555 perniciosis
1336 2483 1602 2560 contentionibus,
1632 2489 1774 2550 unanimi
1801 2507 1873 2554 con-

1126 2570 1229 2632 cordii
1249 2573 1407 2636 coniuncti
1428 2577 1490 2638 lieo
1511 2578 1583 2639 vivo
1605 2587 1635 2641 et
1650 2597 1725 2642 vero
1740 2583 1874 2646 fideliter

1125 2663 1276 2725 serviatis.
1300 2667 1398 2741 Quam
1416 2669 1542 2746 quidem
1557 2672 1752 2734 concordiam
1766 2692 1874 2754 quam-

1126 2756 1262 2833 primum
1277 2757 1414 2822 luturam
1429 2777 1493 2823 non
1508 2763 1694 2841 dubitamus,
1710 2767 1735 2828 si
1751 2769 1872 2831 decreta

1125 2855 1188 2910 tam
1209 2852 1345 2930 antiqua,
1368 2869 1461 2931 quam
1490 2865 1632 2920 recenter
1653 2860 1733 2921 edita
1754 2877 1770 2920 a
1792 2861 1871 2924 Con·

1125 2945 1305 3020 gregaticne
1333 2945 1364 3010 S.
1388 2946 1423 3008 ll.
1448 2947 1483 3008 Ε.
1516 2950 1737 3028 cardinalium,
1759 2955 1872 3032 quibus

1124 3037 1285 3098 commissa
1305 3046 1352 3100 est
1374 3057 1390 3100 a
1412 3039 1442 3103 S.
1461 3039 1539 3104 Sede
1558 3043 1709 3106 eiusmodi
1731 3049 1872 3123 negotio-

1124 3145 1195 3190 rum
1217 3130 1405 3206 diiudicatio,
1431 3143 1570 3196 accurate
1601 3153 1708 3200 omnes
1740 3155 1870 3218 exequa-

1124 3222 1213 3284 mini.
1238 3223 1285 3284 Ex
1306 3225 1340 3284 ea
1367 3241 1501 3304 namque
1522 3229 1553 3288 in
1576 3229 1629 3290 Dei
1658 3229 1778 3293 cultum
1798 3249 1871 3295 con-

1121 3313 1299 3391 spiratione,
1323 3316 1376 3377 liet
1399 3328 1432 3379 ut
1446 3319 1524 3380 sacri
1539 3321 1674 3383 ministri
1690 3323 1721 3384 in
1737 3324 1869 3386 salutem

1122 3407 1298 3470 animarum
1313 3405 1385 3470 cum
1400 3409 1504 3474 lructu
1516 3419 1548 3473 et
1562 3415 1630 3474 sine
1645 3415 1869 3493 impedimento

1122 3499 1320 3576 incumbant3
1353 3502 1434 3580 quod
1461 3504 1494 3565 in
1515 3505 1660 3568 omnibus
1681 3509 1718 3572 de
1739 3509 1795 3572 hac
1816 3525 1868 3570 re-

1121 3592 1183 3652 stre
1205 3592 1338 3654 Ecclesia
1358 3596 1440 3657 curis
1472 3597 1558 3658 nobis
1580 3602 1791 3678 proponimus.
1816 3603 1870 3664 ht-

1122 3701 1184 3762 que
1203 3695 1238 3746 ut
1260 3685 1405 3749 libentius
1426 3686 1661 3770 ferventiusque
1678 3693 1711 3754 in
1727 3696 1783 3757 hoc
1796 3711 1869 3756 con·
1962 3717 1964 3724 ‘

1121 3777 1264 3852 veniatis,
1286 3777 1428 3842 divinum
1443 3781 1594 3844 auxilium
1609 3785 1820 3862 imploramus,
1838 3795 1869 3850 et

1122 3871 1317 3947 apostolicam
1348 3873 1595 3938 benedictionem
1616 3877 1703 3940 vobis
1724 3879 1868 3941 omnibus

1123 3974 1318 4040 peramanter
1338 3966 1547 4044 impertimur.

1161 4057 1272 4120 batum
1300 4059 1425 4135 Romae,
1453 4063 1533 4140 apud
1562 4062 1593 4126 S.
1623 4063 1750 4128 blariam
1778 4065 1867 4128 llaio·

1122 4166 1201 4224 rem,
1222 4151 1280 4213 sub
1300 4153 1415 4214 annulo
1438 4153 1607 4231 PiscatoriS,
1630 4156 1679 4218 die
1695 4174 1745 4218 xv.
1764 4159 1869 4222 ianua-

1122 4244 1161 4304 rii
1182 4261 1361 4320 amcxcrrr.,
1384 4247 1582 4326 pontificatus
1603 4251 1700 4313 nostri
1722 4267 1803 4314 anno
1822 4269 1864 4314 rr.

1460 4625 1529 4688 XX.

1122 4812 1255 4874 lrtrrceat
1280 4810 1386 4874 Coast.
1418 4813 1587 4876 Clementis
1615 4814 1652 4876 X.
1677 4831 1739 4892 aaa
1759 4815 1866 4892 probi·

1161 4903 1253 4967 betur
1275 4907 1439 4984 Episcopis
1459 4907 1628 4969 indiarum
1647 4905 1866 4972 Orientalium

1159 4999 1420 5062 iurisdictionem
1448 5017 1592 5061 exercere
1620 5002 1654 5062 ia
1681 5001 1864 5081 repiooihas

1164 5093 1224 5153 Vic.
1249 5093 1306 5170 Ap.
1331 5110 1428 5156 carce
1449 5095 1635 5165 commissis,
1654 5095 1865 5171 peculiariter

1160 5186 1195 5246 ia
1217 5187 1323 5265 repetis
1346 5186 1381 5247 de
1400 5185 1539 5258 ldaleart,
1559 5187 1736 5266 Goipcodae
1751 5196 1780 5250 et
1798 5189 1864 5254 Mc-

1158 5281 1214 5360 pai
1237 5281 1376 5359 Mortpcli
1398 5280 1452 5360 (2).

1157 5563 1186 5619 (ε)
1203 5565 1241 5608 ltx
1254 5563 1358 5620 Regest.
1375 5562 1403 5608 in
1417 5563 1575 5608 Archiater.
1593 5561 1684 5607 simile
1694 5565 1862 5619 praeceptum

1116 5629 1214 5674 lactum
1230 5629 1280 5674 tuit
1290 5629 1490 5687 archiepiscopo
1501 5629 1637 5684 theanensi,
1649 5629 1770 5686 aliisque,
1780 5631 1861 5676 const.

1116 5697 1154 5740 ed.
1171 5708 1305 5752 uncxcvr,
1324 5697 1366 5742 die
1380 5699 1407 5742 22
1425 5695 1548 5752 octobris,
1569 5696 1659 5753 pontit.
1680 5707 1724 5750 v1.;
1740 5697 1771 5741 da
1786 5695 1863 5740 iuris·

1116 5763 1230 5808 dictione
1245 5763 1404 5810 ricariorum
1420 5763 1477 5808 vida
1491 5765 1572 5808 const.
1589 5764 1627 5808 ed:
1641 5773 1775 5817 sancxcvr,
1785 5763 1826 5807 die
1836 5764 1863 5807 23

1116 5831 1238 5886 octobris,
1249 5831 1338 5888 pontis.
1349 5843 1394 5886 v1.;
1409 5833 1435 5876 et
1450 5832 1481 5875 da
1490 5831 1617 5876 electione
1627 5831 1787 5876 vicariorum
1798 5831 1864 5876 lora·

1118 5908 1226 5942 aeorum
1242 5898 1269 5942 in
1284 5899 1403 5944 Ameriae
1418 5898 1475 5943 vida
1486 5897 1553 5943 inira
1563 5901 1644 5944 const.
1657 5898 1694 5943 ed.
1708 5909 1864 5952 uncxcvrrr,

1117 5964 1158 6009 die
1173 5967 1186 6008 3
1200 5964 1272 6020 maii,
1287 5965 1376 6021 pontis.
1393 5977 1438 6011 vir.

1806 593 1863 658 167
1914 599 1968 654 An.
1983 600 2012 653 0.
2036 598 2106 652 1697
