<?xml version="1.0" encoding="UTF-8"?>
<!DOCTYPE html PUBLIC "-//W3C//DTD XHTML 1.0 Transitional//EN"
    "http://www.w3.org/TR/xhtml1/DTD/xhtml1-transitional.dtd">
<html xmlns="http://www.w3.org/1999/xhtml" xml:lang="en" lang="en">
 <head>
  <title>
</title>
<meta http-equiv="Content-Type" content="text/html;charset=utf-8" />
  <meta name='ocr-system' content='tesseract 3.04.00' />
  <meta name='ocr-capabilities' content='ocr_page ocr_carea ocr_par ocr_line ocrx_word'/>
</head>
<body>
  <div class='ocr_page' id='page_1' title='image "./iurispontificii04martgoog_0160.png"; bbox 0 0 4848 6990; ppageno 0'>
   <div class='ocr_carea' id='block_1_1' title="bbox 361 591 549 648">
    <p class='ocr_par' dir='ltr' id='par_1_1' title="bbox 361 591 549 648">
     <span class='ocr_line' id='line_1_1' title="bbox 361 591 549 648; baseline 0 -2"><span class='ocrx_word' id='word_1_1' title='bbox 361 591 460 648; x_wconf 80' lang='grc' dir='ltr'>Δ1.0.</span> <span class='ocrx_word' id='word_1_2' title='bbox 481 591 549 646; x_wconf 87' lang='grc'>1696</span> 
     </span>
    </p>
   </div>
   <div class='ocr_carea' id='block_1_2' title="bbox 391 1113 533 1183">
    <p class='ocr_par' dir='ltr' id='par_1_2' title="bbox 391 1113 533 1183">
     <span class='ocr_line' id='line_1_2' title="bbox 391 1113 533 1183; baseline 0.014 -23"><span class='ocrx_word' id='word_1_3' title='bbox 391 1113 533 1183; x_wconf 61' lang='lat' dir='ltr'><strong>clausulae.</strong></span> 
     </span>
    </p>
   </div>
   <div class='ocr_carea' id='block_1_3' title="bbox 348 4194 558 4295">
    <p class='ocr_par' dir='ltr' id='par_1_3' title="bbox 348 4194 558 4295">
     <span class='ocr_line' id='line_1_3' title="bbox 360 4194 558 4258; baseline 0.01 -18"><span class='ocrx_word' id='word_1_4' title='bbox 360 4194 558 4258; x_wconf 77' lang='lat' dir='ltr'><strong>heregotiocou·</strong></span> 
     </span>
     <span class='ocr_line' id='line_1_4' title="bbox 348 4251 493 4295; baseline 0.021 -3"><span class='ocrx_word' id='word_1_5' title='bbox 348 4251 493 4295; x_wconf 90' lang='lat' dir='ltr'><strong>trarrorum.</strong></span> 
     </span>
    </p>
   </div>
   <div class='ocr_carea' id='block_1_4' title="bbox 600 587 657 652">
    <p class='ocr_par' dir='ltr' id='par_1_4' title="bbox 600 587 657 652">
     <span class='ocr_line' id='line_1_5' title="bbox 600 587 657 652; baseline 0 -1"><span class='ocrx_word' id='word_1_6' title='bbox 600 587 657 652; x_wconf 79' lang='lat' dir='ltr'><strong>teo</strong></span> 
     </span>
    </p>
   </div>
   <div class='ocr_carea' id='block_1_5' title="bbox 577 718 1320 1266">
    <p class='ocr_par' dir='ltr' id='par_1_5' title="bbox 577 718 1320 1080">
     <span class='ocr_line' id='line_1_6' title="bbox 580 718 1318 800; baseline -0.011 -14"><span class='ocrx_word' id='word_1_7' title='bbox 580 723 648 786; x_wconf 91' lang='lat' dir='ltr'><strong>tarii</strong></span> <span class='ocrx_word' id='word_1_8' title='bbox 674 723 771 786; x_wconf 87' lang='lat' dir='ltr'><strong>dictae</strong></span> <span class='ocrx_word' id='word_1_9' title='bbox 802 721 1067 800; x_wconf 87' lang='lat' dir='ltr'><strong>congregationis,</strong></span> <span class='ocrx_word' id='word_1_10' title='bbox 1089 727 1120 781; x_wconf 90' lang='lat' dir='ltr'><strong>et</strong></span> <span class='ocrx_word' id='word_1_11' title='bbox 1146 719 1266 782; x_wconf 80' lang='lat' dir='ltr'><strong>servata</strong></span> <span class='ocrx_word' id='word_1_12' title='bbox 1286 718 1318 779; x_wconf 95' lang='lat' dir='ltr'><strong>in</strong></span> 
     </span>
     <span class='ocr_line' id='line_1_7' title="bbox 577 811 1319 895; baseline -0.011 -16"><span class='ocrx_word' id='word_1_13' title='bbox 577 817 705 895; x_wconf 90' lang='lat' dir='ltr'><strong>reliquis</strong></span> <span class='ocrx_word' id='word_1_14' title='bbox 735 817 879 880; x_wconf 87' lang='lat' dir='ltr'><strong>omnibus</strong></span> <span class='ocrx_word' id='word_1_15' title='bbox 904 815 1128 894; x_wconf 86' lang='lat' dir='ltr'><strong>praedictarum</strong></span> <span class='ocrx_word' id='word_1_16' title='bbox 1155 811 1319 874; x_wconf 77' lang='lat' dir='ltr'>Alexandri</span> 
     </span>
     <span class='ocr_line' id='line_1_8' title="bbox 577 903 1320 988; baseline -0.013 -16"><span class='ocrx_word' id='word_1_17' title='bbox 577 911 815 988; x_wconf 80' lang='lat' dir='ltr'><strong>praedecessoris</strong></span> <span class='ocrx_word' id='word_1_18' title='bbox 835 909 1010 972; x_wconf 89' lang='lat' dir='ltr'><strong>litterarum</strong></span> <span class='ocrx_word' id='word_1_19' title='bbox 1030 906 1129 968; x_wconf 81' lang='lat' dir='ltr'><strong>torma</strong></span> <span class='ocrx_word' id='word_1_20' title='bbox 1150 911 1181 967; x_wconf 92' lang='lat' dir='ltr'><strong>et</strong></span> <span class='ocrx_word' id='word_1_21' title='bbox 1195 903 1320 982; x_wconf 87' lang='lat' dir='ltr'><strong>disposi-</strong></span> 
     </span>
     <span class='ocr_line' id='line_1_9' title="bbox 577 1001 1038 1080; baseline -0.004 -17"><span class='ocrx_word' id='word_1_22' title='bbox 577 1002 675 1078; x_wconf 90' lang='lat' dir='ltr'><strong>tione,</strong></span> <span class='ocrx_word' id='word_1_23' title='bbox 696 1003 877 1080; x_wconf 90' lang='lat' dir='ltr'><strong>congregari</strong></span> <span class='ocrx_word' id='word_1_24' title='bbox 897 1001 1038 1063; x_wconf 91' lang='lat' dir='ltr'><strong>debeant.</strong></span> 
     </span>
    </p>

    <p class='ocr_par' dir='ltr' id='par_1_6' title="bbox 579 1089 1320 1266">
     <span class='ocr_line' id='line_1_10' title="bbox 617 1089 1320 1172; baseline -0.009 -14"><span class='ocrx_word' id='word_1_25' title='bbox 617 1096 636 1170; x_wconf 66' lang='grc' dir='ltr'><strong>ἓ</strong></span> <span class='ocrx_word' id='word_1_26' title='bbox 657 1096 685 1158; x_wconf 88' lang='grc'><strong>3.</strong></span> <span class='ocrx_word' id='word_1_27' title='bbox 708 1097 925 1171; x_wconf 88' lang='lat' dir='ltr'><strong>Decernentes,</strong></span> <span class='ocrx_word' id='word_1_28' title='bbox 947 1095 1068 1157; x_wconf 90' lang='lat' dir='ltr'><strong>easdem</strong></span> <span class='ocrx_word' id='word_1_29' title='bbox 1081 1099 1256 1172; x_wconf 81' lang='lat' dir='ltr'><strong>praesentes</strong></span> <span class='ocrx_word' id='word_1_30' title='bbox 1270 1089 1320 1152; x_wconf 92' lang='lat' dir='ltr'><strong>lit·</strong></span> 
     </span>
     <span class='ocr_line' id='line_1_11' title="bbox 579 1181 1320 1266; baseline -0.009 -16"><span class='ocrx_word' id='word_1_31' title='bbox 579 1195 658 1250; x_wconf 89' lang='lat' dir='ltr'><strong>teras</strong></span> <span class='ocrx_word' id='word_1_32' title='bbox 672 1203 794 1266; x_wconf 86' lang='lat' dir='ltr'><strong>semper</strong></span> <span class='ocrx_word' id='word_1_33' title='bbox 809 1187 923 1263; x_wconf 83' lang='lat' dir='ltr'><strong>firmas,</strong></span> <span class='ocrx_word' id='word_1_34' title='bbox 937 1185 1050 1248; x_wconf 83' lang='lat' dir='ltr'><strong>validas</strong></span> <span class='ocrx_word' id='word_1_35' title='bbox 1064 1194 1094 1248; x_wconf 93' lang='lat' dir='ltr'><strong>et</strong></span> <span class='ocrx_word' id='word_1_36' title='bbox 1109 1185 1242 1247; x_wconf 89' lang='lat' dir='ltr'><strong>etlicaces</strong></span> <span class='ocrx_word' id='word_1_37' title='bbox 1258 1181 1320 1245; x_wconf 84' lang='lat' dir='ltr'><strong>exi·</strong></span> 
     </span>
    </p>
   </div>
   <div class='ocr_carea' id='block_1_6' title="bbox 577 1275 2327 1360">
    <p class='ocr_par' dir='ltr' id='par_1_7' title="bbox 577 1275 2327 1360">
     <span class='ocr_line' id='line_1_12' title="bbox 577 1275 2327 1360; baseline -0.008 -18"><span class='ocrx_word' id='word_1_38' title='bbox 577 1288 659 1343; x_wconf 91' lang='lat' dir='ltr'><strong>stere</strong></span> <span class='ocrx_word' id='word_1_39' title='bbox 673 1287 704 1342; x_wconf 89' lang='lat' dir='ltr'><strong>ct</strong></span> <span class='ocrx_word' id='word_1_40' title='bbox 719 1281 796 1356; x_wconf 92' lang='lat' dir='ltr'><strong>lore,</strong></span> <span class='ocrx_word' id='word_1_41' title='bbox 811 1297 943 1360; x_wconf 90' lang='lat' dir='ltr'><strong>suosque</strong></span> <span class='ocrx_word' id='word_1_42' title='bbox 964 1281 1117 1359; x_wconf 88' lang='lat' dir='ltr'><strong>plenarios</strong></span> <span class='ocrx_word' id='word_1_43' title='bbox 1138 1285 1168 1340; x_wconf 89' lang='lat' dir='ltr'><strong>et</strong></span> <span class='ocrx_word' id='word_1_44' title='bbox 1183 1277 1320 1352; x_wconf 91' lang='lat' dir='ltr'><strong>integros</strong></span> <span class='ocrx_word' id='word_1_45' title='bbox 1414 1280 1433 1354; x_wconf 73' lang='lat'>5</span> <span class='ocrx_word' id='word_1_46' title='bbox 1460 1278 1488 1340; x_wconf 89' lang='grc'><strong>1.</strong></span> <span class='ocrx_word' id='word_1_47' title='bbox 1512 1279 1593 1342; x_wconf 79' lang='lat' dir='ltr'><strong>Alias</strong></span> <span class='ocrx_word' id='word_1_48' title='bbox 1624 1297 1640 1342; x_wconf 88' lang='lat' dir='ltr'><strong>a</strong></span> <span class='ocrx_word' id='word_1_49' title='bbox 1671 1278 1847 1358; x_wconf 77' lang='lat' dir='ltr'><strong>particulari</strong></span> <span class='ocrx_word' id='word_1_50' title='bbox 1872 1275 2121 1353; x_wconf 82' lang='lat' dir='ltr'><strong>congregatione</strong></span> <span class='ocrx_word' id='word_1_51' title='bbox 2161 1289 2327 1348; x_wconf 70' lang='grc'>11111111.</span> 
     </span>
    </p>
   </div>
   <div class='ocr_carea' id='block_1_7' title="bbox 1375 1341 2389 1442">
    <p class='ocr_par' dir='ltr' id='par_1_8' title="bbox 1375 1341 2389 1442">
     <span class='ocr_line' id='line_1_13' title="bbox 1375 1341 2389 1442; baseline -0.022 -7"><span class='ocrx_word' id='word_1_52' title='bbox 1375 1372 1600 1436; x_wconf 92' lang='lat' dir='ltr'><strong>nonnullorum</strong></span> <span class='ocrx_word' id='word_1_53' title='bbox 1617 1389 1653 1435; x_wconf 83' lang='lat' dir='ltr'><strong>ex</strong></span> <span class='ocrx_word' id='word_1_54' title='bbox 1668 1369 2053 1434; x_wconf 83' lang='lat' dir='ltr'><strong>uenerabilibusiratribus</strong></span> <span class='ocrx_word' id='word_1_55' title='bbox 2066 1385 2121 1432; x_wconf 93' lang='lat' dir='ltr'><strong>uo·</strong></span> <span class='ocrx_word' id='word_1_56' title='bbox 2138 1341 2208 1442; x_wconf 45' lang='lat'><strong>{¹23²</strong></span> <span class='ocrx_word' id='word_1_57' title='bbox 2231 1345 2326 1394; x_wconf 57' lang='lat' dir='ltr'><strong>“still</strong></span> <span class='ocrx_word' id='word_1_58' title='bbox 2388 1403 2389 1438; x_wconf 60' lang='lat'><strong>,</strong></span> 
     </span>
    </p>
   </div>
   <div class='ocr_carea' id='block_1_8' title="bbox 577 1369 1321 2290">
    <p class='ocr_par' dir='ltr' id='par_1_9' title="bbox 577 1369 1321 2290">
     <span class='ocr_line' id='line_1_14' title="bbox 578 1369 1318 1449; baseline -0.008 -13"><span class='ocrx_word' id='word_1_59' title='bbox 578 1373 705 1437; x_wconf 76' lang='lat' dir='ltr'><strong>effectus</strong></span> <span class='ocrx_word' id='word_1_60' title='bbox 723 1375 828 1438; x_wconf 89' lang='lat' dir='ltr'><strong>sortiri</strong></span> <span class='ocrx_word' id='word_1_61' title='bbox 849 1382 879 1436; x_wconf 92' lang='lat' dir='ltr'><strong>et</strong></span> <span class='ocrx_word' id='word_1_62' title='bbox 900 1373 1056 1449; x_wconf 91' lang='lat' dir='ltr'><strong>obtinere,</strong></span> <span class='ocrx_word' id='word_1_63' title='bbox 1079 1389 1112 1434; x_wconf 89' lang='lat' dir='ltr'><strong>ac</strong></span> <span class='ocrx_word' id='word_1_64' title='bbox 1133 1369 1262 1443; x_wconf 90' lang='lat' dir='ltr'><strong>abillis,</strong></span> <span class='ocrx_word' id='word_1_65' title='bbox 1284 1369 1318 1430; x_wconf 90' lang='lat' dir='ltr'><strong>ad</strong></span> 
     </span>
     <span class='ocr_line' id='line_1_15' title="bbox 578 1463 1321 1547; baseline -0.011 -17"><span class='ocrx_word' id='word_1_66' title='bbox 578 1483 655 1546; x_wconf 89' lang='lat' dir='ltr'><strong>quos</strong></span> <span class='ocrx_word' id='word_1_67' title='bbox 673 1475 790 1547; x_wconf 88' lang='lat' dir='ltr'><strong>spectat</strong></span> <span class='ocrx_word' id='word_1_68' title='bbox 812 1475 843 1531; x_wconf 91' lang='lat' dir='ltr'><strong>et</strong></span> <span class='ocrx_word' id='word_1_69' title='bbox 867 1485 922 1547; x_wconf 92' lang='lat' dir='ltr'><strong>pro</strong></span> <span class='ocrx_word' id='word_1_70' title='bbox 948 1475 1086 1547; x_wconf 90' lang='lat' dir='ltr'><strong>tempore</strong></span> <span class='ocrx_word' id='word_1_71' title='bbox 1111 1463 1321 1544; x_wconf 90' lang='lat' dir='ltr'><strong>quandocum-</strong></span> 
     </span>
     <span class='ocr_line' id='line_1_16' title="bbox 578 1557 1320 1640; baseline -0.009 -18"><span class='ocrx_word' id='word_1_72' title='bbox 578 1575 640 1639; x_wconf 87' lang='lat' dir='ltr'><strong>que</strong></span> <span class='ocrx_word' id='word_1_73' title='bbox 670 1561 832 1640; x_wconf 82' lang='lat' dir='ltr'><strong>spectabit,</strong></span> <span class='ocrx_word' id='word_1_74' title='bbox 865 1561 1082 1624; x_wconf 90' lang='lat' dir='ltr'><strong>inviolabiliter</strong></span> <span class='ocrx_word' id='word_1_75' title='bbox 1109 1557 1265 1621; x_wconf 86' lang='lat' dir='ltr'><strong>observari</strong></span> <span class='ocrx_word' id='word_1_76' title='bbox 1290 1561 1320 1616; x_wconf 91' lang='lat' dir='ltr'><strong>et</strong></span> 
     </span>
     <span class='ocr_line' id='line_1_17' title="bbox 579 1651 1320 1733; baseline -0.004 -20"><span class='ocrx_word' id='word_1_77' title='bbox 579 1652 751 1732; x_wconf 88' lang='lat' dir='ltr'><strong>adimpleri,</strong></span> <span class='ocrx_word' id='word_1_78' title='bbox 773 1671 830 1718; x_wconf 91' lang='lat' dir='ltr'><strong>nec</strong></span> <span class='ocrx_word' id='word_1_79' title='bbox 850 1655 887 1718; x_wconf 90' lang='lat' dir='ltr'><strong>de</strong></span> <span class='ocrx_word' id='word_1_80' title='bbox 907 1653 1114 1733; x_wconf 85' lang='lat' dir='ltr'><strong>subreptionis</strong></span> <span class='ocrx_word' id='word_1_81' title='bbox 1135 1651 1184 1712; x_wconf 84' lang='lat' dir='ltr'><strong>vel</strong></span> <span class='ocrx_word' id='word_1_82' title='bbox 1213 1651 1320 1728; x_wconf 91' lang='lat' dir='ltr'><strong>obrep-</strong></span> 
     </span>
     <span class='ocr_line' id='line_1_18' title="bbox 579 1744 1320 1822; baseline -0.007 -14"><span class='ocrx_word' id='word_1_83' title='bbox 579 1745 673 1808; x_wconf 83' lang='lat' dir='ltr'><strong>tionis</strong></span> <span class='ocrx_word' id='word_1_84' title='bbox 692 1754 745 1810; x_wconf 84' lang='grc'><strong>111</strong></span> <span class='ocrx_word' id='word_1_85' title='bbox 772 1747 925 1810; x_wconf 89' lang='lat' dir='ltr'><strong>nullitatis</strong></span> <span class='ocrx_word' id='word_1_86' title='bbox 952 1747 1040 1822; x_wconf 81' lang='lat' dir='ltr'><strong>vitio,</strong></span> <span class='ocrx_word' id='word_1_87' title='bbox 1062 1762 1117 1807; x_wconf 89' lang='lat' dir='ltr'><strong>seu</strong></span> <span class='ocrx_word' id='word_1_88' title='bbox 1139 1744 1320 1806; x_wconf 92' lang='lat' dir='ltr'><strong>intentionis</strong></span> 
     </span>
     <span class='ocr_line' id='line_1_19' title="bbox 579 1839 1320 1916; baseline -0.005 -16"><span class='ocrx_word' id='word_1_89' title='bbox 579 1846 713 1916; x_wconf 91' lang='lat' dir='ltr'><strong>nostrae,</strong></span> <span class='ocrx_word' id='word_1_90' title='bbox 735 1848 788 1903; x_wconf 92' lang='lat' dir='ltr'><strong>aut</strong></span> <span class='ocrx_word' id='word_1_91' title='bbox 808 1841 957 1903; x_wconf 89' lang='lat' dir='ltr'><strong>interesse</strong></span> <span class='ocrx_word' id='word_1_92' title='bbox 982 1839 1164 1901; x_wconf 86' lang='lat' dir='ltr'><strong>habentium</strong></span> <span class='ocrx_word' id='word_1_93' title='bbox 1191 1852 1320 1898; x_wconf 90' lang='lat' dir='ltr'><strong>consen-</strong></span> 
     </span>
     <span class='ocr_line' id='line_1_20' title="bbox 577 1929 1321 2013; baseline -0.004 -20"><span class='ocrx_word' id='word_1_94' title='bbox 577 1932 640 2006; x_wconf 85' lang='lat' dir='ltr'><strong>sus,</strong></span> <span class='ocrx_word' id='word_1_95' title='bbox 663 1933 764 1995; x_wconf 85' lang='lat' dir='ltr'><strong>aliove</strong></span> <span class='ocrx_word' id='word_1_96' title='bbox 783 1934 920 2012; x_wconf 92' lang='lat' dir='ltr'><strong>quolibet</strong></span> <span class='ocrx_word' id='word_1_97' title='bbox 941 1931 1140 2013; x_wconf 84' lang='lat' dir='ltr'><strong>quantumvis</strong></span> <span class='ocrx_word' id='word_1_98' title='bbox 1155 1929 1275 1991; x_wconf 80' lang='lat' dir='ltr'><strong>formali</strong></span> <span class='ocrx_word' id='word_1_99' title='bbox 1291 1937 1321 1990; x_wconf 91' lang='lat' dir='ltr'><strong>et</strong></span> 
     </span>
     <span class='ocr_line' id='line_1_21' title="bbox 578 2023 1320 2106; baseline -0.003 -21"><span class='ocrx_word' id='word_1_100' title='bbox 578 2024 770 2089; x_wconf 86' lang='lat' dir='ltr'><strong>individuam</strong></span> <span class='ocrx_word' id='word_1_101' title='bbox 801 2029 1029 2106; x_wconf 83' lang='lat' dir='ltr'><strong>expressionem</strong></span> <span class='ocrx_word' id='word_1_102' title='bbox 1060 2024 1240 2102; x_wconf 88' lang='lat' dir='ltr'><strong>requirente</strong></span> <span class='ocrx_word' id='word_1_103' title='bbox 1271 2023 1320 2084; x_wconf 91' lang='lat' dir='ltr'><strong>de·</strong></span> 
     </span>
     <span class='ocr_line' id='line_1_22' title="bbox 577 2115 1318 2204; baseline -0.003 -26"><span class='ocrx_word' id='word_1_104' title='bbox 577 2117 660 2182; x_wconf 86' lang='lat' dir='ltr'><strong>lectu</strong></span> <span class='ocrx_word' id='word_1_105' title='bbox 674 2121 785 2195; x_wconf 92' lang='lat' dir='ltr'><strong>notari,</strong></span> <span class='ocrx_word' id='word_1_106' title='bbox 801 2121 989 2200; x_wconf 87' lang='lat' dir='ltr'><strong>impugnari,</strong></span> <span class='ocrx_word' id='word_1_107' title='bbox 1005 2119 1146 2196; x_wconf 78' lang='lat' dir='ltr'><strong>infringi,</strong></span> <span class='ocrx_word' id='word_1_108' title='bbox 1162 2115 1318 2204; x_wconf 79' lang='lat' dir='ltr'><strong>redargui,</strong></span> 
     </span>
     <span class='ocr_line' id='line_1_23' title="bbox 577 2211 1321 2290; baseline -0.003 -18"><span class='ocrx_word' id='word_1_109' title='bbox 577 2211 611 2276; x_wconf 94' lang='lat' dir='ltr'><strong>in</strong></span> <span class='ocrx_word' id='word_1_110' title='bbox 632 2217 874 2278; x_wconf 88' lang='lat' dir='ltr'><strong>controversiam</strong></span> <span class='ocrx_word' id='word_1_111' title='bbox 902 2215 1015 2290; x_wconf 87' lang='lat' dir='ltr'><strong>vocari,</strong></span> <span class='ocrx_word' id='word_1_112' title='bbox 1036 2229 1091 2275; x_wconf 93' lang='lat' dir='ltr'><strong>seu</strong></span> <span class='ocrx_word' id='word_1_113' title='bbox 1112 2214 1148 2274; x_wconf 91' lang='lat' dir='ltr'><strong>ad</strong></span> <span class='ocrx_word' id='word_1_114' title='bbox 1168 2211 1321 2273; x_wconf 91' lang='lat' dir='ltr'><strong>terminos</strong></span> 
     </span>
    </p>
   </div>
   <div class='ocr_carea' id='block_1_9' title="bbox 577 2304 1322 2958">
    <p class='ocr_par' dir='ltr' id='par_1_10' title="bbox 577 2304 1322 2958">
     <span class='ocr_line' id='line_1_24' title="bbox 578 2304 1320 2385; baseline -0.013 -11"><span class='ocrx_word' id='word_1_115' title='bbox 578 2312 653 2374; x_wconf 88' lang='lat' dir='ltr'><strong>iuris</strong></span> <span class='ocrx_word' id='word_1_116' title='bbox 674 2310 790 2385; x_wconf 88' lang='lat' dir='ltr'><strong>reduci,</strong></span> <span class='ocrx_word' id='word_1_117' title='bbox 812 2317 864 2371; x_wconf 94' lang='lat' dir='ltr'><strong>aut</strong></span> <span class='ocrx_word' id='word_1_118' title='bbox 891 2309 1036 2371; x_wconf 85' lang='lat' dir='ltr'><strong>adversus</strong></span> <span class='ocrx_word' id='word_1_119' title='bbox 1060 2307 1126 2368; x_wconf 89' lang='lat' dir='ltr'><strong>illas</strong></span> <span class='ocrx_word' id='word_1_120' title='bbox 1151 2304 1320 2368; x_wconf 91' lang='lat' dir='ltr'><strong>restitutio-</strong></span> 
     </span>
     <span class='ocr_line' id='line_1_25' title="bbox 578 2398 1320 2481; baseline -0.012 -15"><span class='ocrx_word' id='word_1_121' title='bbox 578 2405 626 2467; x_wconf 94' lang='lat' dir='ltr'><strong>nis</strong></span> <span class='ocrx_word' id='word_1_122' title='bbox 647 2405 679 2466; x_wconf 91' lang='lat' dir='ltr'><strong>iu</strong></span> <span class='ocrx_word' id='word_1_123' title='bbox 701 2405 872 2481; x_wconf 89' lang='lat' dir='ltr'><strong>integrum,</strong></span> <span class='ocrx_word' id='word_1_124' title='bbox 901 2402 1077 2481; x_wconf 91' lang='lat' dir='ltr'><strong>aperitiouis</strong></span> <span class='ocrx_word' id='word_1_125' title='bbox 1102 2399 1175 2474; x_wconf 90' lang='lat' dir='ltr'><strong>oris,</strong></span> <span class='ocrx_word' id='word_1_126' title='bbox 1198 2398 1320 2460; x_wconf 82' lang='lat' dir='ltr'><strong>aliudve</strong></span> 
     </span>
     <span class='ocr_line' id='line_1_26' title="bbox 577 2494 1320 2576; baseline -0.007 -18"><span class='ocrx_word' id='word_1_127' title='bbox 577 2497 794 2576; x_wconf 90' lang='lat' dir='ltr'><strong>quodcumque</strong></span> <span class='ocrx_word' id='word_1_128' title='bbox 814 2497 901 2570; x_wconf 91' lang='lat' dir='ltr'><strong>iuris,</strong></span> <span class='ocrx_word' id='word_1_129' title='bbox 923 2495 993 2557; x_wconf 89' lang='lat' dir='ltr'><strong>lacti</strong></span> <span class='ocrx_word' id='word_1_130' title='bbox 1014 2494 1065 2556; x_wconf 90' lang='lat' dir='ltr'><strong>vel</strong></span> <span class='ocrx_word' id='word_1_131' title='bbox 1086 2494 1200 2570; x_wconf 88' lang='lat' dir='ltr'><strong>gratiae</strong></span> <span class='ocrx_word' id='word_1_132' title='bbox 1221 2507 1320 2554; x_wconf 90' lang='lat' dir='ltr'><strong>reme·</strong></span> 
     </span>
     <span class='ocr_line' id='line_1_27' title="bbox 577 2587 1322 2668; baseline -0.008 -16"><span class='ocrx_word' id='word_1_133' title='bbox 577 2591 664 2654; x_wconf 86' lang='lat' dir='ltr'><strong>diunt</strong></span> <span class='ocrx_word' id='word_1_134' title='bbox 695 2589 854 2668; x_wconf 89' lang='lat' dir='ltr'><strong>impetrari</strong></span> <span class='ocrx_word' id='word_1_135' title='bbox 885 2589 936 2650; x_wconf 88' lang='lat' dir='ltr'><strong>vel</strong></span> <span class='ocrx_word' id='word_1_136' title='bbox 966 2587 1125 2660; x_wconf 89' lang='lat' dir='ltr'><strong>intentari,</strong></span> <span class='ocrx_word' id='word_1_137' title='bbox 1147 2601 1202 2648; x_wconf 90' lang='lat' dir='ltr'><strong>seu</strong></span> <span class='ocrx_word' id='word_1_138' title='bbox 1224 2587 1322 2664; x_wconf 90' lang='lat' dir='ltr'><strong>impe-</strong></span> 
     </span>
     <span class='ocr_line' id='line_1_28' title="bbox 577 2681 1322 2760; baseline -0.009 -13"><span class='ocrx_word' id='word_1_139' title='bbox 577 2691 669 2760; x_wconf 90' lang='lat' dir='ltr'><strong>trato,</strong></span> <span class='ocrx_word' id='word_1_140' title='bbox 691 2683 856 2748; x_wconf 89' lang='lat' dir='ltr'><strong>autetiam</strong></span> <span class='ocrx_word' id='word_1_141' title='bbox 877 2689 976 2757; x_wconf 89' lang='lat' dir='ltr'><strong>motu,</strong></span> <span class='ocrx_word' id='word_1_142' title='bbox 997 2681 1124 2742; x_wconf 80' lang='lat' dir='ltr'><strong>scientia</strong></span> <span class='ocrx_word' id='word_1_143' title='bbox 1146 2688 1177 2742; x_wconf 89' lang='lat' dir='ltr'><strong>et</strong></span> <span class='ocrx_word' id='word_1_144' title='bbox 1191 2687 1322 2758; x_wconf 89' lang='lat' dir='ltr'><strong>potesta-</strong></span> 
     </span>
     <span class='ocr_line' id='line_1_29' title="bbox 577 2773 1322 2857; baseline -0.011 -16"><span class='ocrx_word' id='word_1_145' title='bbox 577 2778 616 2841; x_wconf 92' lang='lat' dir='ltr'><strong>tis</strong></span> <span class='ocrx_word' id='word_1_146' title='bbox 635 2778 831 2857; x_wconf 91' lang='lat' dir='ltr'><strong>plenitudine</strong></span> <span class='ocrx_word' id='word_1_147' title='bbox 851 2777 1002 2840; x_wconf 88' lang='lat' dir='ltr'><strong>similibus</strong></span> <span class='ocrx_word' id='word_1_148' title='bbox 1016 2789 1160 2837; x_wconf 89' lang='lat' dir='ltr'><strong>concesso</strong></span> <span class='ocrx_word' id='word_1_149' title='bbox 1174 2773 1225 2836; x_wconf 89' lang='lat' dir='ltr'><strong>vel</strong></span> <span class='ocrx_word' id='word_1_150' title='bbox 1240 2789 1322 2834; x_wconf 92' lang='lat' dir='ltr'><strong>ema-</strong></span> 
     </span>
     <span class='ocr_line' id='line_1_30' title="bbox 578 2867 1319 2958; baseline -0.005 -24"><span class='ocrx_word' id='word_1_151' title='bbox 578 2879 662 2958; x_wconf 81' lang='lat' dir='ltr'><strong>nato,</strong></span> <span class='ocrx_word' id='word_1_152' title='bbox 683 2873 859 2951; x_wconf 89' lang='lat' dir='ltr'><strong>quempiam</strong></span> <span class='ocrx_word' id='word_1_153' title='bbox 880 2871 914 2932; x_wconf 94' lang='lat' dir='ltr'><strong>iu</strong></span> <span class='ocrx_word' id='word_1_154' title='bbox 936 2869 1048 2933; x_wconf 91' lang='lat' dir='ltr'><strong>iudicio</strong></span> <span class='ocrx_word' id='word_1_155' title='bbox 1070 2870 1121 2932; x_wconf 82' lang='lat' dir='ltr'><strong>vel</strong></span> <span class='ocrx_word' id='word_1_156' title='bbox 1142 2877 1229 2930; x_wconf 83' lang='lat' dir='ltr'><strong>extra</strong></span> <span class='ocrx_word' id='word_1_157' title='bbox 1244 2867 1319 2930; x_wconf 92' lang='lat' dir='ltr'><strong>illud</strong></span> 
     </span>
    </p>
   </div>
   <div class='ocr_carea' id='block_1_10' title="bbox 575 2962 1322 5290">
    <p class='ocr_par' dir='ltr' id='par_1_11' title="bbox 575 2962 1322 4146">
     <span class='ocr_line' id='line_1_31' title="bbox 577 2962 1321 3041; baseline -0.004 -15"><span class='ocrx_word' id='word_1_158' title='bbox 577 2965 625 3026; x_wconf 92' lang='lat' dir='ltr'><strong>uti</strong></span> <span class='ocrx_word' id='word_1_159' title='bbox 644 2981 698 3026; x_wconf 91' lang='lat' dir='ltr'><strong>seu</strong></span> <span class='ocrx_word' id='word_1_160' title='bbox 719 2981 754 3030; x_wconf 90' lang='lat' dir='ltr'><strong>se</strong></span> <span class='ocrx_word' id='word_1_161' title='bbox 773 2965 880 3028; x_wconf 87' lang='lat' dir='ltr'><strong>iuvare</strong></span> <span class='ocrx_word' id='word_1_162' title='bbox 901 2963 965 3027; x_wconf 92' lang='lat' dir='ltr'><strong>ullo</strong></span> <span class='ocrx_word' id='word_1_163' title='bbox 987 2962 1077 3025; x_wconf 89' lang='lat' dir='ltr'><strong>modo</strong></span> <span class='ocrx_word' id='word_1_164' title='bbox 1098 2977 1236 3041; x_wconf 90' lang='lat' dir='ltr'><strong>unquam</strong></span> <span class='ocrx_word' id='word_1_165' title='bbox 1253 2977 1321 3040; x_wconf 90' lang='lat' dir='ltr'><strong>pos·</strong></span> 
     </span>
     <span class='ocr_line' id='line_1_32' title="bbox 576 3054 1321 3135; baseline -0.003 -16"><span class='ocrx_word' id='word_1_166' title='bbox 576 3073 621 3132; x_wconf 91' lang='lat' dir='ltr'><strong>se,</strong></span> <span class='ocrx_word' id='word_1_167' title='bbox 643 3057 749 3135; x_wconf 91' lang='lat' dir='ltr'><strong>sicque</strong></span> <span class='ocrx_word' id='word_1_168' title='bbox 770 3063 801 3118; x_wconf 91' lang='lat' dir='ltr'><strong>et</strong></span> <span class='ocrx_word' id='word_1_169' title='bbox 820 3071 884 3118; x_wconf 92' lang='lat' dir='ltr'><strong>non</strong></span> <span class='ocrx_word' id='word_1_170' title='bbox 907 3055 996 3116; x_wconf 92' lang='lat' dir='ltr'><strong>aliter</strong></span> <span class='ocrx_word' id='word_1_171' title='bbox 1017 3054 1049 3116; x_wconf 93' lang='lat' dir='ltr'><strong>in</strong></span> <span class='ocrx_word' id='word_1_172' title='bbox 1071 3055 1245 3133; x_wconf 88' lang='lat' dir='ltr'><strong>praemissis</strong></span> <span class='ocrx_word' id='word_1_173' title='bbox 1265 3071 1321 3134; x_wconf 89' lang='lat' dir='ltr'><strong>per·</strong></span> 
     </span>
     <span class='ocr_line' id='line_1_33' title="bbox 577 3147 1322 3230; baseline -0.005 -18"><span class='ocrx_word' id='word_1_174' title='bbox 577 3165 789 3230; x_wconf 89' lang='lat' dir='ltr'><strong>quoscumque</strong></span> <span class='ocrx_word' id='word_1_175' title='bbox 816 3148 931 3212; x_wconf 90' lang='lat' dir='ltr'><strong>iudices</strong></span> <span class='ocrx_word' id='word_1_176' title='bbox 958 3148 1128 3210; x_wconf 90' lang='lat' dir='ltr'><strong>ordinarios</strong></span> <span class='ocrx_word' id='word_1_177' title='bbox 1149 3153 1180 3209; x_wconf 90' lang='lat' dir='ltr'><strong>et</strong></span> <span class='ocrx_word' id='word_1_178' title='bbox 1201 3147 1322 3226; x_wconf 88' lang='lat' dir='ltr'><strong>delega-</strong></span> 
     </span>
     <span class='ocr_line' id='line_1_34' title="bbox 578 3239 1321 3320; baseline -0.008 -13"><span class='ocrx_word' id='word_1_179' title='bbox 578 3251 638 3318; x_wconf 84' lang='grc'>111,</span> <span class='ocrx_word' id='word_1_180' title='bbox 660 3243 753 3305; x_wconf 89' lang='lat' dir='ltr'><strong>etiam</strong></span> <span class='ocrx_word' id='word_1_181' title='bbox 778 3257 938 3304; x_wconf 91' lang='lat' dir='ltr'><strong>causarum</strong></span> <span class='ocrx_word' id='word_1_182' title='bbox 963 3239 1065 3320; x_wconf 89' lang='lat' dir='ltr'><strong>palatii</strong></span> <span class='ocrx_word' id='word_1_183' title='bbox 1089 3241 1245 3320; x_wconf 91' lang='lat' dir='ltr'><strong>apostolici</strong></span> <span class='ocrx_word' id='word_1_184' title='bbox 1269 3259 1321 3302; x_wconf 92' lang='lat' dir='ltr'><strong>au-</strong></span> 
     </span>
     <span class='ocr_line' id='line_1_35' title="bbox 578 3334 1320 3411; baseline -0.004 -11"><span class='ocrx_word' id='word_1_185' title='bbox 578 3339 702 3411; x_wconf 87' lang='lat' dir='ltr'><strong>ditores,</strong></span> <span class='ocrx_word' id='word_1_186' title='bbox 724 3353 757 3398; x_wconf 90' lang='lat' dir='ltr'><strong>ac</strong></span> <span class='ocrx_word' id='word_1_187' title='bbox 787 3335 963 3398; x_wconf 84' lang='lat' dir='ltr'><strong>Cardinales</strong></span> <span class='ocrx_word' id='word_1_188' title='bbox 984 3341 1014 3396; x_wconf 92' lang='lat' dir='ltr'><strong>et</strong></span> <span class='ocrx_word' id='word_1_189' title='bbox 1036 3334 1175 3410; x_wconf 82' lang='lat' dir='ltr'><strong>Legatos,</strong></span> <span class='ocrx_word' id='word_1_190' title='bbox 1198 3351 1320 3398; x_wconf 89' lang='lat' dir='ltr'><strong>necnon</strong></span> 
     </span>
     <span class='ocr_line' id='line_1_36' title="bbox 578 3428 1321 3506; baseline -0.005 -14"><span class='ocrx_word' id='word_1_191' title='bbox 578 3429 711 3493; x_wconf 84' lang='lat' dir='ltr'><strong>Nuntios</strong></span> <span class='ocrx_word' id='word_1_192' title='bbox 732 3436 763 3491; x_wconf 94' lang='lat' dir='ltr'><strong>et</strong></span> <span class='ocrx_word' id='word_1_193' title='bbox 783 3429 857 3490; x_wconf 91' lang='lat' dir='ltr'><strong>alios</strong></span> <span class='ocrx_word' id='word_1_194' title='bbox 878 3428 1090 3506; x_wconf 89' lang='lat' dir='ltr'><strong>praescriptos,</strong></span> <span class='ocrx_word' id='word_1_195' title='bbox 1113 3443 1197 3489; x_wconf 91' lang='lat' dir='ltr'><strong>nunc</strong></span> <span class='ocrx_word' id='word_1_196' title='bbox 1218 3433 1249 3488; x_wconf 93' lang='lat' dir='ltr'><strong>et</strong></span> <span class='ocrx_word' id='word_1_197' title='bbox 1266 3443 1321 3506; x_wconf 90' lang='lat' dir='ltr'><strong>pro</strong></span> 
     </span>
     <span class='ocr_line' id='line_1_37' title="bbox 577 3520 1320 3603; baseline -0.007 -15"><span class='ocrx_word' id='word_1_198' title='bbox 577 3533 718 3603; x_wconf 92' lang='lat' dir='ltr'><strong>tempore</strong></span> <span class='ocrx_word' id='word_1_199' title='bbox 742 3523 923 3596; x_wconf 84' lang='lat' dir='ltr'><strong>existentes,</strong></span> <span class='ocrx_word' id='word_1_200' title='bbox 951 3520 1069 3584; x_wconf 82' lang='lat' dir='ltr'><strong>sublate</strong></span> <span class='ocrx_word' id='word_1_201' title='bbox 1090 3522 1204 3600; x_wconf 90' lang='lat' dir='ltr'><strong>pariter</strong></span> <span class='ocrx_word' id='word_1_202' title='bbox 1224 3522 1268 3583; x_wconf 89' lang='lat' dir='ltr'><strong>eis</strong></span> <span class='ocrx_word' id='word_1_203' title='bbox 1288 3530 1320 3584; x_wconf 90' lang='lat' dir='ltr'><strong>et</strong></span> 
     </span>
     <span class='ocr_line' id='line_1_38' title="bbox 577 3615 1321 3695; baseline -0.004 -14"><span class='ocrx_word' id='word_1_204' title='bbox 577 3634 687 3681; x_wconf 91' lang='lat' dir='ltr'><strong>eorum</strong></span> <span class='ocrx_word' id='word_1_205' title='bbox 717 3617 844 3680; x_wconf 86' lang='lat' dir='ltr'><strong>cuilibet</strong></span> <span class='ocrx_word' id='word_1_206' title='bbox 869 3615 977 3695; x_wconf 84' lang='lat' dir='ltr'><strong>quavis</strong></span> <span class='ocrx_word' id='word_1_207' title='bbox 1004 3615 1094 3677; x_wconf 88' lang='lat' dir='ltr'><strong>aliter</strong></span> <span class='ocrx_word' id='word_1_208' title='bbox 1115 3615 1268 3677; x_wconf 90' lang='lat' dir='ltr'><strong>iudicandi</strong></span> <span class='ocrx_word' id='word_1_209' title='bbox 1290 3624 1321 3678; x_wconf 91' lang='lat' dir='ltr'><strong>et</strong></span> 
     </span>
     <span class='ocr_line' id='line_1_39' title="bbox 576 3707 1320 3789; baseline -0.007 -16"><span class='ocrx_word' id='word_1_210' title='bbox 576 3709 802 3789; x_wconf 91' lang='lat' dir='ltr'><strong>interpretandi</strong></span> <span class='ocrx_word' id='word_1_211' title='bbox 822 3709 965 3772; x_wconf 80' lang='lat' dir='ltr'><strong>facultate</strong></span> <span class='ocrx_word' id='word_1_212' title='bbox 985 3715 1017 3770; x_wconf 93' lang='lat' dir='ltr'><strong>et</strong></span> <span class='ocrx_word' id='word_1_213' title='bbox 1033 3708 1226 3782; x_wconf 85' lang='lat' dir='ltr'><strong>auctoritate,</strong></span> <span class='ocrx_word' id='word_1_214' title='bbox 1243 3707 1320 3771; x_wconf 90' lang='lat' dir='ltr'><strong>iudi-</strong></span> 
     </span>
     <span class='ocr_line' id='line_1_40' title="bbox 576 3801 1319 3878; baseline -0.004 -12"><span class='ocrx_word' id='word_1_215' title='bbox 576 3805 638 3866; x_wconf 90' lang='lat' dir='ltr'><strong>cari</strong></span> <span class='ocrx_word' id='word_1_216' title='bbox 653 3811 683 3865; x_wconf 94' lang='lat' dir='ltr'><strong>et</strong></span> <span class='ocrx_word' id='word_1_217' title='bbox 698 3803 821 3866; x_wconf 83' lang='lat' dir='ltr'><strong>definiri</strong></span> <span class='ocrx_word' id='word_1_218' title='bbox 843 3803 965 3878; x_wconf 89' lang='lat' dir='ltr'><strong>debere,</strong></span> <span class='ocrx_word' id='word_1_219' title='bbox 981 3819 1014 3864; x_wconf 92' lang='lat' dir='ltr'><strong>ac</strong></span> <span class='ocrx_word' id='word_1_220' title='bbox 1029 3801 1152 3862; x_wconf 91' lang='lat' dir='ltr'><strong>irritum</strong></span> <span class='ocrx_word' id='word_1_221' title='bbox 1169 3809 1199 3862; x_wconf 90' lang='lat' dir='ltr'><strong>et</strong></span> <span class='ocrx_word' id='word_1_222' title='bbox 1215 3801 1319 3878; x_wconf 91' lang='lat' dir='ltr'><strong>inane,</strong></span> 
     </span>
     <span class='ocr_line' id='line_1_41' title="bbox 576 3895 1321 3974; baseline -0.003 -16"><span class='ocrx_word' id='word_1_223' title='bbox 576 3897 601 3958; x_wconf 91' lang='lat' dir='ltr'><strong>si</strong></span> <span class='ocrx_word' id='word_1_224' title='bbox 621 3913 708 3959; x_wconf 90' lang='lat' dir='ltr'><strong>secus</strong></span> <span class='ocrx_word' id='word_1_225' title='bbox 728 3895 888 3974; x_wconf 90' lang='lat' dir='ltr'><strong>superbis</strong></span> <span class='ocrx_word' id='word_1_226' title='bbox 909 3913 925 3956; x_wconf 94' lang='lat' dir='ltr'><strong>a</strong></span> <span class='ocrx_word' id='word_1_227' title='bbox 945 3909 1112 3973; x_wconf 90' lang='lat' dir='ltr'><strong>quoquam,</strong></span> <span class='ocrx_word' id='word_1_228' title='bbox 1128 3895 1237 3973; x_wconf 84' lang='lat' dir='ltr'><strong>quavis</strong></span> <span class='ocrx_word' id='word_1_229' title='bbox 1251 3911 1321 3956; x_wconf 91' lang='lat' dir='ltr'><strong>auc-</strong></span> 
     </span>
     <span class='ocr_line' id='line_1_42' title="bbox 575 3987 1321 4065; baseline -0.003 -13"><span class='ocrx_word' id='word_1_230' title='bbox 575 3990 711 4064; x_wconf 91' lang='lat' dir='ltr'><strong>toritate,</strong></span> <span class='ocrx_word' id='word_1_231' title='bbox 734 3989 867 4052; x_wconf 89' lang='lat' dir='ltr'><strong>scienter</strong></span> <span class='ocrx_word' id='word_1_232' title='bbox 881 3987 931 4052; x_wconf 79' lang='lat' dir='ltr'><strong>rel</strong></span> <span class='ocrx_word' id='word_1_233' title='bbox 948 3987 1140 4064; x_wconf 90' lang='lat' dir='ltr'><strong>ignoranter,</strong></span> <span class='ocrx_word' id='word_1_234' title='bbox 1155 3989 1321 4065; x_wconf 89' lang='lat' dir='ltr'><strong>contigerit</strong></span> 
     </span>
     <span class='ocr_line' id='line_1_43' title="bbox 575 4085 732 4146; baseline -0.006 -2"><span class='ocrx_word' id='word_1_235' title='bbox 575 4085 732 4146; x_wconf 89' lang='lat' dir='ltr'><strong>attentari.</strong></span> 
     </span>
    </p>

    <p class='ocr_par' dir='ltr' id='par_1_12' title="bbox 576 4175 1322 5008">
     <span class='ocr_line' id='line_1_44' title="bbox 616 4175 1322 4256; baseline -0.007 -15"><span class='ocrx_word' id='word_1_236' title='bbox 616 4180 677 4256; x_wconf 77' lang='lat' dir='ltr'><strong>§tn</strong></span> <span class='ocrx_word' id='word_1_237' title='bbox 696 4175 764 4241; x_wconf 89' lang='lat' dir='ltr'><strong>Nou</strong></span> <span class='ocrx_word' id='word_1_238' title='bbox 780 4175 970 4240; x_wconf 85' lang='lat' dir='ltr'><strong>obstantibus</strong></span> <span class='ocrx_word' id='word_1_239' title='bbox 986 4175 1171 4254; x_wconf 73' lang='lat' dir='ltr'><strong>praemissis</strong></span> <span class='ocrx_word' id='word_1_240' title='bbox 1187 4192 1232 4250; x_wconf 89' lang='lat' dir='ltr'><strong>ac,</strong></span> <span class='ocrx_word' id='word_1_241' title='bbox 1249 4191 1322 4254; x_wconf 92' lang='lat' dir='ltr'><strong>qua-</strong></span> 
     </span>
     <span class='ocr_line' id='line_1_45' title="bbox 578 4268 1321 4351; baseline -0.011 -15"><span class='ocrx_word' id='word_1_242' title='bbox 578 4282 668 4336; x_wconf 88' lang='lat' dir='ltr'><strong>tenus</strong></span> <span class='ocrx_word' id='word_1_243' title='bbox 689 4287 764 4351; x_wconf 91' lang='lat' dir='ltr'><strong>opus</strong></span> <span class='ocrx_word' id='word_1_244' title='bbox 784 4272 835 4346; x_wconf 91' lang='lat' dir='ltr'><strong>sit,</strong></span> <span class='ocrx_word' id='word_1_245' title='bbox 856 4271 960 4332; x_wconf 78' lang='lat' dir='ltr'><strong>nostrt</strong></span> <span class='ocrx_word' id='word_1_246' title='bbox 975 4277 1005 4330; x_wconf 93' lang='lat' dir='ltr'><strong>et</strong></span> <span class='ocrx_word' id='word_1_247' title='bbox 1020 4268 1227 4331; x_wconf 88' lang='lat' dir='ltr'><strong>cancellariae</strong></span> <span class='ocrx_word' id='word_1_248' title='bbox 1241 4269 1321 4346; x_wconf 77' lang='lat' dir='ltr'><strong>Apo-</strong></span> 
     </span>
     <span class='ocr_line' id='line_1_46' title="bbox 576 4361 1320 4442; baseline -0.008 -14"><span class='ocrx_word' id='word_1_249' title='bbox 576 4367 700 4430; x_wconf 90' lang='lat' dir='ltr'><strong>stolicae</strong></span> <span class='ocrx_word' id='word_1_250' title='bbox 730 4365 836 4442; x_wconf 75' lang='lat' dir='ltr'><strong>regule</strong></span> <span class='ocrx_word' id='word_1_251' title='bbox 857 4366 894 4426; x_wconf 91' lang='lat' dir='ltr'><strong>de</strong></span> <span class='ocrx_word' id='word_1_252' title='bbox 915 4364 984 4424; x_wconf 93' lang='lat' dir='ltr'><strong>iure</strong></span> <span class='ocrx_word' id='word_1_253' title='bbox 1010 4363 1148 4440; x_wconf 87' lang='lat' dir='ltr'><strong>quaesito</strong></span> <span class='ocrx_word' id='word_1_254' title='bbox 1177 4377 1241 4423; x_wconf 93' lang='lat' dir='ltr'><strong>non</strong></span> <span class='ocrx_word' id='word_1_255' title='bbox 1265 4361 1320 4424; x_wconf 92' lang='lat' dir='ltr'><strong>tol-</strong></span> 
     </span>
     <span class='ocr_line' id='line_1_47' title="bbox 576 4455 1321 4538; baseline -0.009 -16"><span class='ocrx_word' id='word_1_256' title='bbox 576 4460 681 4536; x_wconf 92' lang='lat' dir='ltr'><strong>lendo,</strong></span> <span class='ocrx_word' id='word_1_257' title='bbox 703 4459 831 4538; x_wconf 88' lang='lat' dir='ltr'><strong>aliisque</strong></span> <span class='ocrx_word' id='word_1_258' title='bbox 855 4455 1127 4520; x_wconf 89' lang='lat' dir='ltr'><strong>constitutionibus</strong></span> <span class='ocrx_word' id='word_1_259' title='bbox 1147 4461 1178 4516; x_wconf 91' lang='lat' dir='ltr'><strong>et</strong></span> <span class='ocrx_word' id='word_1_260' title='bbox 1199 4455 1321 4518; x_wconf 89' lang='lat' dir='ltr'><strong>ordina-</strong></span> 
     </span>
     <span class='ocr_line' id='line_1_48' title="bbox 579 4549 1321 4632; baseline -0.005 -16"><span class='ocrx_word' id='word_1_261' title='bbox 579 4553 713 4618; x_wconf 91' lang='lat' dir='ltr'><strong>tionibus</strong></span> <span class='ocrx_word' id='word_1_262' title='bbox 744 4551 934 4632; x_wconf 89' lang='lat' dir='ltr'><strong>apostolicis,</strong></span> <span class='ocrx_word' id='word_1_263' title='bbox 966 4565 1087 4611; x_wconf 91' lang='lat' dir='ltr'><strong>necnon</strong></span> <span class='ocrx_word' id='word_1_264' title='bbox 1119 4549 1263 4612; x_wconf 92' lang='lat' dir='ltr'><strong>omuibus</strong></span> <span class='ocrx_word' id='word_1_265' title='bbox 1290 4559 1321 4612; x_wconf 92' lang='lat' dir='ltr'><strong>et</strong></span> 
     </span>
     <span class='ocr_line' id='line_1_49' title="bbox 576 4642 1322 4724; baseline -0.008 -14"><span class='ocrx_word' id='word_1_266' title='bbox 576 4647 708 4724; x_wconf 87' lang='lat' dir='ltr'><strong>singulis</strong></span> <span class='ocrx_word' id='word_1_267' title='bbox 730 4647 801 4721; x_wconf 92' lang='lat' dir='ltr'><strong>illis,</strong></span> <span class='ocrx_word' id='word_1_268' title='bbox 823 4663 901 4724; x_wconf 90' lang='lat' dir='ltr'><strong>quae</strong></span> <span class='ocrx_word' id='word_1_269' title='bbox 921 4645 954 4706; x_wconf 91' lang='lat' dir='ltr'><strong>in</strong></span> <span class='ocrx_word' id='word_1_270' title='bbox 976 4642 1173 4723; x_wconf 86' lang='lat' dir='ltr'><strong>praeinsertis</strong></span> <span class='ocrx_word' id='word_1_271' title='bbox 1190 4643 1322 4704; x_wconf 78' lang='lat' dir='ltr'><strong>bleran-</strong></span> 
     </span>
     <span class='ocr_line' id='line_1_50' title="bbox 577 4737 1321 4821; baseline -0.007 -18"><span class='ocrx_word' id='word_1_272' title='bbox 577 4741 624 4803; x_wconf 90' lang='lat' dir='ltr'><strong>dri</strong></span> <span class='ocrx_word' id='word_1_273' title='bbox 654 4739 893 4821; x_wconf 89' lang='lat' dir='ltr'><strong>praedecessoris</strong></span> <span class='ocrx_word' id='word_1_274' title='bbox 928 4737 1039 4799; x_wconf 91' lang='lat' dir='ltr'><strong>litteris</strong></span> <span class='ocrx_word' id='word_1_275' title='bbox 1074 4753 1214 4798; x_wconf 89' lang='lat' dir='ltr'><strong>concessa</strong></span> <span class='ocrx_word' id='word_1_276' title='bbox 1246 4743 1321 4799; x_wconf 93' lang='lat' dir='ltr'><strong>suut</strong></span> 
     </span>
     <span class='ocr_line' id='line_1_51' title="bbox 576 4831 1322 4911; baseline -0.009 -12"><span class='ocrx_word' id='word_1_277' title='bbox 576 4851 641 4899; x_wconf 90' lang='lat' dir='ltr'><strong>non</strong></span> <span class='ocrx_word' id='word_1_278' title='bbox 661 4837 793 4909; x_wconf 91' lang='lat' dir='ltr'><strong>obstare,</strong></span> <span class='ocrx_word' id='word_1_279' title='bbox 815 4833 987 4911; x_wconf 90' lang='lat' dir='ltr'><strong>ceterisque</strong></span> <span class='ocrx_word' id='word_1_280' title='bbox 1013 4831 1175 4893; x_wconf 88' lang='lat' dir='ltr'><strong>contrariis</strong></span> <span class='ocrx_word' id='word_1_281' title='bbox 1196 4831 1322 4909; x_wconf 91' lang='lat' dir='ltr'><strong>quibus-</strong></span> 
     </span>
     <span class='ocr_line' id='line_1_52' title="bbox 576 4945 720 5008; baseline -0.028 -15"><span class='ocrx_word' id='word_1_282' title='bbox 576 4945 720 5008; x_wconf 91' lang='lat' dir='ltr'><strong>cumque.</strong></span> 
     </span>
    </p>

    <p class='ocr_par' dir='ltr' id='par_1_13' title="bbox 576 5017 1321 5290">
     <span class='ocr_line' id='line_1_53' title="bbox 616 5017 1321 5100; baseline -0.011 -14"><span class='ocrx_word' id='word_1_283' title='bbox 616 5025 728 5086; x_wconf 86' lang='lat' dir='ltr'><strong>batum</strong></span> <span class='ocrx_word' id='word_1_284' title='bbox 755 5024 881 5096; x_wconf 84' lang='lat' dir='ltr'><strong>Romae,</strong></span> <span class='ocrx_word' id='word_1_285' title='bbox 911 5021 990 5100; x_wconf 89' lang='lat' dir='ltr'><strong>apud</strong></span> <span class='ocrx_word' id='word_1_286' title='bbox 1015 5018 1046 5082; x_wconf 89' lang='lat' dir='ltr'><strong>S.</strong></span> <span class='ocrx_word' id='word_1_287' title='bbox 1074 5017 1199 5082; x_wconf 87' lang='lat' dir='ltr'><strong>llariam</strong></span> <span class='ocrx_word' id='word_1_288' title='bbox 1229 5017 1321 5082; x_wconf 85' lang='lat' dir='ltr'><strong>Maio-</strong></span> 
     </span>
     <span class='ocr_line' id='line_1_54' title="bbox 576 5111 1318 5193; baseline -0.008 -13"><span class='ocrx_word' id='word_1_289' title='bbox 576 5133 655 5193; x_wconf 89' lang='lat' dir='ltr'><strong>rem,</strong></span> <span class='ocrx_word' id='word_1_290' title='bbox 676 5117 734 5180; x_wconf 90' lang='lat' dir='ltr'><strong>sub</strong></span> <span class='ocrx_word' id='word_1_291' title='bbox 758 5115 874 5178; x_wconf 92' lang='lat' dir='ltr'><strong>annulo</strong></span> <span class='ocrx_word' id='word_1_292' title='bbox 896 5113 1065 5187; x_wconf 89' lang='lat' dir='ltr'><strong>Piscatoris,</strong></span> <span class='ocrx_word' id='word_1_293' title='bbox 1089 5113 1137 5174; x_wconf 91' lang='lat' dir='ltr'><strong>die</strong></span> <span class='ocrx_word' id='word_1_294' title='bbox 1159 5127 1214 5172; x_wconf 87' lang='lat' dir='ltr'><strong>vn.</strong></span> <span class='ocrx_word' id='word_1_295' title='bbox 1240 5111 1318 5174; x_wconf 90' lang='lat' dir='ltr'><strong>iunii</strong></span> 
     </span>
     <span class='ocr_line' id='line_1_55' title="bbox 577 5205 1238 5290; baseline -0.011 -17"><span class='ocrx_word' id='word_1_296' title='bbox 577 5227 745 5286; x_wconf 82' lang='grc'>11111111,</span> <span class='ocrx_word' id='word_1_297' title='bbox 767 5207 963 5290; x_wconf 87' lang='lat' dir='ltr'><strong>pontificatus</strong></span> <span class='ocrx_word' id='word_1_298' title='bbox 983 5205 1081 5268; x_wconf 87' lang='lat' dir='ltr'><strong>nostri</strong></span> <span class='ocrx_word' id='word_1_299' title='bbox 1103 5221 1185 5268; x_wconf 90' lang='lat' dir='ltr'><strong>anno</strong></span> <span class='ocrx_word' id='word_1_300' title='bbox 1208 5221 1238 5266; x_wconf 89' lang='lat' dir='ltr'><strong>v.</strong></span> 
     </span>
    </p>
   </div>
   <div class='ocr_carea' id='block_1_11' title="bbox 827 5367 1065 5380">
    <p class='ocr_par' dir='ltr' id='par_1_14' title="bbox 827 5367 1065 5380">
     <span class='ocr_line' id='line_1_56' title="bbox 827 5367 1065 5380; baseline -0.013 0"><span class='ocrx_word' id='word_1_301' title='bbox 827 5367 1065 5380; x_wconf 66' lang='grc' dir='ltr'><strong>ιι-συι-ι--Ι</strong></span> 
     </span>
    </p>
   </div>
   <div class='ocr_carea' id='block_1_12' title="bbox 909 5495 986 5558">
    <p class='ocr_par' dir='ltr' id='par_1_15' title="bbox 909 5495 986 5558">
     <span class='ocr_line' id='line_1_57' title="bbox 909 5495 986 5558; baseline -0.052 0"><span class='ocrx_word' id='word_1_302' title='bbox 909 5495 986 5558; x_wconf 83' lang='lat' dir='ltr'><strong>xlii.</strong></span> 
     </span>
    </p>
   </div>
   <div class='ocr_carea' id='block_1_13' title="bbox 578 5677 1319 5843">
    <p class='ocr_par' dir='ltr' id='par_1_16' title="bbox 578 5677 1319 5843">
     <span class='ocr_line' id='line_1_58' title="bbox 578 5677 1319 5766; baseline -0.015 -17"><span class='ocrx_word' id='word_1_303' title='bbox 578 5687 754 5766; x_wconf 75' lang='lat' dir='ltr'><strong>Confirmet</strong></span> <span class='ocrx_word' id='word_1_304' title='bbox 776 5686 902 5748; x_wconf 84' lang='lat' dir='ltr'><strong>decreto</strong></span> <span class='ocrx_word' id='word_1_305' title='bbox 932 5680 1195 5763; x_wconf 70' lang='lat' dir='ltr'><strong>congregationis</strong></span> <span class='ocrx_word' id='word_1_306' title='bbox 1216 5677 1319 5755; x_wconf 85' lang='lat' dir='ltr'><strong>pcrti-</strong></span> 
     </span>
     <span class='ocr_line' id='line_1_59' title="bbox 617 5773 1319 5843; baseline -0.013 -2"><span class='ocrx_word' id='word_1_307' title='bbox 617 5781 740 5843; x_wconf 87' lang='lat' dir='ltr'><strong>culoris</strong></span> <span class='ocrx_word' id='word_1_308' title='bbox 767 5779 804 5840; x_wconf 86' lang='lat' dir='ltr'><strong>dc</strong></span> <span class='ocrx_word' id='word_1_309' title='bbox 825 5779 860 5840; x_wconf 90' lang='lat' dir='ltr'><strong>P.</strong></span> <span class='ocrx_word' id='word_1_310' title='bbox 889 5777 921 5840; x_wconf 81' lang='lat' dir='ltr'><strong>i&#39;.</strong></span> <span class='ocrx_word' id='word_1_311' title='bbox 945 5777 1032 5839; x_wconf 88' lang='lat' dir='ltr'><strong>circu</strong></span> <span class='ocrx_word' id='word_1_312' title='bbox 1060 5773 1319 5838; x_wconf 81' lang='lat' dir='ltr'><strong>iurisdictionem</strong></span> 
     </span>
    </p>
   </div>
   <div class='ocr_carea' id='block_1_14' title="bbox 1084 595 1594 646">
    <p class='ocr_par' dir='ltr' id='par_1_17' title="bbox 1084 595 1594 646">
     <span class='ocr_line' id='line_1_60' title="bbox 1084 595 1594 646; baseline -0.012 -2"><span class='ocrx_word' id='word_1_313' title='bbox 1084 601 1163 645; x_wconf 57' lang='lat' dir='ltr'><strong>&#39;Illic</strong></span> <span class='ocrx_word' id='word_1_314' title='bbox 1187 601 1278 646; x_wconf 74' lang='lat' dir='ltr'><strong>rehu.</strong></span> <span class='ocrx_word' id='word_1_315' title='bbox 1302 599 1342 644; x_wconf 80' lang='lat' dir='ltr'><strong>hu</strong></span> <span class='ocrx_word' id='word_1_316' title='bbox 1363 600 1393 644; x_wconf 82' lang='lat' dir='ltr'><strong>P.</strong></span> <span class='ocrx_word' id='word_1_317' title='bbox 1416 599 1445 644; x_wconf 75' lang='lat' dir='ltr'><strong>F.</strong></span> <span class='ocrx_word' id='word_1_318' title='bbox 1469 597 1551 644; x_wconf 74' lang='lat' dir='ltr'><strong>PARS</strong></span> <span class='ocrx_word' id='word_1_319' title='bbox 1573 595 1594 640; x_wconf 93' lang='lat'><strong>1.</strong></span> 
     </span>
    </p>
   </div>
   <div class='ocr_carea' id='block_1_15' title="bbox 1414 707 2121 887">
    <p class='ocr_par' dir='ltr' id='par_1_18' title="bbox 1414 707 2121 887">
     <span class='ocr_line' id='line_1_61' title="bbox 1414 707 2121 790; baseline -0.007 -13"><span class='ocrx_word' id='word_1_320' title='bbox 1414 715 1613 778; x_wconf 75' lang='lat' dir='ltr'><strong>vicariorum</strong></span> <span class='ocrx_word' id='word_1_321' title='bbox 1639 713 1675 774; x_wconf 86' lang='lat' dir='ltr'><strong>iu</strong></span> <span class='ocrx_word' id='word_1_322' title='bbox 1701 707 1821 789; x_wconf 70' lang='lat' dir='ltr'><strong>duplici</strong></span> <span class='ocrx_word' id='word_1_323' title='bbox 1848 714 1964 772; x_wconf 81' lang='lat' dir='ltr'><strong>contro</strong></span> <span class='ocrx_word' id='word_1_324' title='bbox 1992 707 2121 790; x_wconf 77' lang='lat' dir='ltr'><strong>reputo-</strong></span> 
     </span>
     <span class='ocr_line' id='line_1_62' title="bbox 1415 807 1540 887; baseline -0.024 -17"><span class='ocrx_word' id='word_1_325' title='bbox 1415 825 1464 870; x_wconf 85' lang='lat' dir='ltr'><strong>res</strong></span> <span class='ocrx_word' id='word_1_326' title='bbox 1485 807 1540 887; x_wconf 91' lang='lat' dir='ltr'><strong>(l).</strong></span> 
     </span>
    </p>
   </div>
   <div class='ocr_carea' id='block_1_16' title="bbox 1518 973 1979 1168">
    <p class='ocr_par' dir='ltr' id='par_1_19' title="bbox 1518 973 1979 1168">
     <span class='ocr_line' id='line_1_63' title="bbox 1545 973 1951 1046; baseline -0.017 0"><span class='ocrx_word' id='word_1_327' title='bbox 1545 974 1798 1046; x_wconf 74' lang='lat' dir='ltr'><strong>tuuocfiuttus</strong></span> <span class='ocrx_word' id='word_1_328' title='bbox 1814 975 1874 1042; x_wconf 90' lang='grc' dir='ltr'><strong>ΡΡ.</strong></span> <span class='ocrx_word' id='word_1_329' title='bbox 1893 973 1951 1040; x_wconf 91' lang='lat' dir='ltr'><strong>ltii.</strong></span> 
     </span>
     <span class='ocr_line' id='line_1_64' title="bbox 1518 1097 1979 1168; baseline -0.007 -1"><span class='ocrx_word' id='word_1_330' title='bbox 1518 1097 1979 1168; x_wconf 60' lang='lat' dir='ltr'><strong>mmmmmmm</strong></span> 
     </span>
    </p>
   </div>
   <div class='ocr_carea' id='block_1_17' title="bbox 1375 1463 2126 4348">
    <p class='ocr_par' dir='ltr' id='par_1_20' title="bbox 1375 1463 2124 2384">
     <span class='ocr_line' id='line_1_65' title="bbox 1375 1463 2122 1541; baseline -0.003 -15"><span class='ocrx_word' id='word_1_331' title='bbox 1375 1466 1446 1528; x_wconf 86' lang='lat' dir='ltr'><strong>stris</strong></span> <span class='ocrx_word' id='word_1_332' title='bbox 1468 1465 1498 1530; x_wconf 88' lang='lat' dir='ltr'><strong>S.</strong></span> <span class='ocrx_word' id='word_1_333' title='bbox 1516 1465 1551 1527; x_wconf 86' lang='lat' dir='ltr'><strong>R.</strong></span> <span class='ocrx_word' id='word_1_334' title='bbox 1570 1467 1604 1528; x_wconf 85' lang='grc' dir='ltr'><strong>Ε.</strong></span> <span class='ocrx_word' id='word_1_335' title='bbox 1628 1466 1840 1530; x_wconf 76' lang='lat' dir='ltr'><strong>cardinalibus</strong></span> <span class='ocrx_word' id='word_1_336' title='bbox 1863 1463 2122 1541; x_wconf 90' lang='lat' dir='ltr'><strong>congregationis</strong></span> 
     </span>
     <span class='ocr_line' id='line_1_66' title="bbox 1377 1557 2123 1637; baseline -0.001 -18"><span class='ocrx_word' id='word_1_337' title='bbox 1377 1559 1589 1636; x_wconf 86' lang='lat' dir='ltr'><strong>Propagaudae</strong></span> <span class='ocrx_word' id='word_1_338' title='bbox 1610 1559 1695 1622; x_wconf 81' lang='lat' dir='ltr'><strong>nicet</strong></span> <span class='ocrx_word' id='word_1_339' title='bbox 1717 1560 1849 1636; x_wconf 91' lang='lat' dir='ltr'><strong>negotiis</strong></span> <span class='ocrx_word' id='word_1_340' title='bbox 1869 1557 2056 1637; x_wconf 88' lang='lat' dir='ltr'><strong>praepositae</strong></span> <span class='ocrx_word' id='word_1_341' title='bbox 2071 1571 2123 1618; x_wconf 86' lang='lat' dir='ltr'><strong>su·</strong></span> 
     </span>
     <span class='ocr_line' id='line_1_67' title="bbox 1376 1649 2123 1731; baseline -0.001 -17"><span class='ocrx_word' id='word_1_342' title='bbox 1376 1667 1430 1731; x_wconf 86' lang='lat' dir='ltr'><strong>per</strong></span> <span class='ocrx_word' id='word_1_343' title='bbox 1452 1653 1543 1714; x_wconf 88' lang='lat' dir='ltr'><strong>rebus</strong></span> <span class='ocrx_word' id='word_1_344' title='bbox 1564 1651 1693 1729; x_wconf 81' lang='lat' dir='ltr'><strong>tngtiae</strong></span> <span class='ocrx_word' id='word_1_345' title='bbox 1707 1669 1723 1714; x_wconf 92' lang='lat' dir='ltr'><strong>a</strong></span> <span class='ocrx_word' id='word_1_346' title='bbox 1738 1653 1827 1715; x_wconf 90' lang='lat' dir='ltr'><strong>nobis</strong></span> <span class='ocrx_word' id='word_1_347' title='bbox 1840 1651 2011 1731; x_wconf 87' lang='lat' dir='ltr'><strong>specialiter</strong></span> <span class='ocrx_word' id='word_1_348' title='bbox 2025 1649 2123 1728; x_wconf 86' lang='lat' dir='ltr'><strong>depu-</strong></span> 
     </span>
     <span class='ocr_line' id='line_1_68' title="bbox 1376 1743 2122 1826; baseline -0.004 -18"><span class='ocrx_word' id='word_1_349' title='bbox 1376 1747 1436 1808; x_wconf 81' lang='grc'>1111</span> <span class='ocrx_word' id='word_1_350' title='bbox 1457 1754 1642 1809; x_wconf 90' lang='lat' dir='ltr'><strong>emanarunt</strong></span> <span class='ocrx_word' id='word_1_351' title='bbox 1662 1763 1755 1826; x_wconf 89' lang='lat' dir='ltr'><strong>super</strong></span> <span class='ocrx_word' id='word_1_352' title='bbox 1769 1745 1952 1826; x_wconf 87' lang='lat' dir='ltr'><strong>quibusdam</strong></span> <span class='ocrx_word' id='word_1_353' title='bbox 1966 1743 2122 1806; x_wconf 87' lang='lat' dir='ltr'><strong>instantiis</strong></span> 
     </span>
     <span class='ocr_line' id='line_1_69' title="bbox 1376 1839 2122 1918; baseline -0.001 -17"><span class='ocrx_word' id='word_1_354' title='bbox 1376 1856 1431 1917; x_wconf 92' lang='lat' dir='ltr'><strong>pro</strong></span> <span class='ocrx_word' id='word_1_355' title='bbox 1452 1847 1537 1918; x_wconf 91' lang='lat' dir='ltr'><strong>parte</strong></span> <span class='ocrx_word' id='word_1_356' title='bbox 1558 1839 1743 1902; x_wconf 90' lang='lat' dir='ltr'><strong>dilectorum</strong></span> <span class='ocrx_word' id='word_1_357' title='bbox 1774 1840 1911 1901; x_wconf 86' lang='lat' dir='ltr'><strong>tiliorum</strong></span> <span class='ocrx_word' id='word_1_358' title='bbox 1932 1839 2122 1901; x_wconf 86' lang='lat' dir='ltr'><strong>vicariorum</strong></span> 
     </span>
     <span class='ocr_line' id='line_1_70' title="bbox 1375 1931 2120 2010; baseline -0.001 -16"><span class='ocrx_word' id='word_1_359' title='bbox 1375 1933 1613 2010; x_wconf 92' lang='lat' dir='ltr'><strong>apostolicorum</strong></span> <span class='ocrx_word' id='word_1_360' title='bbox 1643 1933 1733 2010; x_wconf 91' lang='lat' dir='ltr'><strong>regni</strong></span> <span class='ocrx_word' id='word_1_361' title='bbox 1762 1932 1890 2009; x_wconf 90' lang='lat' dir='ltr'><strong>llngliae</strong></span> <span class='ocrx_word' id='word_1_362' title='bbox 1913 1931 2001 1993; x_wconf 92' lang='lat' dir='ltr'><strong>nobis</strong></span> <span class='ocrx_word' id='word_1_363' title='bbox 2021 1931 2120 2006; x_wconf 89' lang='lat' dir='ltr'><strong>lactis,</strong></span> 
     </span>
     <span class='ocr_line' id='line_1_71' title="bbox 1376 2023 2121 2104; baseline 0 -18"><span class='ocrx_word' id='word_1_364' title='bbox 1376 2040 1450 2102; x_wconf 90' lang='lat' dir='ltr'><strong>quas</strong></span> <span class='ocrx_word' id='word_1_365' title='bbox 1472 2026 1533 2088; x_wconf 82' lang='lat' dir='ltr'><strong>unt</strong></span> <span class='ocrx_word' id='word_1_366' title='bbox 1554 2042 1625 2088; x_wconf 94' lang='lat' dir='ltr'><strong>cum</strong></span> <span class='ocrx_word' id='word_1_367' title='bbox 1645 2025 1834 2104; x_wconf 89' lang='lat' dir='ltr'><strong>supplicibus</strong></span> <span class='ocrx_word' id='word_1_368' title='bbox 1855 2023 1967 2087; x_wconf 89' lang='lat' dir='ltr'><strong>libellis</strong></span> <span class='ocrx_word' id='word_1_369' title='bbox 1988 2023 2121 2102; x_wconf 87' lang='lat' dir='ltr'><strong>desuper</strong></span> 
     </span>
     <span class='ocr_line' id='line_1_72' title="bbox 1376 2117 2121 2200; baseline 0 -20"><span class='ocrx_word' id='word_1_370' title='bbox 1376 2121 1463 2181; x_wconf 90' lang='lat' dir='ltr'><strong>nobis</strong></span> <span class='ocrx_word' id='word_1_371' title='bbox 1494 2122 1642 2200; x_wconf 90' lang='lat' dir='ltr'><strong>porrectis</strong></span> <span class='ocrx_word' id='word_1_372' title='bbox 1669 2121 1704 2182; x_wconf 90' lang='lat' dir='ltr'><strong>ad</strong></span> <span class='ocrx_word' id='word_1_373' title='bbox 1733 2121 1873 2182; x_wconf 90' lang='lat' dir='ltr'><strong>eamdem</strong></span> <span class='ocrx_word' id='word_1_374' title='bbox 1904 2117 2121 2198; x_wconf 87' lang='lat' dir='ltr'><strong>particularem</strong></span> 
     </span>
     <span class='ocr_line' id='line_1_73' title="bbox 1375 2213 2124 2289; baseline -0.007 -11"><span class='ocrx_word' id='word_1_375' title='bbox 1375 2213 1656 2289; x_wconf 81' lang='lat' dir='ltr'><strong>Congregationem</strong></span> <span class='ocrx_word' id='word_1_376' title='bbox 1681 2213 1870 2288; x_wconf 86' lang='lat' dir='ltr'><strong>remisimus,</strong></span> <span class='ocrx_word' id='word_1_377' title='bbox 1892 2214 2013 2275; x_wconf 90' lang='lat' dir='ltr'><strong>decreta</strong></span> <span class='ocrx_word' id='word_1_378' title='bbox 2036 2219 2124 2274; x_wconf 89' lang='lat' dir='ltr'><strong>teno-</strong></span> 
     </span>
     <span class='ocr_line' id='line_1_74' title="bbox 1375 2307 1840 2384; baseline 0 -18"><span class='ocrx_word' id='word_1_379' title='bbox 1375 2307 1416 2366; x_wconf 91' lang='lat' dir='ltr'><strong>ris</strong></span> <span class='ocrx_word' id='word_1_380' title='bbox 1438 2307 1492 2383; x_wconf 93' lang='lat' dir='ltr'><strong>qui</strong></span> <span class='ocrx_word' id='word_1_381' title='bbox 1509 2307 1661 2384; x_wconf 92' lang='lat' dir='ltr'><strong>sequitur,</strong></span> <span class='ocrx_word' id='word_1_382' title='bbox 1681 2307 1840 2369; x_wconf 87' lang='lat' dir='ltr'><strong>videlicet:</strong></span> 
     </span>
    </p>

    <p class='ocr_par' dir='ltr' id='par_1_21' title="bbox 1375 2397 2121 2557">
     <span class='ocr_line' id='line_1_75' title="bbox 1417 2397 2121 2479; baseline 0.001 -18"><span class='ocrx_word' id='word_1_383' title='bbox 1417 2401 1574 2463; x_wconf 76' lang='lat' dir='ltr'><strong>«Decreta</strong></span> <span class='ocrx_word' id='word_1_384' title='bbox 1595 2400 1628 2464; x_wconf 92' lang='lat' dir='ltr'><strong>S.</strong></span> <span class='ocrx_word' id='word_1_385' title='bbox 1645 2401 1757 2477; x_wconf 82' lang='lat' dir='ltr'><strong>congr.</strong></span> <span class='ocrx_word' id='word_1_386' title='bbox 1774 2398 1965 2479; x_wconf 92' lang='lat' dir='ltr'><strong>particularis</strong></span> <span class='ocrx_word' id='word_1_387' title='bbox 1979 2397 2017 2460; x_wconf 89' lang='lat' dir='ltr'><strong>de</strong></span> <span class='ocrx_word' id='word_1_388' title='bbox 2031 2397 2121 2478; x_wconf 88' lang='lat' dir='ltr'><strong>Prep.</strong></span> 
     </span>
     <span class='ocr_line' id='line_1_76' title="bbox 1375 2493 2038 2557; baseline -0.009 -1"><span class='ocrx_word' id='word_1_389' title='bbox 1375 2494 1449 2556; x_wconf 83' lang='lat' dir='ltr'><strong>Fide</strong></span> <span class='ocrx_word' id='word_1_390' title='bbox 1469 2494 1590 2557; x_wconf 92' lang='lat' dir='ltr'><strong>habitae</strong></span> <span class='ocrx_word' id='word_1_391' title='bbox 1611 2494 1660 2556; x_wconf 88' lang='lat' dir='ltr'><strong>die</strong></span> <span class='ocrx_word' id='word_1_392' title='bbox 1680 2511 1721 2555; x_wconf 82' lang='lat' dir='ltr'><strong>vr.</strong></span> <span class='ocrx_word' id='word_1_393' title='bbox 1746 2493 1878 2556; x_wconf 92' lang='lat' dir='ltr'><strong>octobris</strong></span> <span class='ocrx_word' id='word_1_394' title='bbox 1899 2509 2038 2556; x_wconf 84' lang='lat' dir='ltr'><strong>uncucv.</strong></span> 
     </span>
    </p>

    <p class='ocr_par' dir='ltr' id='par_1_22' title="bbox 1375 2585 2126 4348">
     <span class='ocr_line' id='line_1_77' title="bbox 1414 2585 2123 2665; baseline 0 -17"><span class='ocrx_word' id='word_1_395' title='bbox 1414 2587 1561 2650; x_wconf 75' lang='lat' dir='ltr'><strong>«Relatis</strong></span> <span class='ocrx_word' id='word_1_396' title='bbox 1582 2589 1614 2650; x_wconf 95' lang='lat' dir='ltr'><strong>in</strong></span> <span class='ocrx_word' id='word_1_397' title='bbox 1641 2589 1889 2665; x_wconf 73' lang='lat' dir='ltr'><strong>congregatione</strong></span> <span class='ocrx_word' id='word_1_398' title='bbox 1913 2585 2123 2648; x_wconf 89' lang='lat' dir='ltr'><strong>eminentissi-</strong></span> 
     </span>
     <span class='ocr_line' id='line_1_78' title="bbox 1376 2679 2123 2744; baseline -0.003 -1"><span class='ocrx_word' id='word_1_399' title='bbox 1376 2697 1499 2744; x_wconf 90' lang='lat' dir='ltr'><strong>morum</strong></span> <span class='ocrx_word' id='word_1_400' title='bbox 1530 2681 1729 2743; x_wconf 89' lang='lat' dir='ltr'><strong>dominorum</strong></span> <span class='ocrx_word' id='word_1_401' title='bbox 1759 2679 1969 2743; x_wconf 74' lang='lat' dir='ltr'><strong>cardinalium</strong></span> <span class='ocrx_word' id='word_1_402' title='bbox 1990 2681 2029 2742; x_wconf 90' lang='lat' dir='ltr'><strong>de</strong></span> <span class='ocrx_word' id='word_1_403' title='bbox 2051 2679 2123 2741; x_wconf 89' lang='lat' dir='ltr'><strong>Pro·</strong></span> 
     </span>
     <span class='ocr_line' id='line_1_79' title="bbox 1376 2773 2123 2854; baseline 0 -20"><span class='ocrx_word' id='word_1_404' title='bbox 1376 2775 1511 2854; x_wconf 81' lang='lat' dir='ltr'><strong>pagandai</strong></span> <span class='ocrx_word' id='word_1_405' title='bbox 1532 2775 1606 2837; x_wconf 82' lang='lat' dir='ltr'><strong>Fide</strong></span> <span class='ocrx_word' id='word_1_406' title='bbox 1625 2790 1719 2852; x_wconf 90' lang='lat' dir='ltr'><strong>super</strong></span> <span class='ocrx_word' id='word_1_407' title='bbox 1746 2773 1838 2836; x_wconf 92' lang='lat' dir='ltr'><strong>rebus</strong></span> <span class='ocrx_word' id='word_1_408' title='bbox 1859 2773 1989 2850; x_wconf 81' lang='lat' dir='ltr'><strong>Angliae</strong></span> <span class='ocrx_word' id='word_1_409' title='bbox 2009 2773 2123 2852; x_wconf 91' lang='lat' dir='ltr'><strong>specia-</strong></span> 
     </span>
     <span class='ocr_line' id='line_1_80' title="bbox 1375 2862 2123 2947; baseline 0.004 -18"><span class='ocrx_word' id='word_1_410' title='bbox 1375 2868 1448 2930; x_wconf 92' lang='lat' dir='ltr'><strong>liter</strong></span> <span class='ocrx_word' id='word_1_411' title='bbox 1472 2885 1488 2929; x_wconf 92' lang='lat' dir='ltr'><strong>a</strong></span> <span class='ocrx_word' id='word_1_412' title='bbox 1517 2868 1571 2932; x_wconf 88' lang='lat' dir='ltr'><strong>SS.</strong></span> <span class='ocrx_word' id='word_1_413' title='bbox 1600 2869 1634 2930; x_wconf 88' lang='lat' dir='ltr'><strong>D.</strong></span> <span class='ocrx_word' id='word_1_414' title='bbox 1662 2867 1700 2929; x_wconf 91' lang='lat' dir='ltr'><strong>N.</strong></span> <span class='ocrx_word' id='word_1_415' title='bbox 1725 2862 1906 2930; x_wconf 85' lang='lat' dir='ltr'><strong>innocentio</strong></span> <span class='ocrx_word' id='word_1_416' title='bbox 1934 2868 1999 2931; x_wconf 85' lang='lat' dir='ltr'><strong>llll.</strong></span> <span class='ocrx_word' id='word_1_417' title='bbox 2028 2869 2123 2947; x_wconf 91' lang='lat' dir='ltr'><strong>depu·</strong></span> 
     </span>
     <span class='ocr_line' id='line_1_81' title="bbox 1377 2960 2124 3026; baseline 0 -2"><span class='ocrx_word' id='word_1_418' title='bbox 1377 2971 1512 3024; x_wconf 92' lang='lat' dir='ltr'><strong>tatorum</strong></span> <span class='ocrx_word' id='word_1_419' title='bbox 1537 2962 1692 3024; x_wconf 87' lang='lat' dir='ltr'><strong>instantiis</strong></span> <span class='ocrx_word' id='word_1_420' title='bbox 1719 2961 1879 3026; x_wconf 82' lang='lat' dir='ltr'><strong>sanctitati</strong></span> <span class='ocrx_word' id='word_1_421' title='bbox 1900 2960 1980 3024; x_wconf 87' lang='lat' dir='ltr'><strong>Suae</strong></span> <span class='ocrx_word' id='word_1_422' title='bbox 1999 2961 2087 3024; x_wconf 85' lang='lat' dir='ltr'><strong>factis</strong></span> <span class='ocrx_word' id='word_1_423' title='bbox 2108 2979 2124 3023; x_wconf 91' lang='lat' dir='ltr'><strong>a</strong></span> 
     </span>
     <span class='ocr_line' id='line_1_82' title="bbox 1376 3054 2126 3133; baseline -0.001 -15"><span class='ocrx_word' id='word_1_424' title='bbox 1376 3055 1503 3118; x_wconf 70' lang='lat' dir='ltr'><strong>vicariis</strong></span> <span class='ocrx_word' id='word_1_425' title='bbox 1525 3055 1707 3133; x_wconf 76' lang='lat' dir='ltr'><strong>Apostolicis</strong></span> <span class='ocrx_word' id='word_1_426' title='bbox 1720 3054 1850 3132; x_wconf 82' lang='lat' dir='ltr'><strong>Angliae</strong></span> <span class='ocrx_word' id='word_1_427' title='bbox 1865 3055 1898 3116; x_wconf 94' lang='lat' dir='ltr'><strong>iu</strong></span> <span class='ocrx_word' id='word_1_428' title='bbox 1912 3069 2023 3117; x_wconf 89' lang='lat' dir='ltr'><strong>eorum</strong></span> <span class='ocrx_word' id='word_1_429' title='bbox 2037 3054 2126 3117; x_wconf 90' lang='lat' dir='ltr'><strong>libel-</strong></span> 
     </span>
     <span class='ocr_line' id='line_1_83' title="bbox 1377 3147 2121 3226; baseline 0 -16"><span class='ocrx_word' id='word_1_430' title='bbox 1377 3149 1413 3210; x_wconf 93' lang='lat' dir='ltr'><strong>lis</strong></span> <span class='ocrx_word' id='word_1_431' title='bbox 1433 3147 1623 3226; x_wconf 89' lang='lat' dir='ltr'><strong>supplicibus</strong></span> <span class='ocrx_word' id='word_1_432' title='bbox 1645 3148 1760 3210; x_wconf 92' lang='lat' dir='ltr'><strong>tenoris</strong></span> <span class='ocrx_word' id='word_1_433' title='bbox 1774 3147 1944 3225; x_wconf 90' lang='lat' dir='ltr'><strong>sequentis,</strong></span> <span class='ocrx_word' id='word_1_434' title='bbox 1961 3147 2121 3210; x_wconf 80' lang='lat' dir='ltr'><strong>videlicet:</strong></span> 
     </span>
     <span class='ocr_line' id='line_1_84' title="bbox 1377 3241 2126 3304; baseline 0 0"><span class='ocrx_word' id='word_1_435' title='bbox 1377 3242 1589 3304; x_wconf 75' lang='lat' dir='ltr'><strong>«Beatissimo</strong></span> <span class='ocrx_word' id='word_1_436' title='bbox 1614 3241 1711 3303; x_wconf 88' lang='lat' dir='ltr'><strong>Pater.</strong></span> <span class='ocrx_word' id='word_1_437' title='bbox 1740 3241 1821 3304; x_wconf 91' lang='lat' dir='ltr'><strong>cum</strong></span> <span class='ocrx_word' id='word_1_438' title='bbox 1841 3257 1880 3302; x_wconf 82' lang='lat' dir='ltr'><strong>ex</strong></span> <span class='ocrx_word' id='word_1_439' title='bbox 1901 3241 1933 3302; x_wconf 86' lang='lat' dir='ltr'><strong>vi</strong></span> <span class='ocrx_word' id='word_1_440' title='bbox 1958 3257 2013 3303; x_wconf 90' lang='lat' dir='ltr'><strong>seu</strong></span> <span class='ocrx_word' id='word_1_441' title='bbox 2040 3257 2126 3304; x_wconf 83' lang='lat' dir='ltr'><strong>occa·</strong></span> 
     </span>
     <span class='ocr_line' id='line_1_85' title="bbox 1376 3334 2125 3414; baseline -0.001 -16"><span class='ocrx_word' id='word_1_442' title='bbox 1376 3337 1463 3398; x_wconf 91' lang='lat' dir='ltr'><strong>sione</strong></span> <span class='ocrx_word' id='word_1_443' title='bbox 1494 3335 1733 3414; x_wconf 87' lang='lat' dir='ltr'><strong>privilegiorum</strong></span> <span class='ocrx_word' id='word_1_444' title='bbox 1760 3334 1867 3398; x_wconf 83' lang='lat' dir='ltr'><strong>crdini</strong></span> <span class='ocrx_word' id='word_1_445' title='bbox 1895 3335 2000 3398; x_wconf 90' lang='lat' dir='ltr'><strong>Sancti</strong></span> <span class='ocrx_word' id='word_1_446' title='bbox 2025 3335 2125 3398; x_wconf 90' lang='lat' dir='ltr'><strong>Bene-</strong></span> 
     </span>
     <span class='ocr_line' id='line_1_86' title="bbox 1376 3429 2125 3507; baseline -0.004 -14"><span class='ocrx_word' id='word_1_447' title='bbox 1376 3431 1449 3493; x_wconf 90' lang='lat' dir='ltr'><strong>dicti</strong></span> <span class='ocrx_word' id='word_1_448' title='bbox 1472 3429 1727 3507; x_wconf 88' lang='lat' dir='ltr'><strong>congregationis</strong></span> <span class='ocrx_word' id='word_1_449' title='bbox 1748 3429 1936 3505; x_wconf 82' lang='lat' dir='ltr'><strong>huglicanae</strong></span> <span class='ocrx_word' id='word_1_450' title='bbox 1956 3447 1971 3490; x_wconf 92' lang='lat' dir='ltr'><strong>a</strong></span> <span class='ocrx_word' id='word_1_451' title='bbox 1991 3429 2071 3492; x_wconf 91' lang='lat' dir='ltr'><strong>Sede</strong></span> <span class='ocrx_word' id='word_1_452' title='bbox 2085 3431 2125 3490; x_wconf 82' lang='lat' dir='ltr'><strong>h-</strong></span> 
     </span>
     <span class='ocr_line' id='line_1_87' title="bbox 1376 3525 2124 3604; baseline -0.004 -17"><span class='ocrx_word' id='word_1_453' title='bbox 1376 3525 1520 3604; x_wconf 78' lang='lat' dir='ltr'><strong>postolos</strong></span> <span class='ocrx_word' id='word_1_454' title='bbox 1548 3539 1776 3597; x_wconf 90' lang='lat' dir='ltr'><strong>concessorum,</strong></span> <span class='ocrx_word' id='word_1_455' title='bbox 1806 3537 1929 3585; x_wconf 89' lang='lat' dir='ltr'><strong>necnon</strong></span> <span class='ocrx_word' id='word_1_456' title='bbox 1960 3529 2124 3601; x_wconf 81' lang='lat' dir='ltr'><strong>praetextu</strong></span> 
     </span>
     <span class='ocr_line' id='line_1_88' title="bbox 1376 3609 2124 3696; baseline -0.003 -18"><span class='ocrx_word' id='word_1_457' title='bbox 1376 3618 1597 3680; x_wconf 91' lang='lat' dir='ltr'><strong>iurisdictionis</strong></span> <span class='ocrx_word' id='word_1_458' title='bbox 1618 3633 1696 3696; x_wconf 90' lang='lat' dir='ltr'><strong>quae</strong></span> <span class='ocrx_word' id='word_1_459' title='bbox 1715 3625 1788 3678; x_wconf 92' lang='lat' dir='ltr'><strong>ante</strong></span> <span class='ocrx_word' id='word_1_460' title='bbox 1808 3609 1938 3678; x_wconf 87' lang='lat' dir='ltr'><strong>schisma</strong></span> <span class='ocrx_word' id='word_1_461' title='bbox 1953 3615 2055 3678; x_wconf 89' lang='lat' dir='ltr'><strong>eidem</strong></span> <span class='ocrx_word' id='word_1_462' title='bbox 2070 3615 2124 3679; x_wconf 87' lang='lat' dir='ltr'><strong>cr-</strong></span> 
     </span>
     <span class='ocr_line' id='line_1_89' title="bbox 1376 3709 2125 3789; baseline -0.003 -15"><span class='ocrx_word' id='word_1_463' title='bbox 1376 3711 1441 3774; x_wconf 93' lang='lat' dir='ltr'><strong>dini</strong></span> <span class='ocrx_word' id='word_1_464' title='bbox 1456 3712 1488 3774; x_wconf 94' lang='lat' dir='ltr'><strong>in</strong></span> <span class='ocrx_word' id='word_1_465' title='bbox 1500 3710 1610 3788; x_wconf 84' lang='lat' dir='ltr'><strong>hnglia</strong></span> <span class='ocrx_word' id='word_1_466' title='bbox 1625 3711 1828 3788; x_wconf 85' lang='lat' dir='ltr'><strong>competebat,</strong></span> <span class='ocrx_word' id='word_1_467' title='bbox 1842 3709 2045 3789; x_wconf 91' lang='lat' dir='ltr'><strong>praetendant</strong></span> <span class='ocrx_word' id='word_1_468' title='bbox 2058 3725 2125 3772; x_wconf 91' lang='lat' dir='ltr'><strong>mo-</strong></span> 
     </span>
     <span class='ocr_line' id='line_1_90' title="bbox 1376 3803 2124 3882; baseline -0.003 -16"><span class='ocrx_word' id='word_1_469' title='bbox 1376 3805 1465 3867; x_wconf 90' lang='lat' dir='ltr'><strong>nachi</strong></span> <span class='ocrx_word' id='word_1_470' title='bbox 1491 3805 1562 3867; x_wconf 89' lang='lat' dir='ltr'><strong>dicti</strong></span> <span class='ocrx_word' id='word_1_471' title='bbox 1591 3803 1725 3878; x_wconf 84' lang='lat' dir='ltr'><strong>Ordinis,</strong></span> <span class='ocrx_word' id='word_1_472' title='bbox 1748 3819 1791 3878; x_wconf 93' lang='lat' dir='ltr'><strong>se,</strong></span> <span class='ocrx_word' id='word_1_473' title='bbox 1814 3811 1972 3882; x_wconf 84' lang='lat' dir='ltr'><strong>tamquam</strong></span> <span class='ocrx_word' id='word_1_474' title='bbox 1994 3805 2124 3866; x_wconf 91' lang='lat' dir='ltr'><strong>vicarios</strong></span> 
     </span>
     <span class='ocr_line' id='line_1_91' title="bbox 1376 3897 2126 3976; baseline -0.004 -16"><span class='ocrx_word' id='word_1_475' title='bbox 1376 3897 1569 3976; x_wconf 91' lang='lat' dir='ltr'><strong>capitulares,</strong></span> <span class='ocrx_word' id='word_1_476' title='bbox 1592 3913 1647 3959; x_wconf 90' lang='lat' dir='ltr'><strong>seu</strong></span> <span class='ocrx_word' id='word_1_477' title='bbox 1670 3898 1770 3975; x_wconf 87' lang='lat' dir='ltr'><strong>ipsum</strong></span> <span class='ocrx_word' id='word_1_478' title='bbox 1789 3897 1971 3974; x_wconf 85' lang='lat' dir='ltr'><strong>capitulum,</strong></span> <span class='ocrx_word' id='word_1_479' title='bbox 1986 3897 2059 3960; x_wconf 89' lang='lat' dir='ltr'><strong>sede</strong></span> <span class='ocrx_word' id='word_1_480' title='bbox 2073 3913 2126 3958; x_wconf 87' lang='lat' dir='ltr'><strong>va·</strong></span> 
     </span>
     <span class='ocr_line' id='line_1_92' title="bbox 1376 3988 2125 4067; baseline -0.003 -15"><span class='ocrx_word' id='word_1_481' title='bbox 1376 3999 1476 4065; x_wconf 89' lang='lat' dir='ltr'><strong>cante,</strong></span> <span class='ocrx_word' id='word_1_482' title='bbox 1498 3991 1610 4052; x_wconf 88' lang='lat' dir='ltr'><strong>habere</strong></span> <span class='ocrx_word' id='word_1_483' title='bbox 1633 3990 1665 4050; x_wconf 94' lang='lat' dir='ltr'><strong>in</strong></span> <span class='ocrx_word' id='word_1_484' title='bbox 1687 3988 1842 4067; x_wconf 91' lang='lat' dir='ltr'><strong>plerisque</strong></span> <span class='ocrx_word' id='word_1_485' title='bbox 1868 3990 1957 4065; x_wconf 87' lang='lat' dir='ltr'><strong>regui</strong></span> <span class='ocrx_word' id='word_1_486' title='bbox 1977 3989 2125 4052; x_wconf 91' lang='lat' dir='ltr'><strong>dioecesi-</strong></span> 
     </span>
     <span class='ocr_line' id='line_1_93' title="bbox 1376 4083 2122 4157; baseline -0.003 -11"><span class='ocrx_word' id='word_1_487' title='bbox 1376 4085 1433 4148; x_wconf 91' lang='lat' dir='ltr'><strong>bus</strong></span> <span class='ocrx_word' id='word_1_488' title='bbox 1447 4084 1692 4147; x_wconf 89' lang='lat' dir='ltr'><strong>iurisdictionem</strong></span> <span class='ocrx_word' id='word_1_489' title='bbox 1706 4083 1904 4157; x_wconf 88' lang='lat' dir='ltr'><strong>ordinariam,</strong></span> <span class='ocrx_word' id='word_1_490' title='bbox 1917 4090 1949 4144; x_wconf 90' lang='lat' dir='ltr'><strong>et</strong></span> <span class='ocrx_word' id='word_1_491' title='bbox 1962 4083 2042 4145; x_wconf 90' lang='lat' dir='ltr'><strong>hanc</strong></span> <span class='ocrx_word' id='word_1_492' title='bbox 2058 4099 2122 4145; x_wconf 90' lang='lat' dir='ltr'><strong>non</strong></span> 
     </span>
     <span class='ocr_line' id='line_1_94' title="bbox 1375 4175 2123 4255; baseline 0 -17"><span class='ocrx_word' id='word_1_493' title='bbox 1375 4193 1492 4239; x_wconf 91' lang='lat' dir='ltr'><strong>cessare</strong></span> <span class='ocrx_word' id='word_1_494' title='bbox 1513 4193 1552 4238; x_wconf 80' lang='lat' dir='ltr'><strong>ex</strong></span> <span class='ocrx_word' id='word_1_495' title='bbox 1573 4193 1633 4255; x_wconf 94' lang='lat' dir='ltr'><strong>qno</strong></span> <span class='ocrx_word' id='word_1_496' title='bbox 1656 4176 1765 4239; x_wconf 89' lang='lat' dir='ltr'><strong>Sancta</strong></span> <span class='ocrx_word' id='word_1_497' title='bbox 1787 4175 1879 4238; x_wconf 90' lang='lat' dir='ltr'><strong>Sedes</strong></span> <span class='ocrx_word' id='word_1_498' title='bbox 1900 4176 2000 4238; x_wconf 90' lang='lat' dir='ltr'><strong>eidem</strong></span> <span class='ocrx_word' id='word_1_499' title='bbox 2023 4191 2123 4253; x_wconf 92' lang='lat' dir='ltr'><strong>regno</strong></span> 
     </span>
     <span class='ocr_line' id='line_1_95' title="bbox 1376 4269 2125 4348; baseline -0.003 -15"><span class='ocrx_word' id='word_1_500' title='bbox 1376 4271 1560 4334; x_wconf 90' lang='lat' dir='ltr'><strong>concesserit</strong></span> <span class='ocrx_word' id='word_1_501' title='bbox 1581 4269 1717 4332; x_wconf 75' lang='lat' dir='ltr'><strong>vicarios</strong></span> <span class='ocrx_word' id='word_1_502' title='bbox 1738 4269 1927 4348; x_wconf 70' lang='lat' dir='ltr'><strong>apostolicos</strong></span> <span class='ocrx_word' id='word_1_503' title='bbox 1942 4269 1978 4331; x_wconf 90' lang='lat' dir='ltr'><strong>ad</strong></span> <span class='ocrx_word' id='word_1_504' title='bbox 1993 4270 2062 4331; x_wconf 93' lang='lat' dir='ltr'><strong>illas</strong></span> <span class='ocrx_word' id='word_1_505' title='bbox 2076 4286 2125 4332; x_wconf 91' lang='lat' dir='ltr'><strong>ec·</strong></span> 
     </span>
    </p>
   </div>
   <div class='ocr_carea' id='block_1_18' title="bbox 2151 571 2389 644">
    <p class='ocr_par' dir='ltr' id='par_1_23' title="bbox 2151 571 2389 644">
     <span class='ocr_line' id='line_1_96' title="bbox 2151 571 2389 644; baseline 0.038 -9"><span class='ocrx_word' id='word_1_506' title='bbox 2151 571 2201 632; x_wconf 61' lang='lat' dir='ltr'><strong>An.</strong></span> <span class='ocrx_word' id='word_1_507' title='bbox 2214 579 2242 636; x_wconf 81' lang='lat' dir='ltr'><strong>c.</strong></span> <span class='ocrx_word' id='word_1_508' title='bbox 2261 585 2317 644; x_wconf 80' lang='lat' dir='ltr'><strong>istc</strong></span> <span class='ocrx_word' id='word_1_509' title='bbox 2388 603 2389 630; x_wconf 76' lang='grc'><strong>1</strong></span> 
     </span>
    </p>
   </div>
   <div class='ocr_carea' id='block_1_19' title="bbox 1376 4364 2177 4441">
    <p class='ocr_par' dir='ltr' id='par_1_24' title="bbox 1376 4364 2177 4441">
     <span class='ocr_line' id='line_1_97' title="bbox 1376 4364 2177 4441; baseline -0.001 -14"><span class='ocrx_word' id='word_1_510' title='bbox 1376 4365 1481 4427; x_wconf 88' lang='lat' dir='ltr'><strong>clesias</strong></span> <span class='ocrx_word' id='word_1_511' title='bbox 1506 4365 1672 4440; x_wconf 78' lang='lat' dir='ltr'><strong>regendas3</strong></span> <span class='ocrx_word' id='word_1_512' title='bbox 1701 4379 1835 4441; x_wconf 89' lang='lat' dir='ltr'><strong>cumque</strong></span> <span class='ocrx_word' id='word_1_513' title='bbox 1857 4364 1980 4440; x_wconf 77' lang='lat' dir='ltr'><strong>exinde,</strong></span> <span class='ocrx_word' id='word_1_514' title='bbox 2002 4364 2049 4427; x_wconf 93' lang='lat' dir='ltr'><strong>uti</strong></span> <span class='ocrx_word' id='word_1_515' title='bbox 2071 4380 2124 4426; x_wconf 80' lang='lat' dir='ltr'><strong>ea·</strong></span> <span class='ocrx_word' id='word_1_516' title='bbox 2176 4391 2177 4394; x_wconf 38' lang='lat'>¹</span> 
     </span>
    </p>
   </div>
   <div class='ocr_carea' id='block_1_20' title="bbox 1375 4457 2125 5849">
    <p class='ocr_par' dir='ltr' id='par_1_25' title="bbox 1375 4457 2125 5849">
     <span class='ocr_line' id='line_1_98' title="bbox 1376 4457 2125 4536; baseline -0.001 -16"><span class='ocrx_word' id='word_1_517' title='bbox 1376 4458 1528 4536; x_wconf 90' lang='lat' dir='ltr'><strong>perientia</strong></span> <span class='ocrx_word' id='word_1_518' title='bbox 1547 4457 1662 4530; x_wconf 90' lang='lat' dir='ltr'><strong>docuit,</strong></span> <span class='ocrx_word' id='word_1_519' title='bbox 1678 4457 1736 4518; x_wconf 87' lang='lat' dir='ltr'><strong>hoc</strong></span> <span class='ocrx_word' id='word_1_520' title='bbox 1751 4457 1815 4534; x_wconf 88' lang='lat' dir='ltr'><strong>ipso</strong></span> <span class='ocrx_word' id='word_1_521' title='bbox 1829 4457 1950 4518; x_wconf 91' lang='lat' dir='ltr'><strong>saeculo</strong></span> <span class='ocrx_word' id='word_1_522' title='bbox 1965 4458 2040 4519; x_wconf 94' lang='lat' dir='ltr'><strong>oriri</strong></span> <span class='ocrx_word' id='word_1_523' title='bbox 2056 4475 2125 4536; x_wconf 90' lang='lat' dir='ltr'><strong>pos·</strong></span> 
     </span>
     <span class='ocr_line' id='line_1_99' title="bbox 1375 4551 2123 4615; baseline -0.001 -2"><span class='ocrx_word' id='word_1_524' title='bbox 1375 4553 1439 4614; x_wconf 91' lang='lat' dir='ltr'><strong>sint</strong></span> <span class='ocrx_word' id='word_1_525' title='bbox 1453 4551 1669 4614; x_wconf 89' lang='lat' dir='ltr'><strong>contentiones</strong></span> <span class='ocrx_word' id='word_1_526' title='bbox 1684 4557 1714 4612; x_wconf 90' lang='lat' dir='ltr'><strong>et</strong></span> <span class='ocrx_word' id='word_1_527' title='bbox 1729 4551 1955 4612; x_wconf 89' lang='lat' dir='ltr'><strong>controversiae</strong></span> <span class='ocrx_word' id='word_1_528' title='bbox 1972 4553 2026 4612; x_wconf 87' lang='lat' dir='ltr'><strong>hos</strong></span> <span class='ocrx_word' id='word_1_529' title='bbox 2040 4551 2123 4615; x_wconf 89' lang='lat' dir='ltr'><strong>inter</strong></span> 
     </span>
     <span class='ocr_line' id='line_1_100' title="bbox 1376 4643 2125 4723; baseline 0 -17"><span class='ocrx_word' id='word_1_530' title='bbox 1376 4653 1407 4706; x_wconf 92' lang='lat' dir='ltr'><strong>et</strong></span> <span class='ocrx_word' id='word_1_531' title='bbox 1428 4645 1497 4706; x_wconf 93' lang='lat' dir='ltr'><strong>illos</strong></span> <span class='ocrx_word' id='word_1_532' title='bbox 1517 4643 1667 4722; x_wconf 89' lang='lat' dir='ltr'><strong>regimini</strong></span> <span class='ocrx_word' id='word_1_533' title='bbox 1688 4643 1815 4704; x_wconf 90' lang='lat' dir='ltr'><strong>illorum</strong></span> <span class='ocrx_word' id='word_1_534' title='bbox 1841 4643 1980 4706; x_wconf 87' lang='lat' dir='ltr'><strong>fidelium</strong></span> <span class='ocrx_word' id='word_1_535' title='bbox 2002 4651 2031 4706; x_wconf 93' lang='lat' dir='ltr'><strong>et</strong></span> <span class='ocrx_word' id='word_1_536' title='bbox 2054 4661 2125 4723; x_wconf 90' lang='lat' dir='ltr'><strong>pro-</strong></span> 
     </span>
     <span class='ocr_line' id='line_1_101' title="bbox 1376 4737 2122 4818; baseline 0.004 -20"><span class='ocrx_word' id='word_1_537' title='bbox 1376 4737 1530 4818; x_wconf 89' lang='lat' dir='ltr'><strong>pagationi</strong></span> <span class='ocrx_word' id='word_1_538' title='bbox 1553 4737 1624 4800; x_wconf 88' lang='lat' dir='ltr'><strong>iidei</strong></span> <span class='ocrx_word' id='word_1_539' title='bbox 1645 4752 1841 4816; x_wconf 90' lang='lat' dir='ltr'><strong>summopere</strong></span> <span class='ocrx_word' id='word_1_540' title='bbox 1864 4737 1986 4812; x_wconf 83' lang='lat' dir='ltr'><strong>noxiae,</strong></span> <span class='ocrx_word' id='word_1_541' title='bbox 2002 4739 2122 4816; x_wconf 92' lang='lat' dir='ltr'><strong>praeiu-</strong></span> 
     </span>
     <span class='ocr_line' id='line_1_102' title="bbox 1376 4823 2124 4910; baseline 0 -16"><span class='ocrx_word' id='word_1_542' title='bbox 1376 4831 1497 4894; x_wconf 90' lang='lat' dir='ltr'><strong>diciales</strong></span> <span class='ocrx_word' id='word_1_543' title='bbox 1519 4837 1549 4892; x_wconf 90' lang='lat' dir='ltr'><strong>et</strong></span> <span class='ocrx_word' id='word_1_544' title='bbox 1569 4830 1776 4893; x_wconf 91' lang='lat' dir='ltr'><strong>scandalcsae:</strong></span> <span class='ocrx_word' id='word_1_545' title='bbox 1801 4831 1914 4893; x_wconf 88' lang='lat' dir='ltr'><strong>idcirco</strong></span> <span class='ocrx_word' id='word_1_546' title='bbox 1934 4823 2124 4910; x_wconf 79' lang='lat' dir='ltr'><strong>supplicatur</strong></span> 
     </span>
     <span class='ocr_line' id='line_1_103' title="bbox 1376 4923 2121 5004; baseline -0.001 -16"><span class='ocrx_word' id='word_1_547' title='bbox 1376 4928 1410 4988; x_wconf 84' lang='lat' dir='ltr'><strong>eat</strong></span> <span class='ocrx_word' id='word_1_548' title='bbox 1431 4943 1490 5004; x_wconf 90' lang='lat' dir='ltr'><strong>qua</strong></span> <span class='ocrx_word' id='word_1_549' title='bbox 1518 4942 1572 5004; x_wconf 91' lang='lat' dir='ltr'><strong>par</strong></span> <span class='ocrx_word' id='word_1_550' title='bbox 1599 4933 1645 4986; x_wconf 86' lang='lat' dir='ltr'><strong>est</strong></span> <span class='ocrx_word' id='word_1_551' title='bbox 1673 4923 1848 4986; x_wconf 91' lang='lat' dir='ltr'><strong>humilitate</strong></span> <span class='ocrx_word' id='word_1_552' title='bbox 1881 4923 2039 4987; x_wconf 90' lang='lat' dir='ltr'><strong>Sanctitati</strong></span> <span class='ocrx_word' id='word_1_553' title='bbox 2063 4925 2121 4988; x_wconf 82' lang='lat' dir='ltr'><strong>Ve-</strong></span> 
     </span>
     <span class='ocr_line' id='line_1_104' title="bbox 1376 5015 2123 5098; baseline 0.003 -18"><span class='ocrx_word' id='word_1_554' title='bbox 1376 5027 1468 5095; x_wconf 89' lang='lat' dir='ltr'><strong>strae,</strong></span> <span class='ocrx_word' id='word_1_555' title='bbox 1490 5027 1643 5098; x_wconf 91' lang='lat' dir='ltr'><strong>quatenus</strong></span> <span class='ocrx_word' id='word_1_556' title='bbox 1664 5015 1817 5080; x_wconf 88' lang='lat' dir='ltr'><strong>declarare</strong></span> <span class='ocrx_word' id='word_1_557' title='bbox 1838 5016 1986 5094; x_wconf 90' lang='lat' dir='ltr'><strong>dignetur</strong></span> <span class='ocrx_word' id='word_1_558' title='bbox 2006 5033 2123 5082; x_wconf 90' lang='lat' dir='ltr'><strong>cessare</strong></span> 
     </span>
     <span class='ocr_line' id='line_1_105' title="bbox 1375 5111 2122 5190; baseline -0.001 -15"><span class='ocrx_word' id='word_1_559' title='bbox 1375 5129 1504 5175; x_wconf 90' lang='lat' dir='ltr'><strong>omnem</strong></span> <span class='ocrx_word' id='word_1_560' title='bbox 1536 5112 1628 5176; x_wconf 89' lang='lat' dir='ltr'><strong>talem</strong></span> <span class='ocrx_word' id='word_1_561' title='bbox 1659 5111 1867 5190; x_wconf 83' lang='lat' dir='ltr'><strong>praelatorum</strong></span> <span class='ocrx_word' id='word_1_562' title='bbox 1899 5115 2122 5174; x_wconf 89' lang='lat' dir='ltr'><strong>monachorum</strong></span> 
     </span>
     <span class='ocr_line' id='line_1_106' title="bbox 1376 5203 2123 5285; baseline -0.004 -17"><span class='ocrx_word' id='word_1_563' title='bbox 1376 5207 1633 5282; x_wconf 89' lang='lat' dir='ltr'><strong>iurisdictionem,</strong></span> <span class='ocrx_word' id='word_1_564' title='bbox 1661 5205 1897 5285; x_wconf 90' lang='lat' dir='ltr'><strong>qualiscumque</strong></span> <span class='ocrx_word' id='word_1_565' title='bbox 1923 5203 1973 5282; x_wconf 89' lang='lat' dir='ltr'><strong>sit,</strong></span> <span class='ocrx_word' id='word_1_566' title='bbox 2000 5221 2037 5266; x_wconf 92' lang='lat' dir='ltr'><strong>eo</strong></span> <span class='ocrx_word' id='word_1_567' title='bbox 2058 5207 2123 5284; x_wconf 94' lang='lat' dir='ltr'><strong>ipso</strong></span> 
     </span>
     <span class='ocr_line' id='line_1_107' title="bbox 1376 5298 2123 5380; baseline -0.003 -18"><span class='ocrx_word' id='word_1_568' title='bbox 1376 5299 1459 5380; x_wconf 89' lang='lat' dir='ltr'><strong>quod</strong></span> <span class='ocrx_word' id='word_1_569' title='bbox 1486 5307 1588 5363; x_wconf 90' lang='lat' dir='ltr'><strong>sancta</strong></span> <span class='ocrx_word' id='word_1_570' title='bbox 1616 5299 1709 5363; x_wconf 91' lang='lat' dir='ltr'><strong>Sedes</strong></span> <span class='ocrx_word' id='word_1_571' title='bbox 1737 5299 1907 5377; x_wconf 83' lang='lat' dir='ltr'><strong>Apostolica</strong></span> <span class='ocrx_word' id='word_1_572' title='bbox 1936 5298 2123 5362; x_wconf 90' lang='lat' dir='ltr'><strong>concesserit</strong></span> 
     </span>
     <span class='ocr_line' id='line_1_108' title="bbox 1377 5392 2122 5472; baseline -0.003 -16"><span class='ocrx_word' id='word_1_573' title='bbox 1377 5393 1512 5456; x_wconf 75' lang='lat' dir='ltr'><strong>vicarios</strong></span> <span class='ocrx_word' id='word_1_574' title='bbox 1534 5393 1722 5472; x_wconf 75' lang='lat' dir='ltr'><strong>apostolicos</strong></span> <span class='ocrx_word' id='word_1_575' title='bbox 1743 5393 1776 5454; x_wconf 90' lang='lat' dir='ltr'><strong>in</strong></span> <span class='ocrx_word' id='word_1_576' title='bbox 1796 5408 1894 5468; x_wconf 91' lang='lat' dir='ltr'><strong>regno</strong></span> <span class='ocrx_word' id='word_1_577' title='bbox 1909 5392 2049 5468; x_wconf 77' lang='lat' dir='ltr'><strong>angliae,</strong></span> <span class='ocrx_word' id='word_1_578' title='bbox 2066 5393 2122 5454; x_wconf 90' lang='lat' dir='ltr'><strong>eis-</strong></span> 
     </span>
     <span class='ocr_line' id='line_1_109' title="bbox 1376 5485 2123 5566; baseline -0.003 -16"><span class='ocrx_word' id='word_1_579' title='bbox 1376 5504 1438 5566; x_wconf 91' lang='lat' dir='ltr'><strong>que</strong></span> <span class='ocrx_word' id='word_1_580' title='bbox 1457 5487 1560 5549; x_wconf 87' lang='lat' dir='ltr'><strong>solitas</strong></span> <span class='ocrx_word' id='word_1_581' title='bbox 1591 5485 1748 5549; x_wconf 82' lang='lat' dir='ltr'><strong>facultates</strong></span> <span class='ocrx_word' id='word_1_582' title='bbox 1779 5485 1966 5562; x_wconf 90' lang='lat' dir='ltr'><strong>generaliter</strong></span> <span class='ocrx_word' id='word_1_583' title='bbox 1992 5485 2123 5562; x_wconf 90' lang='lat' dir='ltr'><strong>regendi</strong></span> 
     </span>
     <span class='ocr_line' id='line_1_110' title="bbox 1376 5579 2120 5644; baseline -0.003 0"><span class='ocrx_word' id='word_1_584' title='bbox 1376 5581 1516 5644; x_wconf 91' lang='lat' dir='ltr'><strong>ecclesias</strong></span> <span class='ocrx_word' id='word_1_585' title='bbox 1544 5581 1600 5644; x_wconf 88' lang='lat' dir='ltr'><strong>sibi</strong></span> <span class='ocrx_word' id='word_1_586' title='bbox 1627 5581 1806 5643; x_wconf 89' lang='lat' dir='ltr'><strong>commissas</strong></span> <span class='ocrx_word' id='word_1_587' title='bbox 1837 5580 1996 5642; x_wconf 89' lang='lat' dir='ltr'><strong>tribuerit:</strong></span> <span class='ocrx_word' id='word_1_588' title='bbox 2020 5580 2068 5642; x_wconf 91' lang='lat' dir='ltr'><strong>uti</strong></span> <span class='ocrx_word' id='word_1_589' title='bbox 2088 5579 2120 5642; x_wconf 90' lang='lat' dir='ltr'><strong>in</strong></span> 
     </span>
     <span class='ocr_line' id='line_1_111' title="bbox 1376 5672 2121 5754; baseline -0.004 -19"><span class='ocrx_word' id='word_1_590' title='bbox 1376 5676 1514 5754; x_wconf 90' lang='lat' dir='ltr'><strong>partibus</strong></span> <span class='ocrx_word' id='word_1_591' title='bbox 1534 5674 1688 5736; x_wconf 85' lang='lat' dir='ltr'><strong>catholicis</strong></span> <span class='ocrx_word' id='word_1_592' title='bbox 1709 5681 1805 5736; x_wconf 87' lang='lat' dir='ltr'><strong>cessat</strong></span> <span class='ocrx_word' id='word_1_593' title='bbox 1830 5673 1931 5735; x_wconf 90' lang='lat' dir='ltr'><strong>omnis</strong></span> <span class='ocrx_word' id='word_1_594' title='bbox 1952 5672 2121 5736; x_wconf 92' lang='lat' dir='ltr'><strong>iurisdictio</strong></span> 
     </span>
     <span class='ocr_line' id='line_1_112' title="bbox 1376 5765 2121 5849; baseline -0.005 -17"><span class='ocrx_word' id='word_1_595' title='bbox 1376 5769 1503 5849; x_wconf 89' lang='lat' dir='ltr'><strong>capituli</strong></span> <span class='ocrx_word' id='word_1_596' title='bbox 1524 5775 1553 5830; x_wconf 90' lang='lat' dir='ltr'><strong>et</strong></span> <span class='ocrx_word' id='word_1_597' title='bbox 1582 5767 1767 5830; x_wconf 83' lang='lat' dir='ltr'><strong>vicariorum</strong></span> <span class='ocrx_word' id='word_1_598' title='bbox 1794 5765 2022 5846; x_wconf 89' lang='lat' dir='ltr'><strong>capitularium,</strong></span> <span class='ocrx_word' id='word_1_599' title='bbox 2050 5765 2121 5830; x_wconf 83' lang='lat' dir='ltr'><strong>sede</strong></span> 
     </span>
    </p>
   </div>
   <div class='ocr_carea' id='block_1_21' title="bbox 619 5981 2006 6050">
    <p class='ocr_par' dir='ltr' id='par_1_26' title="bbox 619 5981 2006 6050">
     <span class='ocr_line' id='line_1_113' title="bbox 619 5981 2006 6050; baseline -0.008 -12"><span class='ocrx_word' id='word_1_600' title='bbox 619 5995 648 6050; x_wconf 85' lang='lat' dir='ltr'><strong>(l)</strong></span> <span class='ocrx_word' id='word_1_601' title='bbox 663 5995 700 6038; x_wconf 79' lang='lat' dir='ltr'><strong>Ex</strong></span> <span class='ocrx_word' id='word_1_602' title='bbox 714 5993 774 6040; x_wconf 80' lang='lat' dir='ltr'><strong>Tab.</strong></span> <span class='ocrx_word' id='word_1_603' title='bbox 790 5995 813 6037; x_wconf 85' lang='lat' dir='ltr'><strong>S.</strong></span> <span class='ocrx_word' id='word_1_604' title='bbox 829 5993 853 6038; x_wconf 86' lang='lat' dir='ltr'><strong>c.</strong></span> <span class='ocrx_word' id='word_1_605' title='bbox 869 5991 901 6038; x_wconf 89' lang='lat' dir='ltr'><strong>de</strong></span> <span class='ocrx_word' id='word_1_606' title='bbox 915 5993 988 6050; x_wconf 82' lang='lat' dir='ltr'><strong>Prop.</strong></span> <span class='ocrx_word' id='word_1_607' title='bbox 1003 5991 1073 6038; x_wconf 71' lang='lat' dir='ltr'><strong>Fide.</strong></span> <span class='ocrx_word' id='word_1_608' title='bbox 1089 5989 1122 6036; x_wconf 78' lang='lat' dir='ltr'><strong>ct.</strong></span> <span class='ocrx_word' id='word_1_609' title='bbox 1138 5987 1283 6037; x_wconf 87' lang='lat' dir='ltr'><strong>innocentii</strong></span> <span class='ocrx_word' id='word_1_610' title='bbox 1296 5991 1336 6037; x_wconf 83' lang='lat' dir='ltr'><strong>XI.</strong></span> <span class='ocrx_word' id='word_1_611' title='bbox 1352 5989 1434 6036; x_wconf 90' lang='lat' dir='ltr'><strong>const.</strong></span> <span class='ocrx_word' id='word_1_612' title='bbox 1449 5986 1488 6031; x_wconf 87' lang='lat' dir='ltr'><strong>ed.</strong></span> <span class='ocrx_word' id='word_1_613' title='bbox 1503 5995 1657 6042; x_wconf 79' lang='lat' dir='ltr'><strong>uocuxxxn,</strong></span> <span class='ocrx_word' id='word_1_614' title='bbox 1672 5983 1715 6028; x_wconf 87' lang='lat' dir='ltr'><strong>die</strong></span> <span class='ocrx_word' id='word_1_615' title='bbox 1729 5993 1773 6034; x_wconf 79' lang='lat' dir='ltr'><strong>xx.</strong></span> <span class='ocrx_word' id='word_1_616' title='bbox 1790 5981 1862 6040; x_wconf 83' lang='lat' dir='ltr'><strong>maii,</strong></span> <span class='ocrx_word' id='word_1_617' title='bbox 1876 5983 1967 6043; x_wconf 80' lang='lat' dir='ltr'><strong>pontis.</strong></span> <span class='ocrx_word' id='word_1_618' title='bbox 1981 5993 2006 6029; x_wconf 80' lang='grc'><strong>1.</strong></span> 
     </span>
    </p>
   </div>
   <div class='ocr_carea' id='block_1_22' title="bbox 0 0 2428 6980">
    <p class='ocr_par' dir='ltr' id='par_1_27' title="bbox 0 0 2428 6980">
     <span class='ocr_line' id='line_1_114' title="bbox 0 0 2428 6980; baseline 0 0"><span class='ocrx_word' id='word_1_619' title='bbox 0 0 2428 6980; x_wconf 95' lang='lat' dir='ltr'><strong> </strong></span> 
     </span>
    </p>
   </div>
  </div>
 </body>
</html>
