<?xml version="1.0" encoding="UTF-8"?>
<!DOCTYPE html PUBLIC "-//W3C//DTD XHTML 1.0 Transitional//EN"
    "http://www.w3.org/TR/xhtml1/DTD/xhtml1-transitional.dtd">
<html xmlns="http://www.w3.org/1999/xhtml" xml:lang="en" lang="en">
 <head>
  <title>
</title>
<meta http-equiv="Content-Type" content="text/html;charset=utf-8" />
  <meta name='ocr-system' content='tesseract 3.04.00' />
  <meta name='ocr-capabilities' content='ocr_page ocr_carea ocr_par ocr_line ocrx_word'/>
</head>
<body>
  <div class='ocr_page' id='page_1' title='image "./iurispontificii04martgoog_0353.png"; bbox 0 0 4880 6982; ppageno 0'>
   <div class='ocr_carea' id='block_1_1' title="bbox 891 794 1366 878">
    <p class='ocr_par' dir='ltr' id='par_1_1' title="bbox 891 794 1366 878">
     <span class='ocr_line' id='line_1_1' title="bbox 891 794 1366 878; baseline 0.002 -4"><span class='ocrx_word' id='word_1_1' title='bbox 891 794 1241 878; x_wconf 72' lang='lat' dir='ltr'><strong><em>tuttocehlstus</em></strong></span> <span class='ocrx_word' id='word_1_2' title='bbox 1269 796 1366 878; x_wconf 91' lang='grc' dir='ltr'>ΧΙΙΙ.</span> 
     </span>
    </p>
   </div>
   <div class='ocr_carea' id='block_1_2' title="bbox 570 1071 869 1138">
    <p class='ocr_par' dir='ltr' id='par_1_2' title="bbox 570 1071 869 1138">
     <span class='ocr_line' id='line_1_2' title="bbox 570 1071 869 1138; baseline -0.003 -2"><span class='ocrx_word' id='word_1_3' title='bbox 570 1071 827 1138; x_wconf 78' lang='lat' dir='ltr'><strong><em>consvtpurto</em></strong></span> <span class='ocrx_word' id='word_1_4' title='bbox 847 1075 869 1136; x_wconf 94' lang='lat' dir='ltr'><strong><em>l.</em></strong></span> 
     </span>
    </p>
   </div>
   <div class='ocr_carea' id='block_1_3' title="bbox 353 1255 1095 1528">
    <p class='ocr_par' dir='ltr' id='par_1_3' title="bbox 353 1255 1095 1528">
     <span class='ocr_line' id='line_1_3' title="bbox 353 1255 1095 1346; baseline 0.012 -26"><span class='ocrx_word' id='word_1_5' title='bbox 353 1255 468 1322; x_wconf 86' lang='lat' dir='ltr'><strong><em>Omaio</em></strong></span> <span class='ocrx_word' id='word_1_6' title='bbox 496 1261 660 1339; x_wconf 76' lang='lat' dir='ltr'><strong><em>generalia</em></strong></span> <span class='ocrx_word' id='word_1_7' title='bbox 685 1266 715 1323; x_wconf 88' lang='lat' dir='ltr'><strong><em>ot</em></strong></span> <span class='ocrx_word' id='word_1_8' title='bbox 741 1263 894 1339; x_wconf 76' lang='lat' dir='ltr'><strong><em>specialia</em></strong></span> <span class='ocrx_word' id='word_1_9' title='bbox 923 1265 1095 1346; x_wconf 80' lang='lat' dir='ltr'><strong><em>prioilepla</em></strong></span> 
     </span>
     <span class='ocr_line' id='line_1_4' title="bbox 395 1351 1094 1441; baseline 0.013 -29"><span class='ocrx_word' id='word_1_10' title='bbox 395 1351 510 1416; x_wconf 78' lang='lat' dir='ltr'><strong><em>Terrae</em></strong></span> <span class='ocrx_word' id='word_1_11' title='bbox 530 1360 698 1441; x_wconf 69' lang='lat' dir='ltr'><strong><em>saraciaco</em></strong></span> <span class='ocrx_word' id='word_1_12' title='bbox 716 1356 782 1416; x_wconf 87' lang='lat' dir='ltr'><strong><em>suis</em></strong></span> <span class='ocrx_word' id='word_1_13' title='bbox 801 1356 1094 1432; x_wconf 74' lang='lat' dir='ltr'><strong><em>praedecessoribus</em></strong></span> 
     </span>
     <span class='ocr_line' id='line_1_5' title="bbox 389 1447 803 1528; baseline 0.002 -21"><span class='ocrx_word' id='word_1_14' title='bbox 389 1461 533 1509; x_wconf 75' lang='lat' dir='ltr'><strong><em>concesso</em></strong></span> <span class='ocrx_word' id='word_1_15' title='bbox 556 1447 724 1528; x_wconf 75' lang='lat' dir='ltr'><strong><em>cortfirmal</em></strong></span> <span class='ocrx_word' id='word_1_16' title='bbox 746 1449 803 1528; x_wconf 83' lang='lat' dir='ltr'><strong><em>(l).</em></strong></span> 
     </span>
    </p>
   </div>
   <div class='ocr_carea' id='block_1_4' title="bbox 492 1614 950 1809">
    <p class='ocr_par' dir='ltr' id='par_1_4' title="bbox 492 1614 950 1809">
     <span class='ocr_line' id='line_1_6' title="bbox 514 1614 931 1686; baseline 0.005 -4"><span class='ocrx_word' id='word_1_17' title='bbox 514 1614 768 1686; x_wconf 71' lang='lat' dir='ltr'><strong><em>lhhoofittlttts</em></strong></span> <span class='ocrx_word' id='word_1_18' title='bbox 785 1619 845 1685; x_wconf 88' lang='grc' dir='ltr'><strong><em>ΡΡ.</em></strong></span> <span class='ocrx_word' id='word_1_19' title='bbox 862 1618 931 1686; x_wconf 82' lang='grc' dir='ltr'><strong>ΧΙΙΙ.</strong></span> 
     </span>
     <span class='ocr_line' id='line_1_7' title="bbox 492 1739 950 1809; baseline 0.004 -3"><span class='ocrx_word' id='word_1_20' title='bbox 492 1739 529 1806; x_wconf 85' lang='lat' dir='ltr'><strong><em>ad</em></strong></span> <span class='ocrx_word' id='word_1_21' title='bbox 551 1739 681 1808; x_wconf 86' lang='lat' dir='ltr'><strong><em>loturam</em></strong></span> <span class='ocrx_word' id='word_1_22' title='bbox 704 1741 747 1808; x_wconf 87' lang='lat' dir='ltr'><strong><em>rei</em></strong></span> <span class='ocrx_word' id='word_1_23' title='bbox 770 1743 950 1809; x_wconf 84' lang='lat' dir='ltr'><strong><em>memoriam.</em></strong></span> 
     </span>
    </p>
   </div>
   <div class='ocr_carea' id='block_1_5' title="bbox 302 1916 1092 5805">
    <p class='ocr_par' dir='ltr' id='par_1_5' title="bbox 302 1916 1092 5805">
     <span class='ocr_line' id='line_1_8' title="bbox 385 1916 1092 1998; baseline 0.006 -20"><span class='ocrx_word' id='word_1_24' title='bbox 385 1916 444 1978; x_wconf 88' lang='lat' dir='ltr'><strong><em>Piis</em></strong></span> <span class='ocrx_word' id='word_1_25' title='bbox 460 1917 575 1980; x_wconf 77' lang='lat' dir='ltr'><strong><em>Christi</em></strong></span> <span class='ocrx_word' id='word_1_26' title='bbox 591 1917 729 1980; x_wconf 86' lang='lat' dir='ltr'><strong><em>fidelium</em></strong></span> <span class='ocrx_word' id='word_1_27' title='bbox 742 1919 833 1994; x_wconf 89' lang='lat' dir='ltr'><strong><em>votis,</em></strong></span> <span class='ocrx_word' id='word_1_28' title='bbox 846 1919 1008 1998; x_wconf 87' lang='lat' dir='ltr'><strong><em>exquibus</em></strong></span> <span class='ocrx_word' id='word_1_29' title='bbox 1023 1936 1092 1982; x_wconf 91' lang='lat' dir='ltr'><strong><em>san·</em></strong></span> 
     </span>
     <span class='ocr_line' id='line_1_9' title="bbox 346 2010 1092 2074; baseline 0.003 -2"><span class='ocrx_word' id='word_1_30' title='bbox 346 2016 467 2072; x_wconf 85' lang='lat' dir='ltr'><strong><em>ciorum</em></strong></span> <span class='ocrx_word' id='word_1_31' title='bbox 478 2010 617 2072; x_wconf 84' lang='lat' dir='ltr'><strong><em>locorum</em></strong></span> <span class='ocrx_word' id='word_1_32' title='bbox 629 2012 863 2074; x_wconf 87' lang='lat' dir='ltr'><strong><em>venerationem</em></strong></span> <span class='ocrx_word' id='word_1_33' title='bbox 876 2021 906 2074; x_wconf 88' lang='lat' dir='ltr'><strong><em>et</em></strong></span> <span class='ocrx_word' id='word_1_34' title='bbox 917 2013 1092 2074; x_wconf 87' lang='lat' dir='ltr'><strong><em>animarum</em></strong></span> 
     </span>
     <span class='ocr_line' id='line_1_10' title="bbox 302 2095 1092 2183; baseline 0.005 -21"><span class='ocrx_word' id='word_1_35' title='bbox 302 2095 304 2098; x_wconf 75' lang='grc'><strong>’</strong></span> <span class='ocrx_word' id='word_1_36' title='bbox 345 2103 477 2166; x_wconf 91' lang='lat' dir='ltr'><strong><em>salutem</em></strong></span> <span class='ocrx_word' id='word_1_37' title='bbox 489 2105 656 2182; x_wconf 89' lang='lat' dir='ltr'><strong><em>provenire</em></strong></span> <span class='ocrx_word' id='word_1_38' title='bbox 669 2106 876 2183; x_wconf 83' lang='lat' dir='ltr'><strong><em>conspicimus</em></strong></span> <span class='ocrx_word' id='word_1_39' title='bbox 891 2101 1026 2168; x_wconf 90' lang='lat' dir='ltr'><strong><em>libenter</em></strong></span> <span class='ocrx_word' id='word_1_40' title='bbox 1039 2121 1092 2166; x_wconf 92' lang='lat' dir='ltr'><strong><em>an-</em></strong></span> 
     </span>
     <span class='ocr_line' id='line_1_11' title="bbox 346 2197 1092 2276; baseline 0.005 -20"><span class='ocrx_word' id='word_1_41' title='bbox 346 2197 484 2271; x_wconf 87' lang='lat' dir='ltr'><strong><em>nuimus,</em></strong></span> <span class='ocrx_word' id='word_1_42' title='bbox 499 2205 529 2258; x_wconf 90' lang='lat' dir='ltr'><strong><em>et</em></strong></span> <span class='ocrx_word' id='word_1_43' title='bbox 544 2197 607 2270; x_wconf 90' lang='lat' dir='ltr'><strong><em>illa,</em></strong></span> <span class='ocrx_word' id='word_1_44' title='bbox 621 2206 773 2276; x_wconf 91' lang='lat' dir='ltr'><strong><em>quantum</em></strong></span> <span class='ocrx_word' id='word_1_45' title='bbox 788 2199 877 2261; x_wconf 90' lang='lat' dir='ltr'><strong><em>nobis</em></strong></span> <span class='ocrx_word' id='word_1_46' title='bbox 892 2215 930 2261; x_wconf 91' lang='lat' dir='ltr'><strong><em>ex</em></strong></span> <span class='ocrx_word' id='word_1_47' title='bbox 945 2199 1006 2260; x_wconf 92' lang='lat' dir='ltr'><strong><em>alto</em></strong></span> <span class='ocrx_word' id='word_1_48' title='bbox 1021 2213 1092 2260; x_wconf 89' lang='lat' dir='ltr'><strong><em>aon·</em></strong></span> 
     </span>
     <span class='ocr_line' id='line_1_12' title="bbox 346 2289 1088 2367; baseline 0.003 -18"><span class='ocrx_word' id='word_1_49' title='bbox 346 2289 477 2362; x_wconf 70' lang='lat' dir='ltr'><strong><em>assilitur,</em></strong></span> <span class='ocrx_word' id='word_1_50' title='bbox 501 2290 656 2352; x_wconf 81' lang='lat' dir='ltr'><strong><em>favoribus</em></strong></span> <span class='ocrx_word' id='word_1_51' title='bbox 677 2292 848 2367; x_wconf 90' lang='lat' dir='ltr'><strong><em>apostolicis</em></strong></span> <span class='ocrx_word' id='word_1_52' title='bbox 876 2291 1088 2354; x_wconf 79' lang='lat' dir='ltr'><strong><em>confovemus.</em></strong></span> 
     </span>
     <span class='ocr_line' id='line_1_13' title="bbox 346 2383 1091 2460; baseline 0.003 -16"><span class='ocrx_word' id='word_1_53' title='bbox 346 2383 425 2444; x_wconf 80' lang='lat' dir='ltr'><strong><em>Cum</em></strong></span> <span class='ocrx_word' id='word_1_54' title='bbox 450 2383 552 2460; x_wconf 89' lang='lat' dir='ltr'><strong><em>itaque</em></strong></span> <span class='ocrx_word' id='word_1_55' title='bbox 577 2385 657 2446; x_wconf 89' lang='lat' dir='ltr'><strong><em>sicat</em></strong></span> <span class='ocrx_word' id='word_1_56' title='bbox 679 2385 808 2446; x_wconf 90' lang='lat' dir='ltr'><strong><em>dilectus</em></strong></span> <span class='ocrx_word' id='word_1_57' title='bbox 836 2385 918 2446; x_wconf 86' lang='lat' dir='ltr'><strong><em>lilius</em></strong></span> <span class='ocrx_word' id='word_1_58' title='bbox 941 2385 1091 2448; x_wconf 87' lang='lat' dir='ltr'><strong><em>Emannel</em></strong></span> 
     </span>
     <span class='ocr_line' id='line_1_14' title="bbox 344 2475 1091 2556; baseline 0.005 -20"><span class='ocrx_word' id='word_1_59' title='bbox 344 2475 397 2536; x_wconf 89' lang='lat' dir='ltr'><strong><em>Del</em></strong></span> <span class='ocrx_word' id='word_1_60' title='bbox 415 2476 470 2538; x_wconf 76' lang='lat' dir='ltr'><strong><em>llio</em></strong></span> <span class='ocrx_word' id='word_1_61' title='bbox 491 2475 588 2537; x_wconf 90' lang='lat' dir='ltr'><strong><em>irater</em></strong></span> <span class='ocrx_word' id='word_1_62' title='bbox 601 2493 747 2556; x_wconf 86' lang='lat' dir='ltr'><strong><em>expresse</em></strong></span> <span class='ocrx_word' id='word_1_63' title='bbox 768 2478 933 2556; x_wconf 78' lang='lat' dir='ltr'><strong><em>protessus,</em></strong></span> <span class='ocrx_word' id='word_1_64' title='bbox 949 2495 983 2539; x_wconf 88' lang='lat' dir='ltr'><strong><em>ac</em></strong></span> <span class='ocrx_word' id='word_1_65' title='bbox 996 2478 1091 2540; x_wconf 90' lang='lat' dir='ltr'><strong><em>lector</em></strong></span> 
     </span>
     <span class='ocr_line' id='line_1_15' title="bbox 343 2567 1090 2647; baseline 0.007 -20"><span class='ocrx_word' id='word_1_66' title='bbox 343 2567 490 2629; x_wconf 88' lang='lat' dir='ltr'><strong><em>ittbilatus</em></strong></span> <span class='ocrx_word' id='word_1_67' title='bbox 511 2576 542 2631; x_wconf 91' lang='lat' dir='ltr'><strong><em>et</em></strong></span> <span class='ocrx_word' id='word_1_68' title='bbox 563 2575 665 2630; x_wconf 89' lang='lat' dir='ltr'><strong><em>custos</em></strong></span> <span class='ocrx_word' id='word_1_69' title='bbox 687 2569 864 2647; x_wconf 88' lang='lat' dir='ltr'><strong><em>provinciae</em></strong></span> <span class='ocrx_word' id='word_1_70' title='bbox 885 2571 1017 2646; x_wconf 88' lang='lat' dir='ltr'><strong><em>burgen.</em></strong></span> <span class='ocrx_word' id='word_1_71' title='bbox 1042 2587 1090 2632; x_wconf 90' lang='lat' dir='ltr'><strong><em>or-</em></strong></span> 
     </span>
     <span class='ocr_line' id='line_1_16' title="bbox 343 2661 1089 2727; baseline 0.007 -5"><span class='ocrx_word' id='word_1_72' title='bbox 343 2661 422 2722; x_wconf 85' lang='lat' dir='ltr'><strong><em>dinis</em></strong></span> <span class='ocrx_word' id='word_1_73' title='bbox 444 2663 600 2724; x_wconf 88' lang='lat' dir='ltr'><strong><em>blinorum</em></strong></span> <span class='ocrx_word' id='word_1_74' title='bbox 616 2661 646 2724; x_wconf 91' lang='lat' dir='ltr'><strong><em>S.</em></strong></span> <span class='ocrx_word' id='word_1_75' title='bbox 659 2664 812 2725; x_wconf 84' lang='lat' dir='ltr'><strong><em>Francisci</em></strong></span> <span class='ocrx_word' id='word_1_76' title='bbox 834 2667 872 2726; x_wconf 90' lang='lat' dir='ltr'><strong><em>de</em></strong></span> <span class='ocrx_word' id='word_1_77' title='bbox 893 2664 1089 2727; x_wconf 90' lang='lat' dir='ltr'><strong><em>observantia</em></strong></span> 
     </span>
     <span class='ocr_line' id='line_1_17' title="bbox 344 2759 1089 2835; baseline 0.007 -20"><span class='ocrx_word' id='word_1_78' title='bbox 344 2763 611 2832; x_wconf 76' lang='lat' dir='ltr'><strong><em>nuncupatorum,</em></strong></span> <span class='ocrx_word' id='word_1_79' title='bbox 637 2771 758 2817; x_wconf 84' lang='lat' dir='ltr'><strong><em>necnon</em></strong></span> <span class='ocrx_word' id='word_1_80' title='bbox 788 2759 1015 2819; x_wconf 88' lang='lat' dir='ltr'><strong><em>commissarius</em></strong></span> <span class='ocrx_word' id='word_1_81' title='bbox 1037 2775 1089 2835; x_wconf 90' lang='lat' dir='ltr'><strong><em>ge-</em></strong></span> 
     </span>
     <span class='ocr_line' id='line_1_18' title="bbox 342 2847 1090 2913; baseline 0.009 -7"><span class='ocrx_word' id='word_1_82' title='bbox 342 2847 455 2908; x_wconf 89' lang='lat' dir='ltr'><strong><em>neralis</em></strong></span> <span class='ocrx_word' id='word_1_83' title='bbox 471 2849 503 2908; x_wconf 94' lang='lat' dir='ltr'><strong><em>in</em></strong></span> <span class='ocrx_word' id='word_1_84' title='bbox 519 2864 643 2909; x_wconf 91' lang='lat' dir='ltr'><strong><em>romana</em></strong></span> <span class='ocrx_word' id='word_1_85' title='bbox 659 2849 742 2910; x_wconf 89' lang='lat' dir='ltr'><strong><em>caria</em></strong></span> <span class='ocrx_word' id='word_1_86' title='bbox 759 2849 853 2912; x_wconf 89' lang='lat' dir='ltr'><strong><em>totius</em></strong></span> <span class='ocrx_word' id='word_1_87' title='bbox 867 2851 1001 2913; x_wconf 80' lang='lat' dir='ltr'><strong><em>familiae</em></strong></span> <span class='ocrx_word' id='word_1_88' title='bbox 1016 2853 1090 2913; x_wconf 89' lang='lat' dir='ltr'><strong><em>&#39;ler-</em></strong></span> 
     </span>
     <span class='ocr_line' id='line_1_19' title="bbox 344 2940 1089 3022; baseline 0.009 -22"><span class='ocrx_word' id='word_1_89' title='bbox 344 2955 394 3000; x_wconf 90' lang='lat' dir='ltr'><strong><em>rae</em></strong></span> <span class='ocrx_word' id='word_1_90' title='bbox 414 2948 548 3014; x_wconf 86' lang='lat' dir='ltr'><strong><em>sanctae,</em></strong></span> <span class='ocrx_word' id='word_1_91' title='bbox 565 2940 654 3001; x_wconf 91' lang='lat' dir='ltr'><strong><em>nobis</em></strong></span> <span class='ocrx_word' id='word_1_92' title='bbox 676 2957 778 3019; x_wconf 85' lang='lat' dir='ltr'><strong><em>nuper</em></strong></span> <span class='ocrx_word' id='word_1_93' title='bbox 792 2944 903 3020; x_wconf 91' lang='lat' dir='ltr'><strong><em>exponi</em></strong></span> <span class='ocrx_word' id='word_1_94' title='bbox 926 2943 1008 3019; x_wconf 90' lang='lat' dir='ltr'><strong><em>lecit,</em></strong></span> <span class='ocrx_word' id='word_1_95' title='bbox 1024 2945 1089 3022; x_wconf 91' lang='lat' dir='ltr'><strong><em>ipse</em></strong></span> 
     </span>
     <span class='ocr_line' id='line_1_20' title="bbox 342 3033 1088 3111; baseline 0.009 -19"><span class='ocrx_word' id='word_1_96' title='bbox 342 3033 377 3092; x_wconf 91' lang='lat' dir='ltr'><strong><em>ad</em></strong></span> <span class='ocrx_word' id='word_1_97' title='bbox 399 3033 538 3094; x_wconf 88' lang='lat' dir='ltr'><strong><em>eiusdem</em></strong></span> <span class='ocrx_word' id='word_1_98' title='bbox 560 3035 673 3096; x_wconf 88' lang='lat' dir='ltr'><strong><em>Terrae</em></strong></span> <span class='ocrx_word' id='word_1_99' title='bbox 693 3044 814 3098; x_wconf 91' lang='lat' dir='ltr'><strong><em>sanctae</em></strong></span> <span class='ocrx_word' id='word_1_100' title='bbox 835 3036 1018 3111; x_wconf 81' lang='lat' dir='ltr'><strong><em>subsidium,</em></strong></span> <span class='ocrx_word' id='word_1_101' title='bbox 1039 3054 1088 3099; x_wconf 89' lang='lat' dir='ltr'><strong><em>eo-</em></strong></span> 
     </span>
     <span class='ocr_line' id='line_1_21' title="bbox 343 3127 1089 3203; baseline 0.009 -19"><span class='ocrx_word' id='word_1_102' title='bbox 343 3127 549 3203; x_wconf 88' lang='lat' dir='ltr'><strong><em>rumdemque</em></strong></span> <span class='ocrx_word' id='word_1_103' title='bbox 571 3127 705 3188; x_wconf 83' lang='lat' dir='ltr'><strong><em>fratrum</em></strong></span> <span class='ocrx_word' id='word_1_104' title='bbox 728 3128 802 3189; x_wconf 90' lang='lat' dir='ltr'><strong><em>inibi</em></strong></span> <span class='ocrx_word' id='word_1_105' title='bbox 826 3129 950 3190; x_wconf 89' lang='lat' dir='ltr'><strong><em>vineam</em></strong></span> <span class='ocrx_word' id='word_1_106' title='bbox 965 3129 1089 3191; x_wconf 88' lang='lat' dir='ltr'><strong><em>Domini</em></strong></span> 
     </span>
     <span class='ocr_line' id='line_1_22' title="bbox 342 3217 1087 3297; baseline 0.009 -22"><span class='ocrx_word' id='word_1_107' title='bbox 342 3217 460 3277; x_wconf 88' lang='lat' dir='ltr'><strong><em>assidue</em></strong></span> <span class='ocrx_word' id='word_1_108' title='bbox 488 3217 710 3292; x_wconf 89' lang='lat' dir='ltr'><strong><em>excolentium,</em></strong></span> <span class='ocrx_word' id='word_1_109' title='bbox 740 3235 884 3297; x_wconf 87' lang='lat' dir='ltr'><strong><em>sacraque</em></strong></span> <span class='ocrx_word' id='word_1_110' title='bbox 906 3219 969 3281; x_wconf 87' lang='lat' dir='ltr'><strong><em>loca</em></strong></span> <span class='ocrx_word' id='word_1_111' title='bbox 994 3237 1087 3282; x_wconf 87' lang='lat' dir='ltr'><strong><em>vene-</em></strong></span> 
     </span>
     <span class='ocr_line' id='line_1_23' title="bbox 343 3309 1088 3392; baseline 0.011 -24"><span class='ocrx_word' id='word_1_112' title='bbox 343 3309 481 3370; x_wconf 89' lang='lat' dir='ltr'><strong><em>rantium</em></strong></span> <span class='ocrx_word' id='word_1_113' title='bbox 495 3310 748 3385; x_wconf 75' lang='lat' dir='ltr'><strong><em>subventionem,</em></strong></span> <span class='ocrx_word' id='word_1_114' title='bbox 763 3327 884 3374; x_wconf 85' lang='lat' dir='ltr'><strong><em>necnon</em></strong></span> <span class='ocrx_word' id='word_1_115' title='bbox 895 3314 931 3374; x_wconf 92' lang='lat' dir='ltr'><strong><em>ad</em></strong></span> <span class='ocrx_word' id='word_1_116' title='bbox 946 3313 1088 3392; x_wconf 89' lang='lat' dir='ltr'><strong><em>spiritua-</em></strong></span> 
     </span>
     <span class='ocr_line' id='line_1_24' title="bbox 342 3399 1089 3483; baseline 0.012 -23"><span class='ocrx_word' id='word_1_117' title='bbox 342 3399 405 3460; x_wconf 87' lang='lat' dir='ltr'><strong><em>lem</em></strong></span> <span class='ocrx_word' id='word_1_118' title='bbox 432 3402 656 3464; x_wconf 71' lang='lat' dir='ltr'><strong><em>carissimorum</em></strong></span> <span class='ocrx_word' id='word_1_119' title='bbox 677 3403 709 3464; x_wconf 95' lang='lat' dir='ltr'><strong><em>in</em></strong></span> <span class='ocrx_word' id='word_1_120' title='bbox 732 3403 791 3464; x_wconf 90' lang='lat' dir='ltr'><strong><em>illis</em></strong></span> <span class='ocrx_word' id='word_1_121' title='bbox 819 3405 953 3483; x_wconf 90' lang='lat' dir='ltr'><strong><em>partibus</em></strong></span> <span class='ocrx_word' id='word_1_122' title='bbox 974 3408 1089 3482; x_wconf 82' lang='lat' dir='ltr'><strong><em>degen-</em></strong></span> 
     </span>
     <span class='ocr_line' id='line_1_25' title="bbox 344 3496 1087 3577; baseline 0.007 -21"><span class='ocrx_word' id='word_1_123' title='bbox 344 3496 434 3570; x_wconf 90' lang='lat' dir='ltr'><strong><em>tium,</em></strong></span> <span class='ocrx_word' id='word_1_124' title='bbox 456 3512 556 3573; x_wconf 91' lang='lat' dir='ltr'><strong><em>eoque</em></strong></span> <span class='ocrx_word' id='word_1_125' title='bbox 577 3497 749 3558; x_wconf 90' lang='lat' dir='ltr'><strong><em>devotionis</em></strong></span> <span class='ocrx_word' id='word_1_126' title='bbox 777 3513 866 3559; x_wconf 89' lang='lat' dir='ltr'><strong><em>causa</em></strong></span> <span class='ocrx_word' id='word_1_127' title='bbox 887 3499 1087 3577; x_wconf 86' lang='lat' dir='ltr'><strong><em>peregrinan-</em></strong></span> 
     </span>
     <span class='ocr_line' id='line_1_26' title="bbox 343 3589 1086 3669; baseline 0.007 -19"><span class='ocrx_word' id='word_1_128' title='bbox 343 3589 423 3652; x_wconf 90' lang='lat' dir='ltr'><strong><em>tium</em></strong></span> <span class='ocrx_word' id='word_1_129' title='bbox 450 3590 693 3652; x_wconf 81' lang='lat' dir='ltr'><strong><em>consolationem</em></strong></span> <span class='ocrx_word' id='word_1_130' title='bbox 716 3597 746 3651; x_wconf 91' lang='lat' dir='ltr'><strong><em>et</em></strong></span> <span class='ocrx_word' id='word_1_131' title='bbox 768 3590 959 3669; x_wconf 87' lang='lat' dir='ltr'><strong><em>proiectum,</em></strong></span> <span class='ocrx_word' id='word_1_132' title='bbox 983 3595 1086 3655; x_wconf 93' lang='lat' dir='ltr'><strong><em>omnia</em></strong></span> 
     </span>
     <span class='ocr_line' id='line_1_27' title="bbox 341 3683 1086 3762; baseline 0.008 -20"><span class='ocrx_word' id='word_1_133' title='bbox 341 3691 373 3742; x_wconf 88' lang='lat' dir='ltr'><strong><em>et</em></strong></span> <span class='ocrx_word' id='word_1_134' title='bbox 394 3683 527 3758; x_wconf 90' lang='lat' dir='ltr'><strong><em>singula,</em></strong></span> <span class='ocrx_word' id='word_1_135' title='bbox 555 3683 664 3758; x_wconf 90' lang='lat' dir='ltr'><strong><em>gratis,</em></strong></span> <span class='ocrx_word' id='word_1_136' title='bbox 688 3683 848 3761; x_wconf 85' lang='lat' dir='ltr'><strong><em>privilegia</em></strong></span> <span class='ocrx_word' id='word_1_137' title='bbox 869 3695 901 3746; x_wconf 91' lang='lat' dir='ltr'><strong><em>et</em></strong></span> <span class='ocrx_word' id='word_1_138' title='bbox 922 3685 1086 3762; x_wconf 90' lang='lat' dir='ltr'><strong><em>indulgen-</em></strong></span> 
     </span>
     <span class='ocr_line' id='line_1_28' title="bbox 344 3774 1087 3852; baseline 0.009 -18"><span class='ocrx_word' id='word_1_139' title='bbox 344 3774 398 3834; x_wconf 90' lang='lat' dir='ltr'><strong><em>tias</em></strong></span> <span class='ocrx_word' id='word_1_140' title='bbox 421 3775 480 3836; x_wconf 91' lang='lat' dir='ltr'><strong><em>huc</em></strong></span> <span class='ocrx_word' id='word_1_141' title='bbox 502 3791 600 3852; x_wconf 90' lang='lat' dir='ltr'><strong><em>usque</em></strong></span> <span class='ocrx_word' id='word_1_142' title='bbox 620 3777 711 3837; x_wconf 91' lang='lat' dir='ltr'><strong><em>sacris</em></strong></span> <span class='ocrx_word' id='word_1_143' title='bbox 732 3778 873 3839; x_wconf 89' lang='lat' dir='ltr'><strong><em>eiusdem</em></strong></span> <span class='ocrx_word' id='word_1_144' title='bbox 893 3779 1005 3840; x_wconf 86' lang='lat' dir='ltr'><strong><em>Terrae</em></strong></span> <span class='ocrx_word' id='word_1_145' title='bbox 1018 3797 1087 3842; x_wconf 91' lang='lat' dir='ltr'><strong><em>san·</em></strong></span> 
     </span>
     <span class='ocr_line' id='line_1_29' title="bbox 342 3867 1087 3946; baseline 0.009 -18"><span class='ocrx_word' id='word_1_146' title='bbox 342 3876 407 3930; x_wconf 89' lang='lat' dir='ltr'><strong><em>ctae</em></strong></span> <span class='ocrx_word' id='word_1_147' title='bbox 429 3867 499 3930; x_wconf 92' lang='lat' dir='ltr'><strong><em>locis</em></strong></span> <span class='ocrx_word' id='word_1_148' title='bbox 521 3869 682 3946; x_wconf 87' lang='lat' dir='ltr'><strong><em>apostoliea</em></strong></span> <span class='ocrx_word' id='word_1_149' title='bbox 702 3871 883 3933; x_wconf 89' lang='lat' dir='ltr'><strong><em>auctoritate</em></strong></span> <span class='ocrx_word' id='word_1_150' title='bbox 899 3887 1041 3935; x_wconf 89' lang='lat' dir='ltr'><strong><em>concessa</em></strong></span> <span class='ocrx_word' id='word_1_151' title='bbox 1054 3883 1087 3937; x_wconf 90' lang='lat' dir='ltr'><strong><em>et</em></strong></span> 
     </span>
     <span class='ocr_line' id='line_1_30' title="bbox 342 3961 1086 4040; baseline 0.005 -17"><span class='ocrx_word' id='word_1_152' title='bbox 342 3961 532 4035; x_wconf 82' lang='lat' dir='ltr'><strong><em>confirmata,</em></strong></span> <span class='ocrx_word' id='word_1_153' title='bbox 545 3977 599 4040; x_wconf 90' lang='lat' dir='ltr'><strong><em>per</em></strong></span> <span class='ocrx_word' id='word_1_154' title='bbox 611 3977 667 4022; x_wconf 89' lang='lat' dir='ltr'><strong><em>nos</em></strong></span> <span class='ocrx_word' id='word_1_155' title='bbox 682 3963 787 4023; x_wconf 89' lang='lat' dir='ltr'><strong><em>eadem</em></strong></span> <span class='ocrx_word' id='word_1_156' title='bbox 799 3965 980 4026; x_wconf 88' lang='lat' dir='ltr'><strong><em>auctoritate</em></strong></span> <span class='ocrx_word' id='word_1_157' title='bbox 994 3968 1086 4028; x_wconf 88' lang='lat' dir='ltr'><strong><em>etiam</em></strong></span> 
     </span>
     <span class='ocr_line' id='line_1_31' title="bbox 341 4054 1082 4132; baseline 0.003 -16"><span class='ocrx_word' id='word_1_158' title='bbox 341 4055 557 4116; x_wconf 84' lang='lat' dir='ltr'><strong><em>confirmariet</em></strong></span> <span class='ocrx_word' id='word_1_159' title='bbox 568 4054 726 4131; x_wconf 89' lang='lat' dir='ltr'><strong><em>approbari</em></strong></span> <span class='ocrx_word' id='word_1_160' title='bbox 738 4054 910 4132; x_wconf 90' lang='lat' dir='ltr'><strong><em>plurimum</em></strong></span> <span class='ocrx_word' id='word_1_161' title='bbox 921 4055 1082 4121; x_wconf 88' lang='lat' dir='ltr'><strong><em>desideret.</em></strong></span> 
     </span>
     <span class='ocr_line' id='line_1_32' title="bbox 341 4146 1087 4229; baseline 0.008 -21"><span class='ocrx_word' id='word_1_162' title='bbox 341 4146 404 4208; x_wconf 90' lang='lat' dir='ltr'><strong><em>Nos</em></strong></span> <span class='ocrx_word' id='word_1_163' title='bbox 415 4147 564 4208; x_wconf 88' lang='lat' dir='ltr'><strong><em>desiderio</em></strong></span> <span class='ocrx_word' id='word_1_164' title='bbox 576 4147 751 4209; x_wconf 87' lang='lat' dir='ltr'><strong><em>huiusmodi</em></strong></span> <span class='ocrx_word' id='word_1_165' title='bbox 763 4150 1087 4229; x_wconf 89' lang='lat' dir='ltr'><strong><em>annuere,ipsumque</em></strong></span> 
     </span>
     <span class='ocr_line' id='line_1_33' title="bbox 343 4240 1087 4320; baseline 0.008 -20"><span class='ocrx_word' id='word_1_166' title='bbox 343 4240 546 4302; x_wconf 86' lang='lat' dir='ltr'><strong><em>Emannelem</em></strong></span> <span class='ocrx_word' id='word_1_167' title='bbox 561 4240 743 4319; x_wconf 81' lang='lat' dir='ltr'><strong><em>specialibus</em></strong></span> <span class='ocrx_word' id='word_1_168' title='bbox 765 4241 921 4304; x_wconf 81' lang='lat' dir='ltr'><strong><em>favoribus</em></strong></span> <span class='ocrx_word' id='word_1_169' title='bbox 935 4251 966 4304; x_wconf 90' lang='lat' dir='ltr'><strong><em>et</em></strong></span> <span class='ocrx_word' id='word_1_170' title='bbox 981 4245 1087 4320; x_wconf 90' lang='lat' dir='ltr'><strong><em>gratiis</em></strong></span> 
     </span>
     <span class='ocr_line' id='line_1_34' title="bbox 341 4333 1086 4412; baseline 0.008 -18"><span class='ocrx_word' id='word_1_171' title='bbox 341 4335 483 4412; x_wconf 88' lang='lat' dir='ltr'><strong><em>prosequi</em></strong></span> <span class='ocrx_word' id='word_1_172' title='bbox 511 4333 667 4407; x_wconf 91' lang='lat' dir='ltr'><strong><em>volentes,</em></strong></span> <span class='ocrx_word' id='word_1_173' title='bbox 691 4341 722 4395; x_wconf 83' lang='lat' dir='ltr'><strong><em>et</em></strong></span> <span class='ocrx_word' id='word_1_174' title='bbox 743 4351 759 4393; x_wconf 90' lang='lat' dir='ltr'><strong><em>a</em></strong></span> <span class='ocrx_word' id='word_1_175' title='bbox 781 4335 940 4411; x_wconf 85' lang='lat' dir='ltr'><strong><em>quibusvis</em></strong></span> <span class='ocrx_word' id='word_1_176' title='bbox 965 4353 1086 4400; x_wconf 84' lang='lat' dir='ltr'><strong><em>excom-</em></strong></span> 
     </span>
     <span class='ocr_line' id='line_1_35' title="bbox 343 4427 1085 4506; baseline 0.007 -18"><span class='ocrx_word' id='word_1_177' title='bbox 343 4427 580 4499; x_wconf 86' lang='lat' dir='ltr'><strong><em>municationis,</em></strong></span> <span class='ocrx_word' id='word_1_178' title='bbox 609 4427 820 4504; x_wconf 84' lang='lat' dir='ltr'><strong><em>suspensionis</em></strong></span> <span class='ocrx_word' id='word_1_179' title='bbox 848 4437 879 4490; x_wconf 93' lang='lat' dir='ltr'><strong><em>et</em></strong></span> <span class='ocrx_word' id='word_1_180' title='bbox 911 4430 1085 4506; x_wconf 89' lang='lat' dir='ltr'><strong><em>interdicti,</em></strong></span> 
     </span>
     <span class='ocr_line' id='line_1_36' title="bbox 339 4519 1087 4597; baseline 0.012 -19"><span class='ocrx_word' id='word_1_181' title='bbox 339 4520 468 4597; x_wconf 90' lang='lat' dir='ltr'><strong><em>aliisque</em></strong></span> <span class='ocrx_word' id='word_1_182' title='bbox 488 4519 698 4582; x_wconf 87' lang='lat' dir='ltr'><strong><em>ecclesiasticis</em></strong></span> <span class='ocrx_word' id='word_1_183' title='bbox 712 4522 886 4597; x_wconf 87' lang='lat' dir='ltr'><strong><em>sententiis,</em></strong></span> <span class='ocrx_word' id='word_1_184' title='bbox 903 4525 1041 4586; x_wconf 88' lang='lat' dir='ltr'><strong><em>censuris</em></strong></span> <span class='ocrx_word' id='word_1_185' title='bbox 1055 4533 1087 4587; x_wconf 89' lang='lat' dir='ltr'><strong><em>et</em></strong></span> 
     </span>
     <span class='ocr_line' id='line_1_37' title="bbox 341 4612 1086 4693; baseline 0.009 -21"><span class='ocrx_word' id='word_1_186' title='bbox 341 4614 448 4690; x_wconf 90' lang='lat' dir='ltr'><strong><em>poenis</em></strong></span> <span class='ocrx_word' id='word_1_187' title='bbox 469 4629 484 4672; x_wconf 90' lang='lat' dir='ltr'><strong><em>a</em></strong></span> <span class='ocrx_word' id='word_1_188' title='bbox 505 4613 575 4673; x_wconf 93' lang='lat' dir='ltr'><strong><em>iure</em></strong></span> <span class='ocrx_word' id='word_1_189' title='bbox 600 4612 650 4672; x_wconf 91' lang='lat' dir='ltr'><strong><em>vel</em></strong></span> <span class='ocrx_word' id='word_1_190' title='bbox 670 4613 707 4673; x_wconf 90' lang='lat' dir='ltr'><strong><em>ab</em></strong></span> <span class='ocrx_word' id='word_1_191' title='bbox 728 4613 853 4675; x_wconf 91' lang='lat' dir='ltr'><strong><em>homine</em></strong></span> <span class='ocrx_word' id='word_1_192' title='bbox 876 4617 983 4693; x_wconf 87' lang='lat' dir='ltr'><strong><em>quavis</em></strong></span> <span class='ocrx_word' id='word_1_193' title='bbox 1005 4634 1086 4679; x_wconf 85' lang='lat' dir='ltr'><strong><em>occa·</em></strong></span> 
     </span>
     <span class='ocr_line' id='line_1_38' title="bbox 340 4704 1086 4785; baseline 0.007 -19"><span class='ocrx_word' id='word_1_194' title='bbox 340 4707 427 4766; x_wconf 88' lang='lat' dir='ltr'><strong><em>sione</em></strong></span> <span class='ocrx_word' id='word_1_195' title='bbox 448 4704 498 4766; x_wconf 90' lang='lat' dir='ltr'><strong><em>vel</em></strong></span> <span class='ocrx_word' id='word_1_196' title='bbox 519 4721 607 4768; x_wconf 89' lang='lat' dir='ltr'><strong><em>causa</em></strong></span> <span class='ocrx_word' id='word_1_197' title='bbox 629 4705 713 4778; x_wconf 80' lang='lat' dir='ltr'><strong><em>istie,</em></strong></span> <span class='ocrx_word' id='word_1_198' title='bbox 736 4705 762 4764; x_wconf 84' lang='lat' dir='ltr'><strong><em>st</em></strong></span> <span class='ocrx_word' id='word_1_199' title='bbox 784 4706 895 4783; x_wconf 90' lang='lat' dir='ltr'><strong><em>quibus</em></strong></span> <span class='ocrx_word' id='word_1_200' title='bbox 916 4711 1086 4785; x_wconf 89' lang='lat' dir='ltr'><strong><em>quomodo·</em></strong></span> 
     </span>
     <span class='ocr_line' id='line_1_39' title="bbox 341 4797 1086 4880; baseline 0.008 -22"><span class='ocrx_word' id='word_1_201' title='bbox 341 4797 417 4860; x_wconf 91' lang='lat' dir='ltr'><strong><em>libet</em></strong></span> <span class='ocrx_word' id='word_1_202' title='bbox 438 4797 603 4859; x_wconf 90' lang='lat' dir='ltr'><strong><em>innodatus</em></strong></span> <span class='ocrx_word' id='word_1_203' title='bbox 623 4798 743 4873; x_wconf 84' lang='lat' dir='ltr'><strong><em>existit,</em></strong></span> <span class='ocrx_word' id='word_1_204' title='bbox 766 4801 802 4860; x_wconf 89' lang='lat' dir='ltr'><strong><em>ad</em></strong></span> <span class='ocrx_word' id='word_1_205' title='bbox 828 4800 974 4862; x_wconf 86' lang='lat' dir='ltr'><strong><em>ellectum</em></strong></span> <span class='ocrx_word' id='word_1_206' title='bbox 1001 4817 1086 4880; x_wconf 90' lang='lat' dir='ltr'><strong><em>prae-</em></strong></span> 
     </span>
     <span class='ocr_line' id='line_1_40' title="bbox 339 4891 1085 4970; baseline 0.007 -18"><span class='ocrx_word' id='word_1_207' title='bbox 339 4892 476 4953; x_wconf 88' lang='lat' dir='ltr'><strong><em>sentium</em></strong></span> <span class='ocrx_word' id='word_1_208' title='bbox 508 4891 667 4953; x_wconf 85' lang='lat' dir='ltr'><strong><em>dumtaxat</em></strong></span> <span class='ocrx_word' id='word_1_209' title='bbox 694 4895 948 4970; x_wconf 89' lang='lat' dir='ltr'><strong><em>consequendum</em></strong></span> <span class='ocrx_word' id='word_1_210' title='bbox 974 4895 1085 4957; x_wconf 88' lang='lat' dir='ltr'><strong><em>harum</em></strong></span> 
     </span>
     <span class='ocr_line' id='line_1_41' title="bbox 339 4985 1086 5059; baseline 0.008 -14"><span class='ocrx_word' id='word_1_211' title='bbox 339 4986 420 5047; x_wconf 89' lang='lat' dir='ltr'><strong><em>serie</em></strong></span> <span class='ocrx_word' id='word_1_212' title='bbox 447 4985 651 5059; x_wconf 88' lang='lat' dir='ltr'><strong><em>absolventes,</em></strong></span> <span class='ocrx_word' id='word_1_213' title='bbox 675 4992 705 5046; x_wconf 92' lang='lat' dir='ltr'><strong><em>et</em></strong></span> <span class='ocrx_word' id='word_1_214' title='bbox 727 4985 902 5046; x_wconf 89' lang='lat' dir='ltr'><strong><em>absolutum</em></strong></span> <span class='ocrx_word' id='word_1_215' title='bbox 930 4986 996 5050; x_wconf 90' lang='lat' dir='ltr'><strong><em>iore</em></strong></span> <span class='ocrx_word' id='word_1_216' title='bbox 1016 5005 1086 5051; x_wconf 90' lang='lat' dir='ltr'><strong><em>cen·</em></strong></span> 
     </span>
     <span class='ocr_line' id='line_1_42' title="bbox 338 5077 1085 5154; baseline 0.009 -17"><span class='ocrx_word' id='word_1_217' title='bbox 338 5086 453 5151; x_wconf 88' lang='lat' dir='ltr'><strong><em>sentes,</em></strong></span> <span class='ocrx_word' id='word_1_218' title='bbox 476 5077 749 5154; x_wconf 88' lang='lat' dir='ltr'><strong><em>supplicationibus</em></strong></span> <span class='ocrx_word' id='word_1_219' title='bbox 776 5079 843 5139; x_wconf 91' lang='lat' dir='ltr'><strong><em>eius</em></strong></span> <span class='ocrx_word' id='word_1_220' title='bbox 873 5081 1001 5142; x_wconf 92' lang='lat' dir='ltr'><strong><em>nomine</em></strong></span> <span class='ocrx_word' id='word_1_221' title='bbox 1030 5097 1085 5144; x_wconf 92' lang='lat' dir='ltr'><strong><em>no-</em></strong></span> 
     </span>
     <span class='ocr_line' id='line_1_43' title="bbox 339 5169 1083 5250; baseline 0.005 -18"><span class='ocrx_word' id='word_1_222' title='bbox 339 5171 385 5232; x_wconf 89' lang='lat' dir='ltr'><strong><em>his</em></strong></span> <span class='ocrx_word' id='word_1_223' title='bbox 398 5185 492 5248; x_wconf 87' lang='lat' dir='ltr'><strong><em>super</em></strong></span> <span class='ocrx_word' id='word_1_224' title='bbox 507 5170 562 5230; x_wconf 88' lang='lat' dir='ltr'><strong><em>hoc</em></strong></span> <span class='ocrx_word' id='word_1_225' title='bbox 578 5169 740 5231; x_wconf 80' lang='lat' dir='ltr'><strong><em>humiliter</em></strong></span> <span class='ocrx_word' id='word_1_226' title='bbox 762 5172 910 5248; x_wconf 90' lang='lat' dir='ltr'><strong><em>porrectis</em></strong></span> <span class='ocrx_word' id='word_1_227' title='bbox 932 5174 1083 5250; x_wconf 87' lang='lat' dir='ltr'><strong><em>inclinati,</em></strong></span> 
     </span>
     <span class='ocr_line' id='line_1_44' title="bbox 340 5263 1084 5344; baseline 0.007 -20"><span class='ocrx_word' id='word_1_228' title='bbox 340 5264 442 5324; x_wconf 92' lang='lat' dir='ltr'><strong><em>omnia</em></strong></span> <span class='ocrx_word' id='word_1_229' title='bbox 465 5269 495 5324; x_wconf 90' lang='lat' dir='ltr'><strong><em>et</em></strong></span> <span class='ocrx_word' id='word_1_230' title='bbox 515 5263 637 5339; x_wconf 87' lang='lat' dir='ltr'><strong><em>singula</em></strong></span> <span class='ocrx_word' id='word_1_231' title='bbox 659 5264 837 5340; x_wconf 89' lang='lat' dir='ltr'><strong><em>privilegia,</em></strong></span> <span class='ocrx_word' id='word_1_232' title='bbox 860 5269 1084 5344; x_wconf 87' lang='lat' dir='ltr'><strong><em>concessiones,</em></strong></span> 
     </span>
     <span class='ocr_line' id='line_1_45' title="bbox 339 5356 1084 5433; baseline 0.005 -15"><span class='ocrx_word' id='word_1_233' title='bbox 339 5357 509 5430; x_wconf 80' lang='lat' dir='ltr'><strong><em>facultates,</em></strong></span> <span class='ocrx_word' id='word_1_234' title='bbox 532 5356 668 5430; x_wconf 88' lang='lat' dir='ltr'><strong><em>indulta,</em></strong></span> <span class='ocrx_word' id='word_1_235' title='bbox 692 5356 911 5433; x_wconf 77' lang='lat' dir='ltr'><strong><em>indulgentias,</em></strong></span> <span class='ocrx_word' id='word_1_236' title='bbox 937 5368 1084 5422; x_wconf 88' lang='lat' dir='ltr'><strong><em>caeteras-</em></strong></span> 
     </span>
     <span class='ocr_line' id='line_1_46' title="bbox 339 5449 1085 5528; baseline 0.007 -17"><span class='ocrx_word' id='word_1_237' title='bbox 339 5465 399 5527; x_wconf 86' lang='lat' dir='ltr'><strong><em>que</em></strong></span> <span class='ocrx_word' id='word_1_238' title='bbox 415 5449 526 5526; x_wconf 83' lang='lat' dir='ltr'><strong><em>gratias</em></strong></span> <span class='ocrx_word' id='word_1_239' title='bbox 541 5449 714 5526; x_wconf 86' lang='lat' dir='ltr'><strong><em>spirituales</em></strong></span> <span class='ocrx_word' id='word_1_240' title='bbox 726 5459 757 5510; x_wconf 91' lang='lat' dir='ltr'><strong><em>et</em></strong></span> <span class='ocrx_word' id='word_1_241' title='bbox 770 5452 953 5528; x_wconf 87' lang='lat' dir='ltr'><strong><em>temporales</em></strong></span> <span class='ocrx_word' id='word_1_242' title='bbox 969 5454 1085 5516; x_wconf 88' lang='lat' dir='ltr'><strong><em>eisdem</em></strong></span> 
     </span>
     <span class='ocr_line' id='line_1_47' title="bbox 338 5541 1084 5617; baseline 0.005 -13"><span class='ocrx_word' id='word_1_243' title='bbox 338 5543 425 5616; x_wconf 92' lang='lat' dir='ltr'><strong><em>locis,</em></strong></span> <span class='ocrx_word' id='word_1_244' title='bbox 448 5551 479 5603; x_wconf 91' lang='lat' dir='ltr'><strong><em>et</em></strong></span> <span class='ocrx_word' id='word_1_245' title='bbox 500 5543 551 5602; x_wconf 93' lang='lat' dir='ltr'><strong><em>illa</em></strong></span> <span class='ocrx_word' id='word_1_246' title='bbox 572 5541 781 5617; x_wconf 85' lang='lat' dir='ltr'><strong><em>visitantibus,</em></strong></span> <span class='ocrx_word' id='word_1_247' title='bbox 798 5559 921 5605; x_wconf 89' lang='lat' dir='ltr'><strong><em>necnon</em></strong></span> <span class='ocrx_word' id='word_1_248' title='bbox 943 5547 1016 5608; x_wconf 90' lang='lat' dir='ltr'><strong><em>dicti</em></strong></span> <span class='ocrx_word' id='word_1_249' title='bbox 1037 5564 1084 5608; x_wconf 94' lang='lat' dir='ltr'><strong><em>or·</em></strong></span> 
     </span>
     <span class='ocr_line' id='line_1_48' title="bbox 338 5633 1083 5714; baseline 0.005 -20"><span class='ocrx_word' id='word_1_250' title='bbox 338 5633 419 5695; x_wconf 89' lang='lat' dir='ltr'><strong><em>dinis</em></strong></span> <span class='ocrx_word' id='word_1_251' title='bbox 441 5633 610 5709; x_wconf 88' lang='lat' dir='ltr'><strong><em>guardiano</em></strong></span> <span class='ocrx_word' id='word_1_252' title='bbox 625 5641 656 5693; x_wconf 90' lang='lat' dir='ltr'><strong><em>et</em></strong></span> <span class='ocrx_word' id='word_1_253' title='bbox 678 5633 823 5695; x_wconf 88' lang='lat' dir='ltr'><strong><em>iratribus</em></strong></span> <span class='ocrx_word' id='word_1_254' title='bbox 835 5635 867 5694; x_wconf 93' lang='lat' dir='ltr'><strong><em>in</em></strong></span> <span class='ocrx_word' id='word_1_255' title='bbox 883 5636 970 5697; x_wconf 88' lang='lat' dir='ltr'><strong><em>dictis</em></strong></span> <span class='ocrx_word' id='word_1_256' title='bbox 991 5639 1083 5714; x_wconf 87' lang='lat' dir='ltr'><strong><em>parti-</em></strong></span> 
     </span>
     <span class='ocr_line' id='line_1_49' title="bbox 338 5725 1085 5805; baseline 0.009 -19"><span class='ocrx_word' id='word_1_257' title='bbox 338 5725 395 5788; x_wconf 89' lang='lat' dir='ltr'><strong><em>bus</em></strong></span> <span class='ocrx_word' id='word_1_258' title='bbox 416 5725 600 5802; x_wconf 89' lang='lat' dir='ltr'><strong><em>degentibus</em></strong></span> <span class='ocrx_word' id='word_1_259' title='bbox 622 5739 678 5802; x_wconf 92' lang='lat' dir='ltr'><strong><em>per</em></strong></span> <span class='ocrx_word' id='word_1_260' title='bbox 697 5741 910 5805; x_wconf 89' lang='lat' dir='ltr'><strong><em>quoscumque</em></strong></span> <span class='ocrx_word' id='word_1_261' title='bbox 931 5728 1085 5793; x_wconf 83' lang='lat' dir='ltr'><strong><em>Romanos</em></strong></span> 
     </span>
    </p>
   </div>
   <div class='ocr_carea' id='block_1_6' title="bbox 1141 1077 1900 3851">
    <p class='ocr_par' dir='ltr' id='par_1_6' title="bbox 1141 1077 1900 3851">
     <span class='ocr_line' id='line_1_50' title="bbox 1153 1077 1900 1158; baseline 0.008 -18"><span class='ocrx_word' id='word_1_262' title='bbox 1153 1077 1317 1142; x_wconf 85' lang='lat' dir='ltr'><strong><em>Pontifices</em></strong></span> <span class='ocrx_word' id='word_1_263' title='bbox 1332 1079 1579 1158; x_wconf 88' lang='lat' dir='ltr'><strong><em>praedecessores</em></strong></span> <span class='ocrx_word' id='word_1_264' title='bbox 1594 1089 1727 1158; x_wconf 89' lang='lat' dir='ltr'><strong><em>nostros,</em></strong></span> <span class='ocrx_word' id='word_1_265' title='bbox 1740 1099 1774 1146; x_wconf 90' lang='lat' dir='ltr'><strong><em>ac</em></strong></span> <span class='ocrx_word' id='word_1_266' title='bbox 1789 1083 1900 1148; x_wconf 88' lang='lat' dir='ltr'><strong><em>Sedem</em></strong></span> 
     </span>
     <span class='ocr_line' id='line_1_51' title="bbox 1153 1173 1900 1254; baseline 0.009 -20"><span class='ocrx_word' id='word_1_267' title='bbox 1153 1173 1359 1249; x_wconf 84' lang='lat' dir='ltr'><strong><em>Apostolicam</em></strong></span> <span class='ocrx_word' id='word_1_268' title='bbox 1374 1175 1407 1236; x_wconf 94' lang='lat' dir='ltr'><strong><em>in</em></strong></span> <span class='ocrx_word' id='word_1_269' title='bbox 1423 1189 1552 1250; x_wconf 84' lang='lat' dir='ltr'><strong><em>genere,</em></strong></span> <span class='ocrx_word' id='word_1_270' title='bbox 1569 1175 1619 1236; x_wconf 89' lang='lat' dir='ltr'><strong><em>vel</em></strong></span> <span class='ocrx_word' id='word_1_271' title='bbox 1634 1177 1746 1254; x_wconf 90' lang='lat' dir='ltr'><strong><em>specie,</em></strong></span> <span class='ocrx_word' id='word_1_272' title='bbox 1762 1178 1814 1240; x_wconf 88' lang='lat' dir='ltr'><strong><em>vel</em></strong></span> <span class='ocrx_word' id='word_1_273' title='bbox 1828 1179 1900 1241; x_wconf 88' lang='lat' dir='ltr'><strong><em>alias</em></strong></span> 
     </span>
     <span class='ocr_line' id='line_1_52' title="bbox 1151 1266 1900 1346; baseline 0.008 -19"><span class='ocrx_word' id='word_1_274' title='bbox 1151 1266 1383 1342; x_wconf 87' lang='lat' dir='ltr'><strong><em>quomodolibet</em></strong></span> <span class='ocrx_word' id='word_1_275' title='bbox 1410 1283 1568 1342; x_wconf 90' lang='lat' dir='ltr'><strong><em>concessa,</em></strong></span> <span class='ocrx_word' id='word_1_276' title='bbox 1598 1277 1751 1346; x_wconf 86' lang='lat' dir='ltr'><strong><em>quatenus</em></strong></span> <span class='ocrx_word' id='word_1_277' title='bbox 1776 1271 1840 1333; x_wconf 91' lang='lat' dir='ltr'><strong><em>sint</em></strong></span> <span class='ocrx_word' id='word_1_278' title='bbox 1866 1272 1900 1333; x_wconf 92' lang='lat' dir='ltr'><strong><em>in</em></strong></span> 
     </span>
     <span class='ocr_line' id='line_1_53' title="bbox 1151 1361 1899 1442; baseline 0.009 -22"><span class='ocrx_word' id='word_1_279' title='bbox 1151 1376 1222 1433; x_wconf 90' lang='lat' dir='ltr'><strong><em>usu,</em></strong></span> <span class='ocrx_word' id='word_1_280' title='bbox 1243 1365 1274 1421; x_wconf 92' lang='lat' dir='ltr'><strong><em>et</em></strong></span> <span class='ocrx_word' id='word_1_281' title='bbox 1296 1375 1360 1422; x_wconf 90' lang='lat' dir='ltr'><strong><em>non</em></strong></span> <span class='ocrx_word' id='word_1_282' title='bbox 1381 1361 1444 1422; x_wconf 90' lang='lat' dir='ltr'><strong><em>sint</em></strong></span> <span class='ocrx_word' id='word_1_283' title='bbox 1465 1369 1617 1436; x_wconf 87' lang='lat' dir='ltr'><strong><em>revocata,</em></strong></span> <span class='ocrx_word' id='word_1_284' title='bbox 1639 1371 1693 1425; x_wconf 92' lang='lat' dir='ltr'><strong><em>aut</em></strong></span> <span class='ocrx_word' id='word_1_285' title='bbox 1712 1364 1771 1426; x_wconf 89' lang='lat' dir='ltr'><strong><em>suh</em></strong></span> <span class='ocrx_word' id='word_1_286' title='bbox 1790 1364 1899 1442; x_wconf 90' lang='lat' dir='ltr'><strong><em>aliqui·</em></strong></span> 
     </span>
     <span class='ocr_line' id='line_1_54' title="bbox 1151 1451 1897 1533; baseline 0.011 -21"><span class='ocrx_word' id='word_1_287' title='bbox 1151 1451 1207 1513; x_wconf 88' lang='lat' dir='ltr'><strong><em>bus</em></strong></span> <span class='ocrx_word' id='word_1_288' title='bbox 1229 1453 1478 1516; x_wconf 89' lang='lat' dir='ltr'><strong><em>revocationibus</em></strong></span> <span class='ocrx_word' id='word_1_289' title='bbox 1505 1457 1726 1532; x_wconf 87' lang='lat' dir='ltr'><strong><em>comprehensa</em></strong></span> <span class='ocrx_word' id='word_1_290' title='bbox 1752 1457 1897 1533; x_wconf 90' lang='lat' dir='ltr'><strong><em>existant,</em></strong></span> 
     </span>
     <span class='ocr_line' id='line_1_55' title="bbox 1149 1545 1899 1629; baseline 0.009 -24"><span class='ocrx_word' id='word_1_291' title='bbox 1149 1545 1306 1623; x_wconf 89' lang='lat' dir='ltr'><strong><em>sacrisque</em></strong></span> <span class='ocrx_word' id='word_1_292' title='bbox 1327 1546 1510 1620; x_wconf 88' lang='lat' dir='ltr'><strong><em>canobibns,</em></strong></span> <span class='ocrx_word' id='word_1_293' title='bbox 1533 1548 1808 1612; x_wconf 88' lang='lat' dir='ltr'><strong><em>constitutionibus</em></strong></span> <span class='ocrx_word' id='word_1_294' title='bbox 1829 1565 1899 1629; x_wconf 91' lang='lat' dir='ltr'><strong><em>apo-</em></strong></span> 
     </span>
     <span class='ocr_line' id='line_1_56' title="bbox 1149 1637 1898 1713; baseline 0.008 -15"><span class='ocrx_word' id='word_1_295' title='bbox 1149 1637 1275 1713; x_wconf 90' lang='lat' dir='ltr'><strong><em>stolicis,</em></strong></span> <span class='ocrx_word' id='word_1_296' title='bbox 1293 1655 1326 1700; x_wconf 87' lang='lat' dir='ltr'><strong><em>ac</em></strong></span> <span class='ocrx_word' id='word_1_297' title='bbox 1347 1640 1478 1702; x_wconf 82' lang='lat' dir='ltr'><strong><em>Consilii</em></strong></span> <span class='ocrx_word' id='word_1_298' title='bbox 1494 1639 1671 1702; x_wconf 85' lang='lat' dir='ltr'><strong><em>Tridentini</em></strong></span> <span class='ocrx_word' id='word_1_299' title='bbox 1690 1642 1820 1703; x_wconf 90' lang='lat' dir='ltr'><strong><em>decretis</em></strong></span> <span class='ocrx_word' id='word_1_300' title='bbox 1835 1657 1898 1704; x_wconf 91' lang='lat' dir='ltr'><strong><em>non</em></strong></span> 
     </span>
     <span class='ocr_line' id='line_1_57' title="bbox 1149 1732 1899 1811; baseline 0.009 -21"><span class='ocrx_word' id='word_1_301' title='bbox 1149 1732 1372 1807; x_wconf 84' lang='lat' dir='ltr'><strong><em>adversentur,</em></strong></span> <span class='ocrx_word' id='word_1_302' title='bbox 1395 1733 1558 1811; x_wconf 79' lang='lat' dir='ltr'><strong><em>apostolica</em></strong></span> <span class='ocrx_word' id='word_1_303' title='bbox 1579 1733 1762 1796; x_wconf 89' lang='lat' dir='ltr'><strong><em>auctoritate</em></strong></span> <span class='ocrx_word' id='word_1_304' title='bbox 1790 1743 1899 1797; x_wconf 89' lang='lat' dir='ltr'><strong><em>tenore</em></strong></span> 
     </span>
     <span class='ocr_line' id='line_1_58' title="bbox 1149 1825 1896 1906; baseline 0.008 -24"><span class='ocrx_word' id='word_1_305' title='bbox 1149 1825 1361 1901; x_wconf 90' lang='lat' dir='ltr'><strong><em>praesentium</em></strong></span> <span class='ocrx_word' id='word_1_306' title='bbox 1390 1827 1610 1887; x_wconf 82' lang='lat' dir='ltr'><strong><em>confirmamus</em></strong></span> <span class='ocrx_word' id='word_1_307' title='bbox 1632 1833 1663 1888; x_wconf 88' lang='lat' dir='ltr'><strong><em>et</em></strong></span> <span class='ocrx_word' id='word_1_308' title='bbox 1684 1827 1896 1906; x_wconf 89' lang='lat' dir='ltr'><strong><em>approbamus,</em></strong></span> 
     </span>
     <span class='ocr_line' id='line_1_59' title="bbox 1149 1917 1897 1998; baseline 0.008 -23"><span class='ocrx_word' id='word_1_309' title='bbox 1149 1931 1182 1976; x_wconf 93' lang='lat' dir='ltr'><strong><em>ac</em></strong></span> <span class='ocrx_word' id='word_1_310' title='bbox 1203 1923 1370 1994; x_wconf 89' lang='lat' dir='ltr'><strong><em>perpetuae</em></strong></span> <span class='ocrx_word' id='word_1_311' title='bbox 1390 1925 1421 1978; x_wconf 89' lang='lat' dir='ltr'><strong><em>ct</em></strong></span> <span class='ocrx_word' id='word_1_312' title='bbox 1442 1917 1629 1980; x_wconf 91' lang='lat' dir='ltr'><strong><em>inviolabilis</em></strong></span> <span class='ocrx_word' id='word_1_313' title='bbox 1650 1918 1831 1998; x_wconf 89' lang='lat' dir='ltr'><strong><em>apostolicae</em></strong></span> <span class='ocrx_word' id='word_1_314' title='bbox 1845 1921 1897 1982; x_wconf 83' lang='lat' dir='ltr'><strong><em>lir-</em></strong></span> 
     </span>
     <span class='ocr_line' id='line_1_60' title="bbox 1149 2008 1897 2086; baseline 0.009 -18"><span class='ocrx_word' id='word_1_315' title='bbox 1149 2008 1264 2070; x_wconf 84' lang='lat' dir='ltr'><strong><em>miletis</em></strong></span> <span class='ocrx_word' id='word_1_316' title='bbox 1286 2009 1396 2071; x_wconf 91' lang='lat' dir='ltr'><strong><em>robore</em></strong></span> <span class='ocrx_word' id='word_1_317' title='bbox 1415 2011 1659 2086; x_wconf 89' lang='lat' dir='ltr'><strong><em>communimus,</em></strong></span> <span class='ocrx_word' id='word_1_318' title='bbox 1681 2029 1715 2074; x_wconf 92' lang='lat' dir='ltr'><strong><em>ac</em></strong></span> <span class='ocrx_word' id='word_1_319' title='bbox 1736 2027 1845 2076; x_wconf 87' lang='lat' dir='ltr'><strong><em>omnes</em></strong></span> <span class='ocrx_word' id='word_1_320' title='bbox 1865 2021 1897 2075; x_wconf 91' lang='lat' dir='ltr'><strong><em>et</em></strong></span> 
     </span>
     <span class='ocr_line' id='line_1_61' title="bbox 1147 2100 1897 2182; baseline 0.009 -21"><span class='ocrx_word' id='word_1_321' title='bbox 1147 2100 1289 2177; x_wconf 91' lang='lat' dir='ltr'><strong><em>singulos</em></strong></span> <span class='ocrx_word' id='word_1_322' title='bbox 1309 2111 1373 2164; x_wconf 91' lang='lat' dir='ltr'><strong><em>tam</em></strong></span> <span class='ocrx_word' id='word_1_323' title='bbox 1395 2104 1471 2164; x_wconf 87' lang='lat' dir='ltr'><strong><em>iuris</em></strong></span> <span class='ocrx_word' id='word_1_324' title='bbox 1493 2119 1587 2182; x_wconf 90' lang='lat' dir='ltr'><strong><em>qnam</em></strong></span> <span class='ocrx_word' id='word_1_325' title='bbox 1609 2103 1679 2166; x_wconf 88' lang='lat' dir='ltr'><strong><em>lacti</em></strong></span> <span class='ocrx_word' id='word_1_326' title='bbox 1700 2105 1848 2182; x_wconf 89' lang='lat' dir='ltr'><strong><em>delectus,</em></strong></span> <span class='ocrx_word' id='word_1_327' title='bbox 1871 2107 1897 2168; x_wconf 92' lang='lat' dir='ltr'><strong><em>si</em></strong></span> 
     </span>
     <span class='ocr_line' id='line_1_62' title="bbox 1148 2191 1898 2274; baseline 0.011 -20"><span class='ocrx_word' id='word_1_328' title='bbox 1148 2195 1203 2271; x_wconf 91' lang='lat' dir='ltr'><strong><em>qui</em></strong></span> <span class='ocrx_word' id='word_1_329' title='bbox 1224 2191 1356 2272; x_wconf 88' lang='lat' dir='ltr'><strong><em>desuper</em></strong></span> <span class='ocrx_word' id='word_1_330' title='bbox 1377 2195 1410 2256; x_wconf 92' lang='lat' dir='ltr'><strong><em>in</em></strong></span> <span class='ocrx_word' id='word_1_331' title='bbox 1430 2195 1482 2258; x_wconf 51' lang='lat' dir='ltr'><strong><em>¹eis</em></strong></span> <span class='ocrx_word' id='word_1_332' title='bbox 1503 2197 1735 2274; x_wconf 89' lang='lat' dir='ltr'><strong><em>quomodolibet</em></strong></span> <span class='ocrx_word' id='word_1_333' title='bbox 1760 2200 1898 2262; x_wconf 90' lang='lat' dir='ltr'><strong><em>interve·</em></strong></span> 
     </span>
     <span class='ocr_line' id='line_1_63' title="bbox 1148 2287 1895 2365; baseline 0.013 -19"><span class='ocrx_word' id='word_1_334' title='bbox 1148 2287 1264 2360; x_wconf 83' lang='lat' dir='ltr'><strong><em>serint,</em></strong></span> <span class='ocrx_word' id='word_1_335' title='bbox 1281 2287 1472 2365; x_wconf 89' lang='lat' dir='ltr'><strong><em>supplemus,</em></strong></span> <span class='ocrx_word' id='word_1_336' title='bbox 1488 2305 1612 2352; x_wconf 88' lang='lat' dir='ltr'><strong><em>necnon</em></strong></span> <span class='ocrx_word' id='word_1_337' title='bbox 1627 2292 1772 2353; x_wconf 90' lang='lat' dir='ltr'><strong><em>omnibus</em></strong></span> <span class='ocrx_word' id='word_1_338' title='bbox 1786 2301 1818 2354; x_wconf 90' lang='lat' dir='ltr'><strong><em>et</em></strong></span> <span class='ocrx_word' id='word_1_339' title='bbox 1831 2293 1895 2356; x_wconf 92' lang='lat' dir='ltr'><strong><em>sin·</em></strong></span> 
     </span>
     <span class='ocr_line' id='line_1_64' title="bbox 1148 2379 1895 2459; baseline 0.013 -21"><span class='ocrx_word' id='word_1_340' title='bbox 1148 2379 1228 2456; x_wconf 89' lang='lat' dir='ltr'><strong><em>gulis</em></strong></span> <span class='ocrx_word' id='word_1_341' title='bbox 1240 2379 1564 2443; x_wconf 78' lang='lat' dir='ltr'><strong><em>eorumdem-fratrum</em></strong></span> <span class='ocrx_word' id='word_1_342' title='bbox 1577 2382 1800 2459; x_wconf 89' lang='lat' dir='ltr'><strong><em>interpretibus</em></strong></span> <span class='ocrx_word' id='word_1_343' title='bbox 1810 2401 1895 2448; x_wconf 90' lang='lat' dir='ltr'><strong><em>nunc</em></strong></span> 
     </span>
     <span class='ocr_line' id='line_1_65' title="bbox 1147 2469 1894 2548; baseline 0.011 -18"><span class='ocrx_word' id='word_1_344' title='bbox 1147 2469 1360 2548; x_wconf 81' lang='lat' dir='ltr'><strong><em>ierosolymis,</em></strong></span> <span class='ocrx_word' id='word_1_345' title='bbox 1390 2471 1573 2534; x_wconf 84' lang='lat' dir='ltr'><strong><em>Bethlehem</em></strong></span> <span class='ocrx_word' id='word_1_346' title='bbox 1598 2481 1628 2535; x_wconf 92' lang='lat' dir='ltr'><strong><em>ot</em></strong></span> <span class='ocrx_word' id='word_1_347' title='bbox 1656 2473 1809 2538; x_wconf 88' lang='lat' dir='ltr'><strong><em>Nazareth</em></strong></span> <span class='ocrx_word' id='word_1_348' title='bbox 1831 2477 1894 2538; x_wconf 90' lang='lat' dir='ltr'><strong><em>exi·</em></strong></span> 
     </span>
     <span class='ocr_line' id='line_1_66' title="bbox 1146 2563 1895 2631; baseline 0.007 -5"><span class='ocrx_word' id='word_1_349' title='bbox 1146 2563 1299 2626; x_wconf 89' lang='lat' dir='ltr'><strong><em>stentibus</em></strong></span> <span class='ocrx_word' id='word_1_350' title='bbox 1317 2571 1348 2625; x_wconf 90' lang='lat' dir='ltr'><strong><em>et</em></strong></span> <span class='ocrx_word' id='word_1_351' title='bbox 1363 2563 1542 2626; x_wconf 89' lang='lat' dir='ltr'><strong><em>viventibus</em></strong></span> <span class='ocrx_word' id='word_1_352' title='bbox 1556 2565 1589 2626; x_wconf 91' lang='lat' dir='ltr'><strong><em>in</em></strong></span> <span class='ocrx_word' id='word_1_353' title='bbox 1604 2566 1770 2629; x_wconf 90' lang='lat' dir='ltr'><strong><em>cuiuslibet</em></strong></span> <span class='ocrx_word' id='word_1_354' title='bbox 1783 2583 1895 2631; x_wconf 88' lang='lat' dir='ltr'><strong><em>eorum</em></strong></span> 
     </span>
     <span class='ocr_line' id='line_1_67' title="bbox 1146 2657 1894 2736; baseline 0.004 -16"><span class='ocrx_word' id='word_1_355' title='bbox 1146 2657 1255 2720; x_wconf 89' lang='lat' dir='ltr'><strong><em>mortis</em></strong></span> <span class='ocrx_word' id='word_1_356' title='bbox 1276 2657 1417 2730; x_wconf 91' lang='lat' dir='ltr'><strong><em>articulo,</em></strong></span> <span class='ocrx_word' id='word_1_357' title='bbox 1433 2657 1458 2717; x_wconf 91' lang='lat' dir='ltr'><strong><em>si</em></strong></span> <span class='ocrx_word' id='word_1_358' title='bbox 1474 2673 1547 2718; x_wconf 88' lang='lat' dir='ltr'><strong><em>vere</em></strong></span> <span class='ocrx_word' id='word_1_359' title='bbox 1563 2659 1760 2736; x_wconf 88' lang='lat' dir='ltr'><strong><em>poenitentes</em></strong></span> <span class='ocrx_word' id='word_1_360' title='bbox 1775 2669 1807 2722; x_wconf 88' lang='lat' dir='ltr'><strong><em>et</em></strong></span> <span class='ocrx_word' id='word_1_361' title='bbox 1820 2677 1894 2724; x_wconf 90' lang='lat' dir='ltr'><strong><em>con-</em></strong></span> 
     </span>
     <span class='ocr_line' id='line_1_68' title="bbox 1146 2750 1895 2832; baseline 0.003 -20"><span class='ocrx_word' id='word_1_362' title='bbox 1146 2750 1227 2824; x_wconf 81' lang='lat' dir='ltr'><strong><em>fessi,</em></strong></span> <span class='ocrx_word' id='word_1_363' title='bbox 1241 2765 1273 2810; x_wconf 87' lang='lat' dir='ltr'><strong><em>ac</em></strong></span> <span class='ocrx_word' id='word_1_364' title='bbox 1288 2765 1370 2812; x_wconf 88' lang='lat' dir='ltr'><strong><em>sacra</em></strong></span> <span class='ocrx_word' id='word_1_365' title='bbox 1386 2750 1609 2812; x_wconf 91' lang='lat' dir='ltr'><strong><em>communione</em></strong></span> <span class='ocrx_word' id='word_1_366' title='bbox 1624 2750 1741 2828; x_wconf 86' lang='lat' dir='ltr'><strong><em>relecti,</em></strong></span> <span class='ocrx_word' id='word_1_367' title='bbox 1755 2753 1805 2814; x_wconf 91' lang='lat' dir='ltr'><strong><em>vel</em></strong></span> <span class='ocrx_word' id='word_1_368' title='bbox 1820 2770 1895 2832; x_wconf 92' lang='lat' dir='ltr'><strong><em>qua-</em></strong></span> 
     </span>
     <span class='ocr_line' id='line_1_69' title="bbox 1146 2841 1893 2920; baseline 0.005 -16"><span class='ocrx_word' id='word_1_369' title='bbox 1146 2850 1236 2905; x_wconf 89' lang='lat' dir='ltr'><strong><em>tenus</em></strong></span> <span class='ocrx_word' id='word_1_370' title='bbox 1253 2843 1282 2905; x_wconf 91' lang='lat' dir='ltr'><strong><em>id</em></strong></span> <span class='ocrx_word' id='word_1_371' title='bbox 1297 2841 1397 2904; x_wconf 88' lang='lat' dir='ltr'><strong><em>iacere</em></strong></span> <span class='ocrx_word' id='word_1_372' title='bbox 1418 2843 1620 2920; x_wconf 88' lang='lat' dir='ltr'><strong><em>nequiverint</em></strong></span> <span class='ocrx_word' id='word_1_373' title='bbox 1642 2844 1751 2906; x_wconf 87' lang='lat' dir='ltr'><strong><em>saltem</em></strong></span> <span class='ocrx_word' id='word_1_374' title='bbox 1765 2847 1893 2908; x_wconf 89' lang='lat' dir='ltr'><strong><em>contriti</em></strong></span> 
     </span>
     <span class='ocr_line' id='line_1_70' title="bbox 1145 2936 1893 3014; baseline 0.004 -17"><span class='ocrx_word' id='word_1_375' title='bbox 1145 2952 1260 2998; x_wconf 91' lang='lat' dir='ltr'><strong><em>nomen</em></strong></span> <span class='ocrx_word' id='word_1_376' title='bbox 1290 2936 1358 2998; x_wconf 87' lang='lat' dir='ltr'><strong><em>lesu</em></strong></span> <span class='ocrx_word' id='word_1_377' title='bbox 1379 2950 1449 3009; x_wconf 87' lang='lat' dir='ltr'><strong><em>ore,</em></strong></span> <span class='ocrx_word' id='word_1_378' title='bbox 1472 2936 1499 2996; x_wconf 89' lang='lat' dir='ltr'><strong><em>si</em></strong></span> <span class='ocrx_word' id='word_1_379' title='bbox 1520 2937 1695 3014; x_wconf 91' lang='lat' dir='ltr'><strong><em>potuerint,</em></strong></span> <span class='ocrx_word' id='word_1_380' title='bbox 1718 2937 1766 2998; x_wconf 90' lang='lat' dir='ltr'><strong><em>sin</em></strong></span> <span class='ocrx_word' id='word_1_381' title='bbox 1787 2939 1893 3000; x_wconf 89' lang='lat' dir='ltr'><strong><em>minus</em></strong></span> 
     </span>
     <span class='ocr_line' id='line_1_71' title="bbox 1145 3028 1892 3108; baseline 0.001 -17"><span class='ocrx_word' id='word_1_382' title='bbox 1145 3031 1245 3104; x_wconf 87' lang='lat' dir='ltr'><strong><em>corde,</em></strong></span> <span class='ocrx_word' id='word_1_383' title='bbox 1262 3029 1374 3090; x_wconf 90' lang='lat' dir='ltr'><strong><em>devote</em></strong></span> <span class='ocrx_word' id='word_1_384' title='bbox 1389 3028 1615 3104; x_wconf 89' lang='lat' dir='ltr'><strong><em>invocaverint,</em></strong></span> <span class='ocrx_word' id='word_1_385' title='bbox 1635 3030 1806 3108; x_wconf 88' lang='lat' dir='ltr'><strong><em>plenariam</em></strong></span> <span class='ocrx_word' id='word_1_386' title='bbox 1828 3047 1892 3092; x_wconf 89' lang='lat' dir='ltr'><strong><em>om·</em></strong></span> 
     </span>
     <span class='ocr_line' id='line_1_72' title="bbox 1145 3122 1890 3200; baseline 0.001 -14"><span class='ocrx_word' id='word_1_387' title='bbox 1145 3123 1231 3186; x_wconf 93' lang='lat' dir='ltr'><strong><em>nium</em></strong></span> <span class='ocrx_word' id='word_1_388' title='bbox 1254 3129 1450 3200; x_wconf 85' lang='lat' dir='ltr'><strong><em>peccatorum</em></strong></span> <span class='ocrx_word' id='word_1_389' title='bbox 1464 3136 1592 3182; x_wconf 92' lang='lat' dir='ltr'><strong><em>suorum</em></strong></span> <span class='ocrx_word' id='word_1_390' title='bbox 1615 3122 1844 3199; x_wconf 83' lang='lat' dir='ltr'><strong><em>indulgentiam</em></strong></span> <span class='ocrx_word' id='word_1_391' title='bbox 1859 3132 1890 3188; x_wconf 89' lang='lat' dir='ltr'><strong><em>et</em></strong></span> 
     </span>
     <span class='ocr_line' id='line_1_73' title="bbox 1144 3213 1893 3279; baseline 0.004 -3"><span class='ocrx_word' id='word_1_392' title='bbox 1144 3215 1359 3277; x_wconf 86' lang='lat' dir='ltr'><strong><em>remissionem</em></strong></span> <span class='ocrx_word' id='word_1_393' title='bbox 1370 3213 1611 3276; x_wconf 87' lang='lat' dir='ltr'><strong><em>misericorditer</em></strong></span> <span class='ocrx_word' id='word_1_394' title='bbox 1626 3215 1659 3276; x_wconf 94' lang='lat' dir='ltr'><strong><em>in</em></strong></span> <span class='ocrx_word' id='word_1_395' title='bbox 1675 3215 1807 3278; x_wconf 90' lang='lat' dir='ltr'><strong><em>Domino</em></strong></span> <span class='ocrx_word' id='word_1_396' title='bbox 1821 3233 1893 3279; x_wconf 91' lang='lat' dir='ltr'><strong><em>con-</em></strong></span> 
     </span>
     <span class='ocr_line' id='line_1_74' title="bbox 1144 3305 1893 3382; baseline 0 -12"><span class='ocrx_word' id='word_1_397' title='bbox 1144 3308 1281 3370; x_wconf 91' lang='lat' dir='ltr'><strong><em>cedimus</em></strong></span> <span class='ocrx_word' id='word_1_398' title='bbox 1296 3313 1326 3367; x_wconf 92' lang='lat' dir='ltr'><strong><em>et</em></strong></span> <span class='ocrx_word' id='word_1_399' title='bbox 1338 3305 1519 3382; x_wconf 80' lang='lat' dir='ltr'><strong><em>elargimur,</em></strong></span> <span class='ocrx_word' id='word_1_400' title='bbox 1533 3322 1598 3368; x_wconf 89' lang='lat' dir='ltr'><strong><em>non</em></strong></span> <span class='ocrx_word' id='word_1_401' title='bbox 1613 3308 1805 3370; x_wconf 88' lang='lat' dir='ltr'><strong><em>obstantibus</em></strong></span> <span class='ocrx_word' id='word_1_402' title='bbox 1818 3325 1893 3372; x_wconf 89' lang='lat' dir='ltr'><strong><em>con·</em></strong></span> 
     </span>
     <span class='ocr_line' id='line_1_75' title="bbox 1142 3399 1889 3480; baseline 0.004 -18"><span class='ocrx_word' id='word_1_403' title='bbox 1142 3399 1357 3462; x_wconf 87' lang='lat' dir='ltr'><strong><em>stitutionibus</em></strong></span> <span class='ocrx_word' id='word_1_404' title='bbox 1378 3406 1409 3460; x_wconf 92' lang='lat' dir='ltr'><strong><em>et</em></strong></span> <span class='ocrx_word' id='word_1_405' title='bbox 1430 3399 1677 3462; x_wconf 90' lang='lat' dir='ltr'><strong><em>ordinationibus</em></strong></span> <span class='ocrx_word' id='word_1_406' title='bbox 1705 3401 1889 3480; x_wconf 90' lang='lat' dir='ltr'><strong><em>apostolicis,</em></strong></span> 
     </span>
     <span class='ocr_line' id='line_1_76' title="bbox 1141 3491 1777 3572; baseline 0 -18"><span class='ocrx_word' id='word_1_407' title='bbox 1141 3493 1312 3570; x_wconf 89' lang='lat' dir='ltr'><strong><em>ceterisque</em></strong></span> <span class='ocrx_word' id='word_1_408' title='bbox 1333 3491 1497 3552; x_wconf 84' lang='lat' dir='ltr'><strong><em>contrariis</em></strong></span> <span class='ocrx_word' id='word_1_409' title='bbox 1519 3491 1777 3572; x_wconf 89' lang='lat' dir='ltr'><strong><em>quibuscumque.</em></strong></span> 
     </span>
     <span class='ocr_line' id='line_1_77' title="bbox 1183 3583 1892 3662; baseline 0.006 -14"><span class='ocrx_word' id='word_1_410' title='bbox 1183 3587 1294 3648; x_wconf 86' lang='lat' dir='ltr'><strong><em>Datum</em></strong></span> <span class='ocrx_word' id='word_1_411' title='bbox 1325 3583 1454 3660; x_wconf 83' lang='lat' dir='ltr'><strong><em>Romae,</em></strong></span> <span class='ocrx_word' id='word_1_412' title='bbox 1488 3583 1568 3662; x_wconf 90' lang='lat' dir='ltr'><strong><em>apud</em></strong></span> <span class='ocrx_word' id='word_1_413' title='bbox 1596 3585 1627 3650; x_wconf 86' lang='lat' dir='ltr'><strong><em>S.</em></strong></span> <span class='ocrx_word' id='word_1_414' title='bbox 1651 3587 1778 3649; x_wconf 85' lang='lat' dir='ltr'><strong><em>tlariam</em></strong></span> <span class='ocrx_word' id='word_1_415' title='bbox 1799 3588 1892 3652; x_wconf 74' lang='lat' dir='ltr'><strong><em>Maio</em></strong></span> 
     </span>
     <span class='ocr_line' id='line_1_78' title="bbox 1143 3677 1891 3755; baseline 0.004 -13"><span class='ocrx_word' id='word_1_416' title='bbox 1143 3695 1222 3754; x_wconf 88' lang='lat' dir='ltr'><strong><em>rem,</em></strong></span> <span class='ocrx_word' id='word_1_417' title='bbox 1242 3679 1300 3740; x_wconf 90' lang='lat' dir='ltr'><strong><em>suh</em></strong></span> <span class='ocrx_word' id='word_1_418' title='bbox 1318 3677 1436 3741; x_wconf 90' lang='lat' dir='ltr'><strong><em>annulo</em></strong></span> <span class='ocrx_word' id='word_1_419' title='bbox 1452 3678 1621 3755; x_wconf 89' lang='lat' dir='ltr'><strong><em>Piscatoris,</em></strong></span> <span class='ocrx_word' id='word_1_420' title='bbox 1638 3679 1688 3742; x_wconf 88' lang='lat' dir='ltr'><strong><em>die</em></strong></span> <span class='ocrx_word' id='word_1_421' title='bbox 1701 3697 1743 3742; x_wconf 86' lang='lat' dir='ltr'><strong><em>vx.</em></strong></span> <span class='ocrx_word' id='word_1_422' title='bbox 1760 3681 1891 3746; x_wconf 87' lang='lat' dir='ltr'><strong><em>ianuarii</em></strong></span> 
     </span>
     <span class='ocr_line' id='line_1_79' title="bbox 1144 3771 1801 3851; baseline 0.003 -16"><span class='ocrx_word' id='word_1_423' title='bbox 1144 3787 1314 3848; x_wconf 67' lang='lat' dir='ltr'><strong><em>uoecxxx„</em></strong></span> <span class='ocrx_word' id='word_1_424' title='bbox 1336 3771 1529 3851; x_wconf 86' lang='lat' dir='ltr'><strong><em>pontificatus</em></strong></span> <span class='ocrx_word' id='word_1_425' title='bbox 1552 3773 1650 3834; x_wconf 88' lang='lat' dir='ltr'><strong><em>nostri</em></strong></span> <span class='ocrx_word' id='word_1_426' title='bbox 1670 3789 1753 3836; x_wconf 89' lang='lat' dir='ltr'><strong><em>anno</em></strong></span> <span class='ocrx_word' id='word_1_427' title='bbox 1778 3791 1801 3838; x_wconf 77' lang='lat' dir='ltr'><strong><em>x</em></strong></span> 
     </span>
    </p>
   </div>
   <div class='ocr_carea' id='block_1_7' title="bbox 1400 3929 1638 3943">
    <p class='ocr_par' dir='ltr' id='par_1_7' title="bbox 1400 3929 1638 3943">
     <span class='ocr_line' id='line_1_80' title="bbox 1400 3929 1638 3943; baseline 0.013 -3"><span class='ocrx_word' id='word_1_428' title='bbox 1400 3929 1638 3943; x_wconf 47' lang='lat' dir='ltr'><strong><em>m</em></strong></span> 
     </span>
    </p>
   </div>
   <div class='ocr_carea' id='block_1_8' title="bbox 1498 4052 1533 4114">
    <p class='ocr_par' dir='ltr' id='par_1_8' title="bbox 1498 4052 1533 4114">
     <span class='ocr_line' id='line_1_81' title="bbox 1498 4052 1533 4114; baseline -0.086 1"><span class='ocrx_word' id='word_1_429' title='bbox 1498 4052 1533 4114; x_wconf 92' lang='lat' dir='ltr'><strong><em>ll.</em></strong></span> 
     </span>
    </p>
   </div>
   <div class='ocr_carea' id='block_1_9' title="bbox 1143 4236 1891 4876">
    <p class='ocr_par' dir='ltr' id='par_1_9' title="bbox 1143 4236 1891 4876">
     <span class='ocr_line' id='line_1_82' title="bbox 1143 4236 1889 4320; baseline 0.004 -21"><span class='ocrx_word' id='word_1_430' title='bbox 1143 4236 1355 4316; x_wconf 81' lang='lat' dir='ltr'><strong><em>Episcopatus</em></strong></span> <span class='ocrx_word' id='word_1_431' title='bbox 1389 4239 1632 4320; x_wconf 83' lang='lat' dir='ltr'><strong><em>Foparasiertsis</em></strong></span> <span class='ocrx_word' id='word_1_432' title='bbox 1664 4242 1772 4320; x_wconf 82' lang='lat' dir='ltr'><strong><em>praeci</em></strong></span> <span class='ocrx_word' id='word_1_433' title='bbox 1803 4243 1889 4304; x_wconf 88' lang='lat' dir='ltr'><strong><em>ritus</em></strong></span> 
     </span>
     <span class='ocr_line' id='line_1_83' title="bbox 1181 4332 1887 4397; baseline 0.004 -5"><span class='ocrx_word' id='word_1_434' title='bbox 1181 4333 1370 4394; x_wconf 87' lang='lat' dir='ltr'><strong><em>erectionem</em></strong></span> <span class='ocrx_word' id='word_1_435' title='bbox 1393 4333 1428 4394; x_wconf 89' lang='lat' dir='ltr'><strong><em>ia</em></strong></span> <span class='ocrx_word' id='word_1_436' title='bbox 1455 4333 1683 4396; x_wconf 73' lang='lat' dir='ltr'><strong><em>l&#39;raasiloartia</em></strong></span> <span class='ocrx_word' id='word_1_437' title='bbox 1704 4351 1724 4397; x_wconf 89' lang='lat' dir='ltr'><strong><em>a</em></strong></span> <span class='ocrx_word' id='word_1_438' title='bbox 1749 4332 1887 4397; x_wconf 82' lang='lat' dir='ltr'><strong><em>Clamore-</em></strong></span> 
     </span>
     <span class='ocr_line' id='line_1_84' title="bbox 1184 4425 1891 4504; baseline 0.006 -18"><span class='ocrx_word' id='word_1_439' title='bbox 1184 4433 1214 4486; x_wconf 90' lang='lat' dir='ltr'><strong><em>tc</em></strong></span> <span class='ocrx_word' id='word_1_440' title='bbox 1230 4426 1283 4487; x_wconf 86' lang='lat' dir='ltr'><strong><em>lll.</em></strong></span> <span class='ocrx_word' id='word_1_441' title='bbox 1302 4426 1460 4488; x_wconf 89' lang='lat' dir='ltr'><strong><em>decretam</em></strong></span> <span class='ocrx_word' id='word_1_442' title='bbox 1477 4425 1658 4504; x_wconf 69' lang='lat' dir='ltr'><strong><em>confirmat·</em></strong></span> <span class='ocrx_word' id='word_1_443' title='bbox 1670 4433 1712 4499; x_wconf 86' lang='lat' dir='ltr'><strong><em>et,</em></strong></span> <span class='ocrx_word' id='word_1_444' title='bbox 1731 4426 1806 4489; x_wconf 88' lang='lat' dir='ltr'><strong><em>lieet</em></strong></span> <span class='ocrx_word' id='word_1_445' title='bbox 1824 4427 1891 4490; x_wconf 85' lang='lat' dir='ltr'><strong><em>Cle-</em></strong></span> 
     </span>
     <span class='ocr_line' id='line_1_85' title="bbox 1182 4517 1890 4594; baseline 0.006 -16"><span class='ocrx_word' id='word_1_446' title='bbox 1182 4533 1268 4578; x_wconf 84' lang='lat' dir='ltr'><strong><em>mens</em></strong></span> <span class='ocrx_word' id='word_1_447' title='bbox 1298 4517 1334 4578; x_wconf 87' lang='lat' dir='ltr'><strong><em>de</em></strong></span> <span class='ocrx_word' id='word_1_448' title='bbox 1366 4533 1399 4577; x_wconf 89' lang='lat' dir='ltr'><strong><em>re</em></strong></span> <span class='ocrx_word' id='word_1_449' title='bbox 1431 4519 1544 4580; x_wconf 89' lang='lat' dir='ltr'><strong><em>literas</em></strong></span> <span class='ocrx_word' id='word_1_450' title='bbox 1575 4519 1766 4594; x_wconf 86' lang='lat' dir='ltr'><strong><em>apostolicos</em></strong></span> <span class='ocrx_word' id='word_1_451' title='bbox 1798 4518 1890 4582; x_wconf 88' lang='lat' dir='ltr'><strong><em>obita</em></strong></span> 
     </span>
     <span class='ocr_line' id='line_1_86' title="bbox 1181 4610 1889 4688; baseline 0.006 -17"><span class='ocrx_word' id='word_1_452' title='bbox 1181 4611 1406 4688; x_wconf 80' lang='lat' dir='ltr'><strong><em>praeveniente</em></strong></span> <span class='ocrx_word' id='word_1_453' title='bbox 1416 4610 1566 4688; x_wconf 84' lang='lat' dir='ltr'><strong><em>capedire</em></strong></span> <span class='ocrx_word' id='word_1_454' title='bbox 1576 4613 1768 4688; x_wconf 81' lang='lat' dir='ltr'><strong><em>acquirerit,</em></strong></span> <span class='ocrx_word' id='word_1_455' title='bbox 1782 4613 1889 4675; x_wconf 86' lang='lat' dir='ltr'><strong><em>amaia</em></strong></span> 
     </span>
     <span class='ocr_line' id='line_1_87' title="bbox 1183 4701 1889 4782; baseline 0.004 -16"><span class='ocrx_word' id='word_1_456' title='bbox 1183 4711 1289 4766; x_wconf 86' lang='lat' dir='ltr'><strong><em>tamea</em></strong></span> <span class='ocrx_word' id='word_1_457' title='bbox 1311 4702 1456 4782; x_wconf 71' lang='lat' dir='ltr'><strong><em>effectam</em></strong></span> <span class='ocrx_word' id='word_1_458' title='bbox 1476 4719 1573 4766; x_wconf 84' lang='lat' dir='ltr'><strong><em>cauas</em></strong></span> <span class='ocrx_word' id='word_1_459' title='bbox 1601 4705 1717 4767; x_wconf 90' lang='lat' dir='ltr'><strong><em>sortiri</em></strong></span> <span class='ocrx_word' id='word_1_460' title='bbox 1740 4701 1828 4769; x_wconf 87' lang='lat' dir='ltr'><strong><em>iubet</em></strong></span> <span class='ocrx_word' id='word_1_461' title='bbox 1850 4703 1889 4769; x_wconf 90' lang='lat' dir='ltr'><strong><em>ab</em></strong></span> 
     </span>
     <span class='ocr_line' id='line_1_88' title="bbox 1182 4795 1542 4876; baseline -0.011 -18"><span class='ocrx_word' id='word_1_462' title='bbox 1182 4797 1252 4875; x_wconf 90' lang='lat' dir='ltr'><strong><em>ipsa</em></strong></span> <span class='ocrx_word' id='word_1_463' title='bbox 1275 4796 1394 4858; x_wconf 69' lang='lat' dir='ltr'><strong><em>dealem</em></strong></span> <span class='ocrx_word' id='word_1_464' title='bbox 1416 4797 1466 4858; x_wconf 91' lang='lat' dir='ltr'><strong><em>die</em></strong></span> <span class='ocrx_word' id='word_1_465' title='bbox 1486 4795 1542 4876; x_wconf 67' lang='grc' dir='ltr'>(ἓ).</span> 
     </span>
    </p>
   </div>
   <div class='ocr_carea' id='block_1_10' title="bbox 1268 4977 1763 5052">
    <p class='ocr_par' dir='ltr' id='par_1_10' title="bbox 1268 4977 1763 5052">
     <span class='ocr_line' id='line_1_89' title="bbox 1268 4977 1763 5052; baseline 0.01 -7"><span class='ocrx_word' id='word_1_466' title='bbox 1268 4977 1521 5049; x_wconf 76' lang='grc' dir='ltr'>ΙΝΝθΰΕΝῘΙυὸ</span> <span class='ocrx_word' id='word_1_467' title='bbox 1545 4981 1763 5052; x_wconf 75' lang='grc' dir='ltr'><strong>ΕΡΙὸθῦΡϋδ</strong></span> 
     </span>
    </p>
   </div>
   <div class='ocr_carea' id='block_1_11' title="bbox 1260 5144 1766 5348">
    <p class='ocr_par' dir='ltr' id='par_1_11' title="bbox 1260 5144 1766 5348">
     <span class='ocr_line' id='line_1_90' title="bbox 1334 5144 1698 5212; baseline 0.008 -3"><span class='ocrx_word' id='word_1_468' title='bbox 1334 5159 1442 5210; x_wconf 88' lang='lat' dir='ltr'><strong><em>servos</em></strong></span> <span class='ocrx_word' id='word_1_469' title='bbox 1465 5159 1621 5212; x_wconf 73' lang='lat' dir='ltr'><strong><em>merorum</em></strong></span> <span class='ocrx_word' id='word_1_470' title='bbox 1644 5144 1698 5212; x_wconf 81' lang='lat' dir='ltr'><strong><em>bet</em></strong></span> 
     </span>
     <span class='ocr_line' id='line_1_91' title="bbox 1260 5263 1766 5348; baseline 0.008 -18"><span class='ocrx_word' id='word_1_471' title='bbox 1260 5263 1296 5331; x_wconf 88' lang='lat' dir='ltr'><strong><em>ad</em></strong></span> <span class='ocrx_word' id='word_1_472' title='bbox 1319 5269 1491 5348; x_wconf 86' lang='lat' dir='ltr'><strong><em>perpetuam</em></strong></span> <span class='ocrx_word' id='word_1_473' title='bbox 1516 5265 1559 5333; x_wconf 90' lang='lat' dir='ltr'><strong><em>rei</em></strong></span> <span class='ocrx_word' id='word_1_474' title='bbox 1586 5267 1766 5334; x_wconf 84' lang='lat' dir='ltr'><strong><em>memoriam.</em></strong></span> 
     </span>
    </p>
   </div>
   <div class='ocr_carea' id='block_1_12' title="bbox 1141 5454 1888 5817">
    <p class='ocr_par' dir='ltr' id='par_1_12' title="bbox 1141 5454 1888 5817">
     <span class='ocr_line' id='line_1_92' title="bbox 1182 5454 1886 5531; baseline 0.003 -17"><span class='ocrx_word' id='word_1_475' title='bbox 1182 5454 1304 5515; x_wconf 86' lang='lat' dir='ltr'><strong><em>Rationi</em></strong></span> <span class='ocrx_word' id='word_1_476' title='bbox 1326 5455 1471 5531; x_wconf 88' lang='lat' dir='ltr'><strong><em>congruit</em></strong></span> <span class='ocrx_word' id='word_1_477' title='bbox 1493 5463 1523 5517; x_wconf 92' lang='lat' dir='ltr'><strong><em>et</em></strong></span> <span class='ocrx_word' id='word_1_478' title='bbox 1545 5455 1691 5518; x_wconf 89' lang='lat' dir='ltr'><strong><em>convenit</em></strong></span> <span class='ocrx_word' id='word_1_479' title='bbox 1720 5455 1886 5531; x_wconf 90' lang='lat' dir='ltr'><strong><em>honestati,</em></strong></span> 
     </span>
     <span class='ocr_line' id='line_1_93' title="bbox 1141 5547 1888 5627; baseline 0.001 -19"><span class='ocrx_word' id='word_1_480' title='bbox 1141 5553 1176 5608; x_wconf 92' lang='lat' dir='ltr'><strong><em>nt</em></strong></span> <span class='ocrx_word' id='word_1_481' title='bbox 1197 5561 1232 5607; x_wconf 91' lang='lat' dir='ltr'><strong><em>ea</em></strong></span> <span class='ocrx_word' id='word_1_482' title='bbox 1254 5561 1330 5624; x_wconf 89' lang='lat' dir='ltr'><strong><em>qnae</em></strong></span> <span class='ocrx_word' id='word_1_483' title='bbox 1347 5549 1383 5608; x_wconf 90' lang='lat' dir='ltr'><strong><em>de</em></strong></span> <span class='ocrx_word' id='word_1_484' title='bbox 1399 5547 1528 5610; x_wconf 86' lang='lat' dir='ltr'><strong><em>Romani</em></strong></span> <span class='ocrx_word' id='word_1_485' title='bbox 1540 5548 1696 5611; x_wconf 88' lang='lat' dir='ltr'><strong><em>Pontificis</em></strong></span> <span class='ocrx_word' id='word_1_486' title='bbox 1710 5548 1800 5625; x_wconf 89' lang='lat' dir='ltr'><strong><em>vigili</em></strong></span> <span class='ocrx_word' id='word_1_487' title='bbox 1814 5564 1888 5627; x_wconf 90' lang='lat' dir='ltr'><strong><em>pru-</em></strong></span> 
     </span>
     <span class='ocr_line' id='line_1_94' title="bbox 1142 5641 1886 5720; baseline 0.003 -18"><span class='ocrx_word' id='word_1_488' title='bbox 1142 5641 1245 5702; x_wconf 90' lang='lat' dir='ltr'><strong><em>dentia</em></strong></span> <span class='ocrx_word' id='word_1_489' title='bbox 1269 5649 1299 5702; x_wconf 92' lang='lat' dir='ltr'><strong><em>et</em></strong></span> <span class='ocrx_word' id='word_1_490' title='bbox 1320 5641 1523 5718; x_wconf 86' lang='lat' dir='ltr'><strong><em>benignitatis</em></strong></span> <span class='ocrx_word' id='word_1_491' title='bbox 1545 5642 1642 5719; x_wconf 86' lang='lat' dir='ltr'><strong><em>gratia</em></strong></span> <span class='ocrx_word' id='word_1_492' title='bbox 1657 5648 1886 5720; x_wconf 88' lang='lat' dir='ltr'><strong><em>processerunt,</em></strong></span> 
     </span>
     <span class='ocr_line' id='line_1_95' title="bbox 1142 5734 1888 5817; baseline 0.005 -23"><span class='ocrx_word' id='word_1_493' title='bbox 1142 5734 1213 5796; x_wconf 89' lang='lat' dir='ltr'><strong><em>licet</em></strong></span> <span class='ocrx_word' id='word_1_494' title='bbox 1235 5735 1301 5795; x_wconf 90' lang='lat' dir='ltr'><strong><em>eius</em></strong></span> <span class='ocrx_word' id='word_1_495' title='bbox 1322 5737 1564 5812; x_wconf 91' lang='lat' dir='ltr'><strong><em>superveniente</em></strong></span> <span class='ocrx_word' id='word_1_496' title='bbox 1575 5736 1662 5800; x_wconf 89' lang='lat' dir='ltr'><strong><em>obitu</em></strong></span> <span class='ocrx_word' id='word_1_497' title='bbox 1684 5736 1805 5799; x_wconf 89' lang='lat' dir='ltr'><strong><em>litterae</em></strong></span> <span class='ocrx_word' id='word_1_498' title='bbox 1819 5751 1888 5817; x_wconf 92' lang='lat' dir='ltr'><strong><em>apo·</em></strong></span> 
     </span>
    </p>
   </div>
   <div class='ocr_carea' id='block_1_13' title="bbox 379 5915 1825 6123">
    <p class='ocr_par' dir='ltr' id='par_1_13' title="bbox 379 5915 1825 6123">
     <span class='ocr_line' id='line_1_96' title="bbox 379 5915 1825 6006; baseline 0.006 -21"><span class='ocrx_word' id='word_1_499' title='bbox 379 5943 409 5998; x_wconf 85' lang='lat'><strong><em>(1)</em></strong></span> <span class='ocrx_word' id='word_1_500' title='bbox 425 5943 537 5997; x_wconf 78' lang='lat' dir='ltr'><strong><em>Exlteg.</em></strong></span> <span class='ocrx_word' id='word_1_501' title='bbox 554 5941 670 5986; x_wconf 80' lang='lat' dir='ltr'><strong><em>lnhrch.</em></strong></span> <span class='ocrx_word' id='word_1_502' title='bbox 686 5943 758 5987; x_wconf 79' lang='lat' dir='ltr'><strong><em>brev.</em></strong></span> <span class='ocrx_word' id='word_1_503' title='bbox 774 5945 884 5988; x_wconf 77' lang='lat' dir='ltr'><strong><em>etexit.</em></strong></span> <span class='ocrx_word' id='word_1_504' title='bbox 901 5947 925 5990; x_wconf 86' lang='lat' dir='ltr'><strong><em>P.</em></strong></span> <span class='ocrx_word' id='word_1_505' title='bbox 942 5947 1038 5992; x_wconf 72' lang='lat' dir='ltr'><strong><em>&#39;berrae</em></strong></span> <span class='ocrx_word' id='word_1_506' title='bbox 1053 5949 1076 5992; x_wconf 82' lang='lat' dir='ltr'><strong><em>S.</em></strong></span> <span class='ocrx_word' id='word_1_507' title='bbox 1110 5915 1143 6003; x_wconf 59' lang='grc' dir='ltr'><strong><em>Ιὶ</em></strong></span> <span class='ocrx_word' id='word_1_508' title='bbox 1181 5947 1210 6006; x_wconf 73' lang='lat'><strong><em>(2)</em></strong></span> <span class='ocrx_word' id='word_1_509' title='bbox 1225 5947 1343 5994; x_wconf 73' lang='lat' dir='ltr'><strong><em>taxauit</em></strong></span> <span class='ocrx_word' id='word_1_510' title='bbox 1358 5951 1384 5994; x_wconf 83' lang='lat' dir='ltr'><strong><em>P.</em></strong></span> <span class='ocrx_word' id='word_1_511' title='bbox 1400 5949 1431 5994; x_wconf 88' lang='lat' dir='ltr'><strong><em>de</em></strong></span> <span class='ocrx_word' id='word_1_512' title='bbox 1445 5951 1518 6006; x_wconf 85' lang='lat' dir='ltr'><strong><em>Prop.</em></strong></span> <span class='ocrx_word' id='word_1_513' title='bbox 1534 5947 1597 5994; x_wconf 78' lang='lat' dir='ltr'><strong><em>side</em></strong></span> <span class='ocrx_word' id='word_1_514' title='bbox 1613 5948 1660 5994; x_wconf 88' lang='lat' dir='ltr'><strong><em>vol.</em></strong></span> <span class='ocrx_word' id='word_1_515' title='bbox 1677 5949 1716 6006; x_wconf 74' lang='lat'><strong><em>11,</em></strong></span> <span class='ocrx_word' id='word_1_516' title='bbox 1731 5959 1789 6006; x_wconf 84' lang='lat' dir='ltr'><strong><em>pag.</em></strong></span> <span class='ocrx_word' id='word_1_517' title='bbox 1805 5951 1825 5994; x_wconf 83' lang='grc'><strong><em>3,</em></strong></span> 
     </span>
     <span class='ocr_line' id='line_1_97' title="bbox 444 6061 1041 6123; baseline 0.012 -16"><span class='ocrx_word' id='word_1_518' title='bbox 444 6063 497 6111; x_wconf 85' lang='lat' dir='ltr'><strong><em>lttr.</em></strong></span> <span class='ocrx_word' id='word_1_519' title='bbox 512 6063 583 6109; x_wconf 83' lang='lat' dir='ltr'><strong><em>Perit.</em></strong></span> <span class='ocrx_word' id='word_1_520' title='bbox 598 6061 629 6109; x_wconf 84' lang='lat' dir='ltr'><strong><em>dc</em></strong></span> <span class='ocrx_word' id='word_1_521' title='bbox 646 6063 718 6123; x_wconf 81' lang='lat' dir='ltr'><strong><em>Prop.</em></strong></span> <span class='ocrx_word' id='word_1_522' title='bbox 733 6063 795 6111; x_wconf 74' lang='lat' dir='ltr'><strong><em>lide</em></strong></span> <span class='ocrx_word' id='word_1_523' title='bbox 809 6065 892 6112; x_wconf 82' lang='lat' dir='ltr'><strong><em>Partis</em></strong></span> <span class='ocrx_word' id='word_1_524' title='bbox 906 6067 926 6114; x_wconf 94' lang='lat'><strong><em>1.</em></strong></span> <span class='ocrx_word' id='word_1_525' title='bbox 940 6065 994 6114; x_wconf 82' lang='lat' dir='ltr'><strong><em>vol.</em></strong></span> <span class='ocrx_word' id='word_1_526' title='bbox 1009 6069 1041 6114; x_wconf 92' lang='lat' dir='ltr'><strong><em>ll.</em></strong></span> 
     </span>
    </p>
   </div>
   <div class='ocr_carea' id='block_1_14' title="bbox 1754 6073 1781 6116">
    <p class='ocr_par' dir='ltr' id='par_1_14' title="bbox 1754 6073 1781 6116">
     <span class='ocr_line' id='line_1_98' title="bbox 1754 6073 1781 6116; baseline 0 0"><span class='ocrx_word' id='word_1_527' title='bbox 1754 6073 1781 6116; x_wconf 81' lang='lat' dir='ltr'><strong><em>ll</em></strong></span> 
     </span>
    </p>
   </div>
   <div class='ocr_carea' id='block_1_15' title="bbox 1933 5483 2077 5533">
    <p class='ocr_par' dir='ltr' id='par_1_15' title="bbox 1933 5483 2077 5533">
     <span class='ocr_line' id='line_1_99' title="bbox 1933 5483 2077 5533; baseline 0.007 -3"><span class='ocrx_word' id='word_1_528' title='bbox 1933 5483 2077 5533; x_wconf 78' lang='lat' dir='ltr'><strong><em>Exordium.</em></strong></span> 
     </span>
    </p>
   </div>
   <div class='ocr_carea' id='block_1_16' title="bbox 0 0 2444 6982">
    <p class='ocr_par' dir='ltr' id='par_1_16' title="bbox 0 0 2444 6982">
     <span class='ocr_line' id='line_1_100' title="bbox 0 0 2444 6982; baseline 0 3"><span class='ocrx_word' id='word_1_529' title='bbox 0 0 2444 6982; x_wconf 95' lang='lat' dir='ltr'><strong><em> </em></strong></span> 
     </span>
    </p>
   </div>
  </div>
 </body>
</html>
