4836 6998
106 2271 111 2282 '
125 2276 220 2322 Eadem
232 2272 313 2318 decre·

93 2329 313 2378 taoontlrmatao
510 2377 515 2386 1
845 2379 850 2388 Ι
893 2377 898 2388 Ι
1033 2377 1038 2387 ⁸

93 2385 224 2484 11311ῗὲ1303
240 2391 313 2491 31ξῆπέ-
371 2383 553 2438 ceroattttae
570 2375 600 2438 S.
618 2375 654 2437 P.
672 2375 712 2440 Ν.
731 2377 898 2442 Fraacrsct
915 2377 1013 2438 lectar
1027 2393 1077 2438 ta-

93 2492 153 2538 1311.

917 555 921 561 “
996 569 1138 614 coenans
1159 567 1217 614 xrr.
1261 634 1269 648 μ

332 681 492 762 impleant,
521 683 752 764 adimplereque
778 685 901 761 iaciant,
925 685 957 747 in
980 701 1075 763 quan·

333 783 401 836 tum
429 776 464 837 ad
494 776 573 856 ipsos
601 779 730 854 attinet,
759 779 864 840 omnia
893 779 941 840 iris
963 780 1076 842 nostris

332 868 444 932 litteris
471 877 633 944 contenta,
663 872 804 950 ipsasque
831 873 994 936 notificent
1022 887 1077 950 per

332 962 497 1040 originales
525 965 574 1026 vel
603 966 812 1028 authenticam
843 967 962 1045 copiam
990 984 1078 1029 reve·

331 1055 428 1118 rende
449 1056 527 1135 patri
549 1058 758 1120 commissario
774 1060 912 1136 generali
927 1061 1077 1122 moderno

333 1149 381 1210 vei
403 1165 457 1226 pro
480 1155 619 1230 tempore
646 1153 817 1232 respective
844 1153 1077 1232 provinciarum

332 1240 438 1303 Novae
466 1243 639 1322 Hispaniae,
663 1255 701 1324 ut
720 1247 792 1326 ipsis
821 1255 944 1310 constet
964 1247 1002 1308 de
1023 1247 1078 1308 bac

331 1336 436 1398 nostra
467 1337 678 1416 dispositione,
702 1349 732 1404 et
754 1341 851 1420 ipsam
879 1340 914 1402 ad
942 1340 1078 1402 litteram

332 1430 510 1506 observent,
534 1434 580 1496 uti
608 1442 807 1513 praeceptum
832 1442 864 1497 et
891 1433 1077 1496 determina·

332 1531 401 1586 tum
421 1531 477 1587 est.
508 1527 618 1589 Datum
647 1528 759 1590 131133
787 1535 891 1590 nostro
919 1535 1078 1590 conventu

330 1619 427 1681 sancti
459 1620 552 1699 patris
584 1621 683 1684 nostri
712 1622 865 1684 Francisci
894 1621 1077 1696 Matritensi,

332 1730 379 1774 111.
405 1713 734 1777 1333311133333311.

371 1810 420 1870 Fr.
445 1809 643 1874 1333133333
666 1811 758 1882 Soro,
782 1809 1012 1872 commissarius
1027 1825 1079 1886 ge-

331 1902 444 1964 neralis
466 1911 496 1967 et
517 1905 685 1970 indiarum.
1005 1963 1018 1996 l

370 1997 421 2060 Fr.
454 1997 596 2062 11133333
623 2017 665 2062 oa
694 2000 865 2073 1131133311,
894 1999 1078 2060 secretarius

332 2091 483 2167 generalis
506 2093 675 2179 indiarum.

333 2279 450 2342 Frater
470 2281 658 2344 Domitticas
680 2283 820 2346 Lassada
845 2283 1007 2362 reputaris
1029 2279 1078 2344 clr-

372 2465 493 2530 1113131
516 2470 762 2547 Gomplrtteasis,
785 2471 961 2534 carbottcaa
983 2471 1078 2532 maie-

371 2563 466 2624 statis
502 2579 559 2640 pro
592 2566 821 2626 immaculatae
854 2561 1078 2640 Goareptioois

372 2655 473 2734 repalt'
496 2673 666 2736 conpressa
692 2657 866 2738 titaniaque,
889 2657 1080 2734 ear-proata-

370 2749 465 2812 ct'alia
486 2752 670 2827 provinciae
691 2752 860 2824 castellae,
877 2759 970 2828 pater
985 2750 1078 2814 illias

374 2843 404 2905 S.
429 2842 545 2916 iacobi,
568 2847 822 2910 etc-secretarius
844 2845 1002 2925 pectoralia
1022 2842 1078 2906 01-

372 2937 470 3011 dietis,
501 2947 531 3000 et
559 2939 801 3003 commissarius
829 2938 988 3020 pancratis
1017 2955 1079 3000 333-

371 3031 463 3092 atam
487 3031 657 3094 ludicram
682 3033 947 3104 Occidentaliam,
963 3039 994 3094 et
1014 3049 1078 3093 ser-

370 3140 429 3184 out
455 3129 526 3196 etc,
560 3125 738 3188 reverendis
770 3123 920 3202 patribus
947 3127 1079 3202 pravio-

370 3216 449 3278 ct'ali
470 3233 508 3279 aa
528 3215 705 3280 venerabili
738 3217 919 3296 definitorio
949 3227 1079 3282 nostrae

370 3310 555 3386 praetactae
578 3311 608 3374 S.
635 3312 782 3390 areperti
798 3311 1076 3390 Philippicarum,

370 3404 508 3466 salutem
530 3411 560 3465 et
581 3420 688 3481 paoem
716 3405 752 3466 ia
776 3404 906 3468 Christo
934 3408 1004 3469 lesa
1025 3405 1078 3467 do-

371 3499 459 3562 mitto
479 3505 596 3562 aestro.

370 3689 521 3762 Quoniam
543 3689 733 3750 reverendus
755 3696 842 3766 pater
861 3689 957 3752 irater
972 3690 1077 3768 loseph

331 3797 347 3842 a
369 3780 400 3844 S„
424 3780 490 3842 Elia
512 3782 712 3860 praedicator,
735 3783 1007 3862 err-promimster,
1028 3800 1077 3862 pa-

331 3883 379 3938 ter
400 3881 431 3937 et
452 3882 633 3952 procurator
647 3875 799 3954 praelatae
814 3885 937 3938 nostrae
953 3878 1079 3955 provin-

330 3969 395 4032 ciae
417 3968 448 4032 S·
472 3968 629 4046 Gregorii,
659 3971 748 4033 nobis
779 3972 987 4048 praesentavit
1014 3987 1078 4034 me-

330 4066 460 4130 moriale
487 4065 640 4146 quoddam
668 4065 798 4128 nomine
826 4065 925 4128 dictae
951 4066 1077 4142 provin-

329 4163 405 4237 ciae,
427 4179 482 4241 per
503 4163 584 4241 quod
601 4161 780 4224 confirmari
794 4160 944 4238 supplicat
960 4159 1077 4222 litteras

330 4263 470 4336 patentes
491 4256 648 4334 expeditas
669 4255 718 4317 die
739 4271 788 4316 111.
813 4253 875 4316 133.
898 4269 1074 4316 1133331111.

331 4369 345 4412 3
361 4349 619 4412 reverendissimo
634 4356 721 4428 patre
734 4355 839 4410 nostro
853 4347 948 4409 tratre
962 4347 1077 4410 loanne

1133 685 1268 750 1331333
1295 691 1400 747 sancto
1429 683 1512 759 zelo,
1540 680 1704 762 prudentia
1722 685 1756 742 et
1777 677 1881 758 aequi·

1133 787 1205 852 tato,
1227 779 1449 840 confirmamus
1476 784 1615 858 patentes
1643 790 1751 842 omnes
1778 773 1880 836 etde

1133 879 1214 934 creta
1236 887 1328 952 supra
1344 889 1499 952 expressa,
1515 888 1592 950 quae
1608 868 1657 933 bic
1672 885 1727 948 pro
1743 866 1880 942 insertis,

1132 965 1270 1028 aeside
1291 967 1386 1029 verbo
1407 967 1443 1028 ad
1465 967 1597 1028 verbum
1615 966 1879 1044 exprimerentur,

1132 1059 1295 1136 habemos;
1318 1069 1349 1122 et
1369 1061 1472 1123 denuo
1495 1059 1699 1140 praecipimus
1714 1059 1747 1122 in
1762 1060 1881 1122 virtute

1132 1161 1253 1216 sanctae
1280 1155 1483 1230 obedientiae,
1506 1155 1564 1218 sub
1586 1155 1682 1234 poeni
1702 1169 1882 1216 excommu-

1134 1247 1296 1310 nicationis
1311 1249 1434 1310 maioris
1449 1248 1527 1310 latae
1541 1249 1715 1311 sententiae
1728 1247 1792 1325 ipso
1803 1246 1883 1308 iacto

1133 1338 1329 1417 incurrendi,
1342 1341 1509 1405 admodum
1524 1342 1698 1404 reverendo
1710 1340 1883 1420 patri-eom-

1133 1435 1272 1496 missario
1288 1436 1425 1513 generali
1441 1435 1545 1498 Novae
1556 1436 1716 1514 Hispaniae
1732 1435 1882 1498 moderno

1133 1544 1165 1590 ac
1180 1545 1234 1606 pro
1252 1536 1400 1608 tempore,
1417 1537 1451 1592 ut
1467 1530 1646 1593 nullatenus
1660 1529 1795 1590 audeant
1811 1527 1882 1590 mit·

1134 1631 1198 1684 tere
1220 1626 1257 1686 ad
1278 1626 1390 1688 dictam
1408 1632 1546 1686 nostram
1562 1623 1753 1702 provinciam
1767 1622 1883 1700 Plrilip·

1133 1717 1277 1795 pinarum
1292 1717 1538 1780 commissarium
1553 1717 1747 1778 visitatorem
1761 1716 1882 1778 alienae

1133 1811 1326 1890 provinciam
1350 1828 1453 1890 oeque
1467 1811 1584 1888 eligant
1600 1809 1650 1870 vel
1664 1810 1830 1872 nominent
1842 1825 1882 1870 33

1134 1906 1240 1966 eadem
1266 1906 1423 1983 provincia
1452 1906 1604 1983 aliquem,
1636 1903 1697 1966 nisi
1722 1917 1823 1966 unum
1843 1919 1883 1964 ex

1134 1998 1231 2062 tribus
1253 1998 1290 2060 ab
1311 1999 1417 2061 eadem
1442 2000 1600 2078 provincia
1621 1999 1672 2062 vel
1693 1999 1788 2078 ipsius
1808 1998 1882 2060 deii·

1134 2092 1247 2154 nitorio
1274 2093 1443 2172 propositis,
1457 2102 1490 2156 31
1510 2094 1728 2172 praesentatis3
1752 2103 1783 2154 et
1803 2091 1883 2171 pari-

1134 2195 1183 2248 ter
1205 2195 1238 2250 ut
1259 2187 1440 2250 nullatenus
1459 2189 1619 2250 detineant
1634 2187 1753 2250 vocales
1768 2195 1799 2249 et
1814 2203 1882 2266 pro-

1133 2289 1291 2342 curatores
1312 2282 1349 2343 ab
1369 2283 1476 2344 eidem
1498 2282 1656 2360 provincia
1682 2282 1802 2356 missos,
1826 2297 1884 2342 nec

1133 2389 1166 2434 se
1187 2373 1398 2436 intromittant
1419 2375 1452 2438 in
1474 2374 1680 2452 eleemosynis
1702 2381 1732 2436 et
1747 2373 1882 2450 negotiis

1134 2467 1311 2530 huiusmodi
1336 2475 1570 2546 procuratorum
1586 2484 1678 2530 curae
1691 2467 1882 2543 commissis3

1134 2569 1164 2622 et
1185 2563 1266 2640 quod
1286 2562 1454 2624 observent
1475 2562 1579 2624 omnia
1610 2567 1756 2623 contenta
1776 2567 1809 2621 et
1828 2575 1885 2621 en-

1134 2672 1236 2734 pressa
1258 2655 1290 2716 in
1313 2655 1400 2716 dictis
1419 2655 1531 2718 litteris
1545 2653 1722 2732 patentibus
1737 2654 1885 2716 reveren·

1135 2749 1251 2812 dissimi
1284 2749 1379 2826 patris
1410 2749 1510 2810 nostri
1541 2749 1663 2810 loannis
1691 2747 1729 2809 de
1757 2746 1831 2810 Soto
1852 2755 1884 2810 et

1134 2843 1265 2906 aliorum
1287 2843 1569 2906 commissariorum
1589 2841 1748 2904 indiarum
1764 2840 1795 2902 in
1809 2839 1884 2918 ipsis

1135 2937 1337 3012 confirmatis,
1360 2953 1434 3014 quas
1455 2937 1608 2998 notificari
1635 2935 1800 2998 1331311113
1822 2933 1882 2995 311-

1135 3031 1228 3108 ginali
1251 3030 1300 3092 vel
1322 3029 1408 3108 copiti
1429 3029 1607 3092 autbentica
1638 3027 1810 3100 reverendo
1832 3027 1882 3088 ad-

1135 3125 1262 3186 modum
1284 3124 1362 3202 patri
1383 3123 1593 3186 commissario
1619 3122 1756 3200 generali
1777 3120 1883 3186 Novae

1134 3217 1296 3296 Hispaniae
1327 3219 1477 3280 moderno
1509 3217 1559 3278 vel
1587 3231 1643 3294 pro
1673 3227 1824 3292 tempore,
1847 3221 1881 3276 ut

1135 3313 1207 3392 ipsis
1238 3319 1359 3374 constet
1386 3312 1423 3374 de
1450 3311 1506 3374 lrac
1536 3310 1642 3374 nostri
1673 3309 1881 3384 ordinatione,

1134 3407 1292 3484 ipsamque
1315 3406 1351 3468 ad
1374 3405 1520 3478 litteram,
1537 3405 1585 3467 uti
1607 3413 1803 3483 praeceptum
1822 3410 1880 3478 est,

1133 3501 1309 3562 observent.
1336 3499 1448 3561 ilatum
1469 3497 1504 3560 in
1526 3497 1584 3560 boo
1604 3507 1762 3560 conventu
1783 3498 1880 3560 sanati

1133 3595 1227 3672 patris
1255 3593 1353 3656 nostri
1378 3591 1878 3674 111311133111311113331,113131.

1134 3688 1236 3750 3131111
1258 3702 1436 3750 noscatur.

1172 3783 1223 3844 Fr.
1254 3783 1432 3844 ilourmcus
1461 3781 1620 3858 11333333,
1649 3781 1881 3844 commissarius

1134 3873 1285 3950 generalis
1306 3873 1474 3938 indiarum.

1173 3967 1216 4028 ile
1237 3970 1380 4032 mandato
1400 3986 1474 4032 suae
1492 3969 1767 4034 reverendissimae
1783 3975 1881 4049 pater·

1134 4062 1251 4136 nitatis,
1279 4061 1573 4127 mussemutinae
1595 4081 1636 4127 on
1658 4066 1811 4140 11331333,
1834 4079 1880 4126 se-

1133 4158 1282 4220 cretarius
1303 4157 1458 4234 generalis
1480 4158 1647 4221 indiarum.

1554 4281 1791 4361 Loco†etpt'lli.

1803 545 1859 608 qqq
1912 540 2009 593 ano.
2031 539 2099 592 1133

331 4445 367 4508 de
389 4444 473 4516 Soto,
498 4442 613 4505 lectore
637 4441 777 4517 iubilate,
800 4441 965 4504 catlrolicae
986 4441 1078 4502 maie-

329 4537 417 4600 statis
432 4551 487 4615 pro
501 4537 534 4598 B.
548 4535 686 4613 Virginis
708 4534 926 4598 immaculatae
941 4533 1078 4613 Concep-

332 4630 425 4692 tionis
447 4629 544 4706 regali
565 4645 734 4705 congressu
756 4627 912 4704 theologo,
934 4634 965 4689 et
986 4628 1078 4690 mini·

1174 4444 1242 4520 §2
1267 4445 1345 4508 Cum
1367 4451 1483 4519 autem,
1499 4445 1579 4508 sicut
1601 4446 1705 4510 eadem
1728 4445 1881 4524 expositio
1915 4454 2113 4520 Ι1133333333

1133 4537 1351 4614 subiungebat,
1380 4539 1555 4617 praedictus
1586 4539 1768 4602 Vincentius
1796 4557 1881 4618 prae·
1900 4508 2114 4619 ἷῖῗέῧξὲἱξξιῗιῗζ

1135 4633 1321 4709 missaque
1350 4632 1472 4694 firmius
1499 4633 1678 4708 subsistant,
1702 4634 1881 4713 apostolicae
1901 4629 1945 4664 ⁰²²
1960 4619 2090 4667 eattattur.

331 4733 395 4786 stro
423 4722 560 4800 generali
592 4722 687 4784 totius
719 4722 842 4786 Ordinis
863 4723 960 4784 saneti
983 4723 1077 4800 patris

331 4818 430 4880 nostri
455 4817 621 4894 Francisci,
644 4833 716 4880 cum
742 4824 822 4879 esset
850 4815 1077 4878 commissarius

332 4911 484 4986 generalis
506 4912 676 4985 indiarum,
692 4911 724 4972 in
740 4911 852 4988 quibus
867 4911 1033 4972 confirmat
1045 4917 1078 4972 et

331 5004 388 5066 sub
408 5005 554 5080 gravibus
568 5005 676 5082 poenis
690 5005 854 5066 observare
868 5002 1015 5082 praecipit
1029 5019 1077 5082 pa-

332 5106 434 5160 tentes
454 5100 702 5160 reverendorum
723 5097 1006 5160 commissariorum
1026 5112 1079 5174 go-

330 5193 485 5256 neralium
508 5193 665 5255 indiarum
686 5197 917 5254 antecessorum
930 5190 1027 5268 ipsius
1037 5189 1077 5252 ad

331 5287 470 5350 eamdem
501 5287 693 5365 provinciam
716 5285 746 5348 S.
767 5284 908 5362 Gregorii
931 5285 1077 5362 Philippi-

329 5397 441 5444 narum
463 5381 621 5460 ipsiusque
641 5379 794 5441 salubrius
822 5379 1013 5456 gubernium
1033 5385 1079 5440 at·

329 5477 481 5538 timentes:
512 5481 691 5554 propterea,
721 5475 840 5536 virtute
868 5475 1078 5552 praesentium

329 5585 426 5633 manu
444 5571 566 5649 proprii
581 5568 835 5646 subscriptarum,
852 5567 961 5629 maiori
975 5569 1078 5645 sigillo

329 5663 428 5726 nostri
457 5663 548 5724 officii
574 5663 785 5736 munitarum,
815 5668 846 5722 et
867 5677 921 5739 per
948 5671 1080 5724 secreta-

328 5757 411 5820 rium
438 5763 580 5818 nostrum
608 5755 856 5829 referendarum,
882 5755 1077 5817 conforman-

329 5851 366 5912 do
385 5867 441 5912 nos
455 5864 528 5911 cum
543 5855 665 5911 maturo
681 5849 848 5911 dictamine
862 5855 894 5909 et
907 5864 1001 5909 sensu
1017 5848 1079 5910 die-

328 5951 433 6006 torum
448 5949 628 6004 nostrorum
643 5949 884 6018 antecessorum,
902 5941 947 6004 uti
963 5941 1078 6003 innixis

434 6087 573 6136 13313111.
589 6087 619 6136 de
633 6087 708 6148 Prop.
723 6086 786 6135 Fide
799 6087 881 6136 Partis
896 6089 916 6136 Ι.
931 6087 983 6136 vol.
998 6087 1029 6134 11.

1135 4725 1379 4788 confirmationis
1399 4734 1523 4788 nostrae
1548 4726 1717 4805 patrocinio
1740 4742 1883 4790 commu·

1134 4819 1197 4880 oiri
1211 4833 1409 4898 summopere
1424 4819 1590 4883 desideret:
1609 4837 1676 4897 nos,
1690 4821 1792 4900 ipsum
1807 4821 1883 4884 llin-

1134 4913 1271 4974 centiom
1286 4911 1467 4990 specialibus
1481 4911 1637 4976 favoribus
1653 4923 1683 4978 et
1695 4915 1883 4994 3131113313-

1134 5007 1221 5086 sequi
1237 5007 1388 5082 volenteS,
1406 5024 1542 5087 eumque
1556 5028 1571 5070 a
1584 5010 1744 5088 quibusvis
1760 5028 1882 5074 excom-

1136 5100 1366 5176 monicationis,
1388 5102 1598 5180 suspensionis
1618 5109 1650 5164 et
1667 5104 1836 5180 interdicti,
1851 5123 1883 5166 a·

1138 5193 1248 5273 liisque
1269 5193 1482 5256 ecciesiasticis
1505 5197 1681 5272 sententiis,
1696 5199 1833 5260 censuris
1851 5207 1883 5261 et

1135 5287 1255 5365 poenis,
1281 5303 1297 5348 a
1319 5287 1387 5350 iure
1415 5287 1523 5350 veleb
1543 5289 1683 5362 homine,
1704 5292 1812 5369 quavis
1834 5308 1882 5354 oc·

1133 5380 1256 5442 3331333
1278 5381 1328 5442 131
1350 5380 1438 5446 causa
1454 5381 1532 5457 latis,
1549 5382 1575 5443 si
1589 5383 1700 5460 quibus
1714 5384 1882 5462 quomodo·

1135 5473 1209 5538 libet
1233 5473 1400 5536 innodatus
1424 5476 1539 5550 existit,
1563 5478 1602 5538 ad
1624 5477 1770 5539 ellectum
1796 5494 1881 5556 prae-

1133 5567 1272 5629 sentium
1292 5567 1451 5630 dumtaxat
1476 5571 1747 5649 consequendum,
1770 5573 1881 5634 barum

1133 5661 1214 5722 serie
1228 5660 1422 5723 absolventes
1437 5668 1468 5722 et
1480 5663 1659 5726 absolutum
1674 5663 1739 5724 iore
1752 5679 1881 5750 censen-

1136 5761 1191 5830 tes,
1210 5754 1482 5833 supplicationibus
1503 5756 1570 5818 eius
1586 5757 1714 5819 nomine
1728 5757 1816 5820 nobis
1830 5774 1881 5821 su-

1134 5863 1190 5926 per
1210 5847 1267 5909 boc
1295 5847 1458 5910 humiliter
1488 5850 1636 5928 porrectis
1667 5850 1820 5926 inclinati,
1844 5851 1881 5912 de

1135 5940 1359 6004 venerabilium
1381 5941 1512 6004 11311331
1534 5950 1714 6006 nostrornm
1736 5943 1768 6007 S.
1789 5943 1826 6006 ll.
1844 5945 1878 6006 E.

1744 6091 1771 6133 56
