4878 6982
111 582 167 632 An.
182 584 213 634 Ο.
235 579 306 634 1700

126 731 263 776 Decretum
279 741 317 776 sa·

15 787 17 826 ι
99 785 318 844 crae-congrega·

15 893 16 896 Ἴ
102 839 189 880 uanis.

134 3799 310 3846 confirmatio

89 3851 161 3898 relati
179 3853 290 3900 decreti.

966 593 1176 646 innocentius
1196 593 1253 643 xli.

337 731 411 792 gere
432 717 628 794 dignaretur:
653 717 761 782 eadem
783 719 990 797 congregatio
1012 718 1083 779 Car·

336 808 487 871 dinalium
521 826 692 888 persuum
723 809 881 874 decretum
911 812 961 874 die
988 827 1079 872 xviri.

337 902 415 963 iunii
436 903 752 982 proximi-praeteriti
774 905 1081 978 emanatum,audito

335 1010 430 1073 super
450 997 624 1072 praemissis
646 995 757 1059 dilecto
772 996 865 1060 etiam
889 997 952 1058 filio
973 1013 1081 1075 procu·

335 1095 437 1150 ratore
458 1089 595 1164 generali
609 1088 730 1153 Ordinis
746 1090 902 1168 praedicti,
919 1097 950 1151 et
965 1092 1082 1152 attenti

335 1179 486 1242 relatione
500 1181 687 1244 venerabilis
702 1181 804 1244 iratris
823 1183 921 1244 nostri
936 1183 1081 1244 ilderaui

335 1271 475 1350 Episcopi
497 1272 643 1337 Ostiensis
663 1275 802 1337 eiusdem
830 1276 860 1339 S.
872 1275 907 1336 li.
920 1276 954 1336 E.
978 1275 1083 1338 Cardi-

335 1364 412 1426 nalis
442 1366 526 1444 Cybo
558 1369 748 1446 nuncupati,
771 1368 894 1432 Ordinis
915 1368 1081 1447 supradicti

334 1459 415 1536 apud
436 1473 492 1521 nos
513 1468 543 1521 et
571 1459 713 1522 Sanctam
735 1461 846 1524 Sedem
875 1461 1081 1540 Apostolioam

335 1552 527 1628 protectoris,
541 1553 673 1630 desuper
682 1553 754 1631 ipsis
767 1553 979 1617 cardinalibus
993 1553 1080 1626 iacta,

333 1641 506 1721 supplicem
527 1645 668 1708 libellum
683 1647 740 1708 sibi
763 1663 856 1724 super
870 1646 979 1707 iisdem
995 1661 1080 1724 prae-

336 1735 435 1796 missis
464 1745 641 1814 porrectum
669 1738 805 1815 benigne
831 1740 951 1801 remisit
978 1739 1079 1801 eidem

335 1825 488 1890 lllderano
510 1829 658 1908 Episcopo
679 1831 834 1894 Cardinali
855 1840 886 1894 et
901 1833 1079 1910 protectori,

335 1928 381 1993 ut,
405 1921 485 1982 veris
500 1922 706 1990 existentibus
722 1925 864 1999 narratis,
881 1929 911 1988 et
927 1933 1079 2002 quatenus

335 2012 480 2091 expedire
505 2016 690 2090 censuisset,
714 2017 839 2095 petitam
872 2016 1081 2101 confirmatio·

334 2121 408 2167 nem
429 2122 484 2185 pro
504 2123 560 2168 suo
585 2107 713 2170 arbitrio
734 2117 765 2171 et
786 2107 950 2188 prudentia
971 2125 1078 2172 conce-

334 2200 431 2260 deret.
450 2200 538 2262 Unde
560 2201 624 2280 ipse
639 2201 811 2265 nideranus
826 2202 993 2281 Episcopus
1007 2202 1082 2264 llar-

334 2291 442 2354 dinalis
457 2298 487 2354 et
502 2299 657 2371 protector
678 2292 839 2356 decretum
853 2294 949 2358 edidit
963 2294 1079 2356 tenoris

333 2383 385 2460 qui
407 2385 566 2462 sequitur,
595 2385 757 2448 videlicet:
782 2387 996 2460 «alderanno,
1021 2387 1078 2448 rni-

332 2476 487 2539 seratione
508 2477 611 2540 divina
627 2479 794 2556 Episcopus
808 2479 955 2542 Ostiensis
973 2487 1003 2541 ei
1019 2478 1080 2540 Ve-

334 2569 522 2646 literneusis,
545 2571 576 2634 S.
593 2571 629 2632 R.
647 2572 681 2634 E.
706 2572 887 2647 cardinalis,
911 2572 1011 2650 Cybo,
1033 2589 1081 2633 sa-

333 2660 377 2722 cri
398 2661 519 2738 collegii
540 2664 673 2725 decanus
685 2672 716 2726 et
728 2665 821 2726 totius
836 2664 959 2728 Ordinis
975 2664 1079 2728 Sancti

332 2753 485 2816 Francisci
507 2756 585 2832 apud
608 2755 752 2819 Sanctam
777 2758 890 2822 sedem
910 2764 1076 2835 protector.

334 2846 460 2910 litantes
471 2848 599 2909 arbitrio
614 2864 669 2927 per
679 2852 906 2930 antescriptum
918 2853 1077 2914 decretum

332 2939 420 3000 nobis
440 2956 456 2999 a
476 2940 560 3002 sacra
589 2942 837 3019 congregatione
862 2945 1003 3019 remisso,
1026 2957 1077 3005 ve-

332 3031 436 3110 risque
456 3035 621 3112 compertis
642 3037 786 3110 narratis,
802 3045 960 3099 oratorum
981 3037 1079 3115 preci-

333 3123 389 3185 bus
410 3125 545 3202 benigne
560 3127 710 3204 inclinati,
727 3135 836 3191 tenore
855 3130 1076 3208 praesentium,

331 3219 512 3281 auctoritate
533 3220 668 3282 eiusdem
691 3237 793 3285 sacrae
808 3223 1076 3300 uongragationis,

332 3311 458 3387 petitam
479 3313 749 3376 confirmationem
764 3316 960 3378 concedimus
975 3325 1006 3378 et
1020 3316 1077 3378 im-

331 3402 494 3479 partimur.
518 3405 629 3466 liatum
651 3405 765 3468 liomae
787 3422 853 3468 xix.
877 3408 958 3470 iunii
977 3424 1074 3469 unce.

645 3529 681 3588 Α.
705 3528 876 3592 cardinalis
899 3530 994 3593 Creo.

543 3650 565 3710 l.
590 3649 628 3710 ll.
657 3666 698 3711 na
719 3649 799 3713 uiis
819 3653 1045 3714 secretarius».

370 3785 439 3858 §E
464 3783 543 3845 Cum
559 3791 676 3858 autem,
699 3784 778 3846 sicut
800 3784 899 3847 dicius
921 3786 1076 3849 Antonius

330 3875 417 3938 nobis
437 3875 567 3939 subinde
591 3879 705 3954 exponi
731 3877 813 3952 iecit,
831 3878 895 3957 ipse
917 3880 1075 3940 (lactatum

329 3969 518 4044 huiusmodi,
535 3985 597 4046 quo
620 3970 739 4031 firmius
761 3971 903 4033 subsistat
921 3983 951 4032 et
972 3987 1076 4032 sarve-

330 4070 381 4122 tur
402 4062 549 4137 exactius,
562 4063 747 4140 apostolicae
759 4064 1005 4125 confirmationis
1021 4081 1077 4126 no-

328 4162 408 4215 strae
422 4155 592 4232 patrocinio
607 4157 796 4217 communiri
811 4172 1011 4234 summopere
1025 4157 1077 4218 de-

328 4247 457 4308 siderei:
482 4262 548 4320 nos,
565 4247 659 4325 ipsius
671 4249 800 4310 Antonii
815 4249 895 4310 votis
910 4250 965 4311 bac
980 4249 1012 4312 in
1027 4265 1074 4324 re,

329 4346 481 4416 quantum
500 4356 570 4402 cum
586 4340 719 4402 liomino
732 4356 908 4418 possumus,
925 4341 1074 4404 lavorabi-

328 4430 401 4492 liter
421 4447 561 4494 annuere
583 4431 733 4507 volentes,
757 4447 926 4511 eumquea
948 4434 1077 4512 quibus-

329 4523 375 4584 vis
400 4525 740 4600 excommunieationis,
761 4527 972 4604 suspensionis
984 4527 1075 4589 etin·

330 4616 467 4692 terdicti‚
490 4617 619 4696 aliisque
649 4617 862 4680 ecclesiasticis
889 4620 1074 4694 sententiis,

328 4710 465 4772 censuris
482 4719 514 4772 et
535 4711 654 4789 poenis,
678 4727 693 4769 a
715 4711 783 4772 iure
802 4711 853 4774 vel
874 4713 910 4773 ab
931 4711 1075 4786 bomine,

328 4803 436 4879 quavis
457 4803 615 4866 occasione
636 4801 687 4865 vel
709 4803 797 4865 causi
819 4803 899 4880 latis,
915 4805 941 4865 si
962 4805 1073 4884 quibus

328 4894 558 4971 quomodolibet
569 4895 735 4959 innodatus
749 4897 864 4972 existit,
880 4897 917 4959 ad
929 4897 1074 4960 ellectum

434 6074 485 6120 lnr.
504 6073 572 6120 Pani.
588 6073 619 6118 de
636 6073 708 6132 Prop.
723 6071 786 6118 Fide
799 6073 881 6119 Partis
896 6074 915 6120 i.
930 6072 982 6119 Vol.
998 6074 1028 6118 ii.

1138 713 1348 795 praesentium
1370 713 1528 776 dumtaxat
1542 707 1809 787 consequendum,
1831 707 1886 766 ba·

1137 824 1208 870 rum
1229 807 1310 869 serie
1334 806 1529 868 absolventes
1556 810 1587 864 et
1613 800 1788 865 absolutum
1819 799 1886 862 iore

1137 907 1309 975 censentes,
1321 897 1595 978 supplicationibus
1611 897 1676 959 eius
1691 895 1820 958 nomine
1830 908 1884 955 no-

1138 993 1183 1054 bis
1204 1008 1297 1071 super
1312 993 1368 1055 boc
1383 991 1546 1054 bumiliier
1567 989 1715 1069 porrectis
1731 987 1882 1060 inclinati,

1137 1087 1297 1150 decretum
1318 1085 1546 1162 praeinsertum
1568 1101 1584 1144 a
1603 1091 1773 1146 memorato
1794 1079 1884 1142 Aide-

1138 1195 1212 1240 rann
1235 1179 1383 1257 Episcopo
1401 1176 1553 1242 Cardinali
1575 1185 1605 1239 et
1627 1181 1801 1254 protectore
1821 1171 1883 1234 edi-

1139 1278 1216 1345 tum,
1240 1279 1275 1333 ut
1296 1270 1481 1349 praeiertur,
1511 1269 1695 1331 auctoritate
1722 1265 1883 1346 apostolici

1136 1370 1245 1425 tenore
1265 1364 1476 1442 praesentium
1495 1363 1717 1425 confirmamus
1732 1367 1762 1422 et
1777 1375 1883 1438 appro-

1136 1457 1244 1520 bamus
1272 1457 1380 1535 illique
1411 1457 1599 1518 inviolabilis
1624 1454 1806 1533 apostolicae
1832 1454 1884 1514 tir·

1136 1550 1249 1612 miiatis
1273 1549 1370 1611 robur
1390 1549 1562 1624 adiicimus,
1586 1567 1619 1612 ac
1640 1563 1749 1610 omnes
1769 1553 1800 1607 et
1820 1545 1882 1606 sin·

1136 1641 1223 1718 gulos
1246 1641 1322 1703 iuris
1337 1649 1367 1704 et
1382 1641 1452 1704 iacti
1474 1642 1624 1716 delectus,
1639 1641 1664 1702 si
1681 1641 1735 1720 qui
1751 1638 1883 1716 desuper

1135 1735 1365 1812 quomodolibet
1385 1736 1628 1809 intervenerint,
1650 1733 1840 1812 supplemus.

1173 1829 1192 1902 ἓ
1214 1829 1243 1889 3.
1267 1828 1485 1903 Decernentes,
1503 1829 1624 1890 easdem
1641 1831 1817 1905 praesentes
1833 1823 1882 1885 lit-

1136 1928 1216 1982 teras
1244 1935 1366 2000 semper
1396 1921 1518 1996 firmas,
1545 1921 1661 1982 validas
1687 1926 1718 1980 et
1746 1919 1881 1980 eilicaces

1134 2014 1268 2075 existere
1290 2022 1321 2076 et
1342 2013 1426 2089 lore,
1448 2029 1581 2092 suosque
1607 2012 1761 2091 plenarios
1783 2019 1814 2072 et
1836 2010 1881 2071 in-

1135 2114 1237 2183 tegros
1258 2107 1383 2170 effectus
1405 2108 1509 2170 sortiri
1536 2115 1567 2169 et
1592 2107 1744 2180 obtinere,
1767 2121 1799 2166 ac
1822 2103 1881 2164 illis

1134 2202 1169 2262 ad
1191 2215 1269 2278 quos
1290 2207 1424 2278 spectat,
1449 2209 1479 2262 et
1501 2215 1557 2278 pro
1578 2207 1719 2277 tempore
1745 2197 1880 2277 quando-

1133 2307 1266 2370 cumque
1277 2292 1439 2371 spectabit,
1456 2293 1488 2354 in
1503 2291 1650 2353 omnibus
1662 2299 1692 2353 et
1708 2307 1763 2370 per
1778 2290 1882 2351 omnia

1134 2385 1311 2462 plenissime
1330 2384 1502 2461 suflragari,
1521 2390 1552 2446 et
1588 2383 1625 2446 ab
1645 2384 1688 2445 eis
1709 2382 1882 2461 respective

1133 2477 1355 2539 inviolabiliter
1376 2478 1544 2552 observari,
1555 2479 1661 2556 sicque
1682 2477 1715 2538 in
1737 2476 1881 2554 praemis·

1132 2570 1172 2630 sis
1194 2585 1248 2648 per
1269 2584 1483 2648 quoscumque
1508 2571 1624 2632 iudices
1653 2568 1823 2630 ordinarios
1850 2575 1881 2628 et

1133 2662 1299 2738 delegatos,
1311 2663 1405 2726 etiam
1419 2679 1581 2725 causarum
1596 2663 1700 2741 palatii
1721 2661 1880 2739 apostolici

1133 2755 1289 2817 auditores
1310 2756 1438 2817 iudicari
1455 2763 1485 2818 et
1499 2755 1623 2818 definiri
1644 2755 1767 2828 debere,
1785 2770 1817 2815 ac
1839 2755 1880 2814 ir-

1133 2848 1231 2909 ritum
1249 2855 1280 2910 et
1302 2849 1406 2923 inane,
1428 2851 1454 2910 si
1475 2864 1562 2910 secus
1587 2865 1679 2926 super
1700 2848 1747 2908 bis
1768 2861 1784 2907 a
1806 2863 1881 2924 quo·

1133 2955 1238 3018 quam,
1255 2941 1362 3018 quavis
1376 2941 1558 3004 auctoritate
1579 2941 1712 3003 scienter
1726 2939 1777 3002 vel
1793 2940 1880 3015 igno·

1132 3042 1238 3095 ranter
1258 3034 1425 3110 contigerit
1446 3035 1600 3096 attentari.

1805 561 1864 632 pqr
1914 561 2013 618 uuo.
2035 556 2104 619 troo

1927 1841 2069 1890 Clausulas.

1172 3129 1191 3203 5
1211 3128 1240 3188 i.
1265 3127 1334 3188 Non
1357 3127 1547 3190 obstantibus
1562 3127 1747 3207 praemissis,
1761 3143 1794 3190 ac
1808 3143 1879 3188 cun·
1906 3147 2109 3204 naronauocon-

1131 3221 1344 3286 stitutionibus
1364 3228 1397 3283 et
1418 3223 1665 3285 ordinationibus
1687 3223 1875 3302 apostolicis,

1134 3331 1271 3388 necnon,
1295 3324 1446 3394 quatenus
1475 3331 1551 3393 opus
1571 3316 1623 3391 sit,
1649 3316 1878 3395 praedictorum

1133 3409 1254 3472 Ordinis
1276 3416 1307 3470 et
1335 3409 1527 3487 provinciae,
1562 3410 1655 3471 etiam
1688 3409 1876 3486 iuramento,

1132 3503 1367 3564 continuatione
1389 3503 1563 3581 apostolica,
1580 3503 1631 3564 vel
1652 3504 1759 3580 quavis
1781 3501 1877 3564 drmi-

1134 3602 1194 3656 iate
1215 3595 1272 3656 alia
1293 3595 1461 3670 roboratis,
1483 3595 1606 3658 statutis
1628 3602 1657 3657 et
1679 3596 1877 3657 consuetudi-

1132 3688 1235 3762 nibus,
1261 3689 1433 3767 privilegiis
1460 3705 1600 3766 quoque,
1626 3688 1753 3752 indultis
1776 3697 1807 3750 et
1828 3689 1877 3750 lit-

1132 3782 1204 3842 teris
1225 3781 1398 3858 apostolicis
1420 3783 1452 3844 in
1479 3783 1670 3844 contrarium
1697 3783 1876 3861 praemisso-

1130 3890 1203 3934 rum
1233 3875 1465 3952 quomodolibet
1495 3876 1658 3949 concessis,
1687 3876 1877 3938 confirmatis

1129 3975 1160 4028 et
1185 3969 1355 4043 innovatis;
1379 3969 1491 4046 quibus
1513 3969 1657 4030 omnibus
1683 3975 1713 4029 ei
1733 3969 1876 4044 singulis,

1131 4060 1256 4122 illorum
1279 4067 1404 4122 tenores
1428 4061 1637 4138 praesentibus
1655 4077 1712 4140 pro
1734 4061 1825 4140 plene
1845 4069 1877 4122 et

1129 4155 1321 4216 sufficienter
1348 4153 1498 4232 expressis
1519 4170 1552 4215 ac
1573 4155 1610 4216 dc
1632 4154 1728 4216 verbo
1750 4155 1785 4215 ad
1807 4169 1878 4215 ver-

1131 4246 1205 4308 bum
1226 4247 1351 4308 insertis
1371 4247 1530 4320 habentes,
1548 4247 1607 4308 illis
1622 4245 1694 4307 aliis
1709 4247 1742 4307 in
1758 4263 1814 4308 suo
1828 4263 1877 4307 ro-

1130 4339 1204 4401 bore
1224 4339 1446 4417 permansuris,
1469 4340 1505 4401 ad
1528 4339 1766 4416 praemissorum
1789 4339 1878 4402 elleo-

1130 4439 1209 4508 tum,
1225 4432 1280 4494 bac
1302 4433 1368 4496 vice
1383 4433 1554 4506 dumtaxat,
1576 4432 1750 4510 specialiter
1772 4440 1803 4493 et
1825 4449 1877 4493 ex-

1129 4539 1231 4604 presse
1268 4527 1471 4602 derogamus,
1507 4525 1681 4604 ceterisque
1714 4526 1877 4587 contrariis

1129 4619 1386 4697 quibuscumque.

1168 4711 1281 4774 Datum
1296 4711 1421 4786 Romae,
1434 4711 1512 4790 apud
1529 4712 1559 4775 S.
1575 4711 1700 4774 llariam
1716 4712 1875 4787 llaiorem,

1128 4804 1187 4866 sub
1207 4804 1324 4866 annulo
1346 4803 1518 4879 Piscatoris,
1545 4805 1594 4867 die
1615 4821 1646 4866 x.
1672 4804 1740 4866 iulii
1762 4821 1874 4881 unce,

1129 4897 1325 4976 pontificatus
1346 4897 1445 4960 nostri
1467 4914 1549 4960 anno
1569 4913 1613 4958 rx.

1897 3199 2042 3247 treviorum.
