4878 6982
340 530 439 588 ano.
461 535 530 594 1vov
578 541 637 606 aar

336 5243 536 5298 berogatlocon·

322 5295 467 5343 trariorum.

559 681 812 762 drobiepiscopus
833 691 864 746 et
885 684 936 746 alii
958 687 1149 768 quicumque
1168 689 1202 751 iu
1216 704 1302 769 prae·

558 777 659 838 missis
680 777 829 840 interesse
850 780 997 846 babentes
1017 797 1071 844 seu
1093 783 1206 846 babere
1227 800 1302 862 quo·

558 870 727 932 modolibet
753 872 1004 949 praetendentes,
1032 875 1169 960 cuiusvis
1192 883 1301 952 status,

558 962 681 1038 gradus,
704 964 834 1042 ordinis,
863 968 1125 1045 praeeminentiae
1145 977 1176 1032 et
1201 969 1301 1047 digni-

557 1055 627 1117 tatis
648 1056 793 1132 existant,
816 1075 871 1120 seu
885 1059 958 1121 aliis
977 1062 1117 1139 specifica
1138 1069 1169 1124 ct
1191 1062 1301 1125 indivi-

556 1148 617 1210 dui
638 1151 801 1212 mentione
824 1158 855 1214 et
882 1154 1081 1232 expressione
1107 1155 1212 1233 digni,
1242 1156 1302 1218 illis

557 1255 621 1303 non
643 1244 867 1320 consenserint,
894 1261 952 1310 nec
971 1245 1007 1307 ad
1029 1263 1064 1309 ea
1085 1249 1197 1324 vocati,
1217 1248 1301 1311 citati

557 1341 588 1395 et
609 1334 717 1410 auditi,
740 1353 920 1416 causaeque,
934 1347 1058 1417 propter
1071 1357 1145 1418 quas
1160 1355 1303 1419 praesen·

557 1433 603 1488 tes
625 1429 810 1504 emanarint,
832 1429 1022 1494 sufficienter
1043 1432 1199 1509 adductae,
1221 1434 1301 1496 veri·

558 1521 664 1582 beatae
685 1528 715 1582 et
736 1521 918 1586 iustificatos
945 1539 1008 1586 non
1030 1524 1166 1600 inerint,
1189 1533 1242 1588 aut
1263 1542 1302 1587 ex

557 1613 615 1674 alia
636 1614 772 1692 qualibet
793 1616 887 1678 etiam
907 1618 1108 1694 quantumvis
1129 1619 1256 1681 iuridici
1270 1627 1302 1682 et

557 1707 750 1784 privilegiata
771 1709 870 1784 causa,
892 1710 1006 1785 colore,
1028 1719 1190 1789 praetextu
1210 1720 1242 1775 et
1256 1728 1304 1773 ca-

557 1799 631 1878 pite,
654 1800 746 1861 etiam
768 1801 801 1863 in
822 1817 950 1881 corpore
971 1802 1047 1864 iuris
1067 1803 1186 1880 clauso,
1208 1805 1302 1867 etiam

557 1893 705 1968 enormis,
723 1895 957 1956 enormissimae
971 1902 1002 1958 et
1024 1897 1125 1960 totalis
1145 1897 1301 1971 laesionis,

557 1985 645 2046 nullo
667 2001 807 2066 unquam
822 1995 962 2066 tempore
977 1989 1016 2051 de
1030 1989 1238 2068 subreptionis
1252 1987 1303 2050 vel

556 2079 746 2158 obreptionis
766 2087 819 2142 aut
840 2081 993 2144 nullitatis
1015 2081 1103 2158 vitio,
1126 2089 1178 2146 aut
1200 2082 1302 2144 inten-

557 2173 649 2234 tionis
662 2181 796 2249 nostrae,
809 2174 859 2236 vel
875 2175 1025 2238 interesse
1036 2176 1218 2238 habentium
1229 2191 1302 2238 con-

555 2265 800 2340 somessione
827 2267 964 2345 quolibet
984 2268 1078 2330 ctiam
1103 2269 1302 2348 quantumvis

557 2373 670 2434 magno
684 2365 715 2421 et
725 2359 917 2422 substantiali
928 2368 981 2424 aut
993 2361 1158 2440 incogitato
1170 2368 1201 2424 et
1215 2363 1303 2424 inex-

555 2451 711 2527 cogitabili
731 2451 987 2533 individuamque
1007 2457 1237 2536 expressionem
1255 2471 1303 2518 re·

556 2543 701 2621 quirente
719 2545 839 2608 deiectu
859 2548 970 2623 notari,
987 2549 1174 2628 impugnari,
1190 2549 1302 2612 inirin-

534 2711 540 2724 .
556 2635 598 2710 gi,
614 2638 786 2712 retractari,
802 2637 835 2701 in
856 2642 1100 2704 controversiam
1121 2643 1234 2716 vocari,
1250 2649 1302 2703 aut

555 2732 593 2794 ad
612 2732 764 2795 terminos
777 2733 853 2794 iuris
866 2735 983 2812 reduci,
998 2753 1055 2799 seu
1075 2737 1221 2798 adversus
1236 2736 1302 2798 illas

556 2829 735 2907 aperitionis
756 2829 829 2904 oris,
846 2831 1053 2893 restitutionis
1074 2830 1106 2892 in
1129 2831 1300 2909 integrum,

556 2921 679 2984 aliudve
700 2921 917 3002 quodcumque
938 2923 1026 2999 iuris,
1039 2924 1109 2986 iacti
1124 2925 1173 2986 vel
1186 2923 1302 3001 gratiae

556 3013 732 3078 remedium
754 3017 901 3078 intentari
923 3017 973 3079 vel
990 3017 1161 3095 impetrari,
1177 3025 1227 3080 aut
1244 3018 1302 3078 inr-

556 3116 688 3186 petrato,
710 3124 766 3172 seu
787 3110 879 3172 etiarn
901 3117 1000 3186 motu,
1022 3111 1150 3172 scientie
1172 3117 1202 3173 et
1217 3117 1301 3188 pote-

554 3201 642 3263 statis
656 3201 852 3280 plenitudine
866 3205 989 3282 paribus
1000 3219 1143 3268 concesso
1158 3204 1208 3266 vel
1220 3220 1303 3265 erna-

556 3301 640 3370 nato,
661 3295 839 3374 quempiam
860 3297 893 3358 in
916 3297 1029 3360 indicio
1050 3296 1102 3360 vel
1123 3305 1209 3360 extra
1223 3297 1302 3360 illud

556 3377 603 3447 uli
623 3402 677 3448 seu
692 3403 726 3450 se
740 3388 848 3450 iuvare
863 3389 927 3452 ullo
942 3389 1033 3452 ruodo
1044 3405 1143 3468 posse;
1155 3389 1208 3452 sed
1223 3389 1301 3468 ipsas

556 3488 731 3557 praesentes
754 3481 870 3544 litteras
898 3497 1021 3561 semper
1044 3483 1164 3557 sirmas,
1187 3481 1301 3544 validas

556 3579 586 3633 et
609 3571 743 3635 efficaces
765 3575 896 3636 existere
911 3582 941 3636 et
957 3575 1035 3650 iore,
1050 3591 1183 3654 suosque
1198 3575 1301 3653 plena·

555 3665 617 3726 rios
637 3673 668 3728 et
682 3667 820 3744 integros
835 3667 961 3730 dilectus
981 3669 1086 3729 sortiri
1101 3675 1131 3730 et
1145 3668 1299 3744 obtinere,

555 3775 589 3820 ac
610 3759 646 3821 ab
667 3758 740 3835 illis,
756 3762 791 3823 ad
813 3777 889 3838 quos
909 3769 1025 3839 spectat
1040 3769 1071 3823 et
1086 3777 1141 3839 pro
1161 3769 1300 3840 ternpore

554 3851 815 3932 quandocumque
834 3854 993 3932 spectabit,
1023 3853 1242 3918 inviolabiliter
1269 3861 1300 3915 et

554 3944 736 4008 inconcusse
755 3946 924 4022 observari,
945 3947 1051 4026 sicque
1072 3954 1103 4009 et
1124 3962 1187 4009 non
1210 3947 1300 4008 aliter

555 4037 587 4099 in
610 4039 784 4116 praemissis
805 4055 861 4118 per
882 4055 1094 4118 quoscumque
1115 4039 1230 4102 iudices
1251 4055 1300 4101 or·

554 4129 689 4192 dinarios
711 4137 742 4192 ct
763 4132 931 4210 delegatos,
954 4133 1047 4194 etiam
1066 4148 1227 4195 causarum
1248 4148 1299 4210 pa-

555 4219 618 4284 latii
630 4224 786 4301 apostolici
801 4225 966 4300 auditores,
983 4241 1015 4288 ac
1030 4225 1169 4288 ciusdem
1185 4223 1296 4288 Sdtn.

555 4315 743 4391 Cardinales,
767 4317 859 4380 etiam
880 4317 917 4378 de
939 4316 1034 4380 latere
1048 4318 1177 4395 Legatos
1198 4326 1230 4380 et
1247 4317 1301 4381 Se-

554 4409 599 4472 dis
631 4409 801 4486 praedictae
828 4407 981 4486 Nuntios,
1004 4410 1119 4472 aliosve
1146 4410 1301 4490 quoslibet

554 4517 748 4580 quacumque
763 4502 1008 4581 praeeminentia
1022 4509 1054 4565 et
1068 4509 1219 4582 potestate
1229 4502 1301 4566 iuu-

554 4601 664 4672 gentes
687 4601 719 4656 et
739 4595 911 4672 iuncturos,
933 4596 1050 4658 sublata
1071 4596 1116 4658 eis
1137 4604 1300 4658 eteorum

553 4687 681 4750 cuilibet
702 4689 809 4766 quavis
830 4688 918 4752 aliter
933 4689 1087 4752 iudicandi
1101 4697 1133 4751 et
1146 4689 1300 4769 interpre

555 4779 639 4842 tandi
667 4781 810 4844 facultate
837 4790 867 4844 et
888 4783 1087 4858 auctoritate,
1119 4781 1249 4846 iudicari
1270 4792 1301 4846 et

554 4873 677 4938 definiri
699 4874 826 4952 debere;
849 4891 882 4938 ac
903 4876 1030 4939 irritum
1048 4885 1079 4939 et
1094 4876 1198 4954 inane,
1215 4878 1240 4939 si
1254 4893 1301 4938 se·

554 4983 607 5029 cus
630 4983 724 5046 super
745 4969 792 5031 bis
812 4986 828 5030 a
849 4985 1017 5048 quoquam,
1039 4971 1149 5047 quavis
1168 4969 1300 5032 auctori-

556 5067 627 5136 tate,
649 5062 784 5124 scienter
797 5063 849 5125 vel
870 5063 1298 5140 ignorantem-contigeritat·

554 5153 677 5216 tentari.

594 5247 655 5322 §lt-
674 5246 742 5310 Non
759 5248 950 5310 obstantibus
964 5247 1151 5326 praemissis,
1166 5265 1211 5324 ac,
1227 5261 1299 5326 qna·

556 5347 647 5404 tenus
667 5358 744 5420 opus
763 5344 815 5419 sit,
834 5344 984 5406 nostrast
1000 5341 1301 5418 cancellariacnpo-

553 5434 680 5498 stolicae
708 5436 816 5513 regula
837 5437 873 5499 de
896 5437 965 5499 iure
991 5437 1129 5516 quaesito
1157 5451 1220 5496 non
1244 5433 1299 5495 tol·

555 5529 658 5604 leudo,
673 5529 803 5608 aliisque
817 5529 1000 5609 apostolicis,
1021 5547 1054 5592 ac
1068 5530 1100 5592 in
1116 5527 1299 5590 universali-

554 5623 610 5685 bus
625 5623 926 5702 provincialibusque
950 5629 981 5685 et
1001 5622 1198 5702 synodalibus
1226 5637 1298 5684 con-

553 5717 630 5779 ciliis
664 5715 776 5792 editis,
810 5715 1007 5794 generalibus
1037 5715 1088 5778 vel
1117 5715 1298 5795 specialibus

1081 565 1145 616 ltin·
1170 569 1261 618 PON'l'·
1285 574 1326 620 DE
1347 575 1377 622 P.
1398 577 1428 622 Ε.
1452 578 1535 627 PARS
1557 581 1578 626 l.

1357 695 1632 763 constitutionibus
1654 709 1685 764 et
1705 703 1962 782 ordinationibus,
1980 723 2102 772 necnon

1358 789 1612 867 metropolitanae
1632 793 1775 858 eeclesiae
1795 796 1975 875 Goanensis,
1992 808 2023 862 et
2037 798 2104 864 aliis

1357 879 1529 958 quibusvis,
1546 885 1642 948 etiam
1663 887 1852 964 iuramento,
1867 891 2103 956 confirmatione

1357 974 1530 1052 apostolici,
1563 979 1614 1040 vel
1636 981 1745 1058 quavis
1769 983 1916 1046 firmitate
1936 985 1993 1046 alia
2015 987 2101 1048 robo-

1357 1066 1442 1141 ratiS,
1458 1069 1580 1132 statutis
1595 1078 1626 1134 et
1640 1075 1929 1153 consuetudinibus,
1944 1095 1978 1140 ac
1998 1079 2103 1142 usibus

1357 1167 1389 1222 et
1409 1161 1507 1240 stylis,
1531 1163 1624 1226 etiam
1646 1165 1954 1246 immemorabilibns,
1978 1173 2102 1250 privile·

1357 1251 1415 1327 giis
1435 1269 1570 1334 quoque,
1595 1256 1723 1322 indultis
1745 1268 1776 1323 et
1791 1261 1903 1325 litteris
1917 1264 2102 1342 apostolicis,

1357 1345 1518 1422 quibusvis
1540 1351 1694 1427 personis,
1717 1354 1811 1417 etiam
1837 1371 2034 1435 quacumque
2055 1373 2104 1419 ec-

1357 1435 1523 1504 clesiastici
1544 1441 1595 1503 vel
1616 1445 1771 1510 mundana
1786 1448 1937 1524 dignitate
1956 1447 2103 1526 fulgenti-

1357 1527 1426 1605 bus,
1449 1540 1480 1594 et
1501 1537 1731 1613 quomodolibet
1745 1539 1940 1618 qualificatis,
1954 1559 1986 1603 ac
2007 1541 2102 1604 eccle-

1357 1621 1409 1684 siis
1431 1630 1462 1686 et
1484 1625 1569 1703 locis,
1591 1628 1649 1691 sub
1669 1631 1917 1712 quibuscumque
1932 1634 2103 1697 verborum

1358 1718 1517 1781 tenoribus
1538 1728 1570 1784 et
1584 1721 1704 1798 formis,
1727 1741 1760 1788 ac
1780 1741 1854 1788 cunt
1868 1726 2031 1804 quibusvis
2050 1729 2103 1790 de·

1356 1811 1585 1886 rogatoriarnm
1612 1813 1826 1890 derogatoriis,
1849 1815 1978 1894 aliisque
2005 1817 2103 1880 effica-

1357 1903 1502 1978 cioribus,
1523 1901 1740 1967 efficacissimis
1750 1914 1782 1970 et
1793 1907 1925 1970 insolitis
1945 1909 2102 1985 clausulis,

1358 1995 1614 2075 irritantibusque
1628 2005 1658 2060 et
1683 1998 1750 2061 aliis
1765 1999 1908 2076 decretis,
1931 2001 1964 2064 in
1987 2017 2104 2079 genere

1358 2088 1407 2152 vel
1437 2089 1469 2150 in
1490 2091 1601 2168 specie,
1630 2091 1726 2154 etiam
1746 2093 1998 2156 consistorialiter
2031 2111 2105 2158 con·

1358 2181 1460 2257 cessis,
1476 2199 1510 2245 ac
1523 2182 1639 2260 pluries
1654 2192 1685 2247 et
1706 2187 1965 2265 quantiscumque
1983 2187 2103 2252 vicibus

1358 2275 1558 2352 oonllrmetis,
1581 2278 1753 2355 approbatis
1775 2287 1805 2342 et
1831 2279 2005 2358 innovatis3
2035 2281 2103 2360 qui-

1358 2365 1415 2428 bus
1435 2368 1579 2430 omnibus
1599 2375 1632 2429 et
1651 2369 1797 2448 singulis,
1815 2371 1937 2434 etiamsi
1958 2389 2013 2452 pro
2035 2373 2104 2436 illo·

1358 2473 1429 2522 rum
1444 2461 1610 2524 sufficienti
1625 2461 1825 2539 derogatione
1840 2466 1877 2528 de
1897 2465 1958 2527 illis
1979 2481 2105 2528 eorum·

1358 2567 1420 2630 que
1458 2552 1530 2614 totis
1558 2554 1716 2617 tenoribus
1751 2556 1910 2635 specialis,
1941 2559 2102 2637 specifica,

1359 2659 1500 2722 expressa
1522 2654 1552 2708 ot
1573 2646 1745 2723 individua,
1761 2665 1794 2710 ac
1809 2649 1846 2712 de
1860 2649 1955 2712 verbo
1975 2649 2012 2711 ad
2033 2667 2103 2713 vev-

1358 2736 1445 2814 bum,
1468 2753 1532 2800 non
1553 2747 1658 2802 autem
1690 2757 1745 2819 per
1765 2741 1915 2806 clausulas
1943 2743 2103 2820 generales

1358 2829 1442 2892 idem
1462 2830 1676 2909 imponantes,
1689 2834 1809 2895 mantio
1829 2849 1884 2897 sen
1906 2836 2032 2914 quaevis
2046 2836 2103 2898 alia

1359 2924 1513 3001 expressio
1532 2923 1680 3001 habenda,
1697 2935 1750 2988 ant
1765 2926 1865 3006 aliqua
1879 2928 1937 2988 alia
1950 2929 2103 3007 exquisita

1357 3011 1456 3076 forma
1470 3013 1505 3075 ad
1520 3015 1577 3077 boc
1591 3017 1739 3080 servanda
1753 3015 1845 3092 ioret,
1857 3024 1982 3080 tenores
1996 3019 2103 3080 buius-

1358 3105 1454 3182 modi,
1470 3123 1503 3169 ae
1520 3109 1546 3169 si
1562 3109 1600 3170 de
1616 3109 1712 3171 verbo
1726 3111 1761 3172 ad
1776 3112 1908 3173 verbum
1923 3111 2002 3174 nibil
2017 3112 2106 3190 peni·

1359 3207 1407 3262 tus
1428 3199 1544 3262 omisso
1565 3209 1596 3264 et
1616 3201 1714 3264 sormi
1736 3203 1769 3266 in
1792 3203 1852 3265 illis
1870 3205 1981 3268 tradita
2001 3205 2105 3267 obser-

1358 3292 1427 3354 vati
1448 3293 1704 3371 exprimerentur
1723 3303 1755 3358 ct
1776 3296 2002 3370 insererentur,
2019 3313 2105 3376 prae·

1356 3386 1497 3448 sentibus
1518 3403 1573 3465 pro
1594 3388 1685 3466 plene
1700 3395 1731 3450 et
1746 3389 1939 3454 sufficienter
1952 3391 2103 3469 expressis

1357 3487 1388 3541 et
1409 3478 1533 3540 insertis
1554 3481 1715 3557 babentes,
1738 3481 1800 3543 illis
1821 3481 1894 3544 aliis
1915 3481 1948 3543 in
1976 3498 2032 3544 suo
2054 3499 2104 3543 ro-

1357 3571 1431 3633 bore
1450 3573 1673 3650 permansuris,
1694 3574 1730 3634 ad
1752 3573 1994 3653 praemissorum
2014 3574 2104 3638 ellec-

1357 3671 1437 3739 tum,
1460 3665 1514 3728 bac
1535 3665 1603 3728 vice
1623 3667 1793 3742 dumtaxat,
1809 3666 1983 3745 specialiter
1997 3675 2030 3729 et
2051 3683 2105 3729 ex·

1355 3773 1459 3836 presse
1490 3759 1692 3837 derogamus,
1725 3760 1898 3840 ceterisque
1939 3761 2103 3822 contrariis

1355 3849 1614 3930 quibuscumque.

1395 3944 1414 4018 ἓ
1434 3943 1463 4004 b.
1486 3943 1638 4006 Volumus
1652 3951 1757 4006 autem
1772 3952 1807 4008 nt
1821 3946 2002 4008 earumdem
2017 3961 2103 4025 prae·
2174 3969 2249 4014 rinos
2263 3973 2338 4016 tran-
2430 3937 2431 3958 ¹

1354 4035 1492 4098 sentium
1507 4035 1679 4099 litterarum
1696 4037 1910 4116 transumptis,
1927 4055 1984 4102 sen
1998 4054 2104 4101 exem·
2122 4025 2294 4080 ⁸⁰¹¹¹⁹t⁰¹⁰¹¹¹=

1354 4128 1424 4206 plis,
1447 4129 1541 4190 etiam
1562 4129 1729 4209 impressis
1752 4146 1848 4194 manu
1870 4131 2000 4196 alicuius
2016 4139 2104 4194 nota·

1354 4221 1394 4284 rii
1415 4222 1529 4300 publici
1559 4224 1749 4304 subscriptis,
1772 4231 1802 4286 et
1823 4223 1927 4302 sigillo
1954 4239 2104 4304 personae

1346 4314 1388 4376 in
1409 4315 1609 4378 ecclesiastici
1630 4317 1781 4393 dignitate
1798 4318 1985 4381 constitutae
2000 4320 2103 4381 muni·
2207 4381 2209 4386 .

1357 4409 1407 4483 tis,
1436 4409 1542 4470 eadem
1573 4424 1698 4487 prorsus
1720 4409 1794 4472 sides
1816 4410 1932 4490 ubique
1964 4410 2104 4474 locorum

1356 4501 1468 4563 tamin
1490 4501 1603 4563 iudicio
1620 4516 1714 4579 quam
1733 4509 1822 4564 extra
1843 4502 2002 4578 habeatur,
2026 4519 2104 4583 quae

1357 4593 1429 4672 ipsis
1450 4593 1662 4672 praesentibus
1683 4593 1862 4672 baberetur,
1877 4596 1907 4657 si
1925 4595 2029 4660 iurent
2050 4611 2102 4660 ex-

1356 4686 1470 4748 hibitae
1490 4685 1542 4748 vel
1566 4693 1715 4750 ostensae.

1396 4781 1507 4842 ilatum
1528 4779 1654 4856 Romae,
1677 4782 1756 4860 apud
1773 4781 1804 4846 S.
1821 4782 1961 4858 Petrum,
1977 4783 2035 4846 sub
2049 4801 2103 4846 an·

1355 4873 1431 4934 nnlo
1443 4873 1613 4950 Piscatoris,
1626 4873 1675 4936 dic
1686 4891 1729 4936 rv.
1742 4874 1787 4954 (l)
1799 4875 1930 4938 ianuarii
1942 4891 2101 4956 uuccvn,

1355 4967 1551 5048 pontificatus
1571 4968 1671 5030 nostri
1692 4984 1774 5030 anno
1795 4984 1852 5028 vn.

1606 5219 1846 5230 n—a-n-——n

1675 5437 1782 5500 xxlll.

1357 5621 1508 5685 Cortccdit
1530 5624 1657 5686 circeum
1679 5625 1715 5686 io
1737 5624 1802 5686 loco
1818 5625 1947 5690 Porioto
1968 5626 2102 5706 Corique-

1393 5717 1519 5795 qotioui
1545 5716 1581 5777 do
1602 5715 1816 5797 Propogoodd
1845 5717 1924 5781 Fide
1951 5719 1986 5780 dc
2012 5718 2100 5789 Urbe,

595 5929 623 5985 tlt
639 5931 715 5976 quta
728 5931 788 5977 edit.
805 5931 909 5979 Taurin.
926 5933 1002 5978 Deest
1016 5941 1151 5986 uumerus,
1166 5933 1194 5978 at
1209 5932 1242 5978 ad
1257 5942 1340 5990 marg.
1357 5933 1439 5978 notet.
1457 5933 1476 5988 i,
1492 5941 1584 5977 verum
1599 5931 1626 5977 in
1641 5930 1765 5989 originali
1780 5934 1820 5977 est
1835 5941 1869 5976 rv.
