4844 6990
957 592 1053 639 tuuntt
1074 590 1286 638 nusutcantttt

407 707 617 773 Eremltarum
638 711 668 776 S.
694 710 861 788 Augustini
883 709 915 771 in
930 707 1093 789 possessio-

407 819 480 865 nem
501 805 750 882 privilegiorum,
766 804 799 865 in
815 819 874 881 4444
890 801 1093 880 usquemodo

408 895 547 971 luerunt,
575 899 717 978 deinceps
748 896 954 976 absqueulld
984 895 1092 957 altera-

399 992 493 1054 tione
513 998 726 1071 permaneant,
743 991 860 1053 etiamsi
883 997 951 1052 octo
969 989 1094 1066 religio-

407 1103 456 1146 sos
475 1083 511 1145 de
527 1084 641 1146 44444146
655 1101 718 1146 non
735 1083 876 1158 habeant,
893 1099 956 1146 non
973 1083 1093 1144 obstan-

409 1179 489 1240 tibus
518 1178 630 1240 litteris
655 1177 741 1240 Pauli
770 1176 822 1249 11,
850 1177 961 1255 quihus
988 1176 1093 1237 huius·

408 1272 490 1334 modi
512 1271 618 1333 domos
644 1272 793 1349 supprimi
820 1271 991 1333 iubebatur.
1016 1270 1090 1332 lbid.

348 1364 442 1428 XVll.
468 1366 633 1430 Decretum
666 1364 836 1428 cardinalis
867 1365 903 1428 de
932 1365 1092 1438 44444444,

408 1458 505 1520 latum
527 1475 608 1521 anno
623 1475 747 1520 4444444.
766 1459 841 1520 dum
856 1465 934 1519 esset
949 1456 1094 1520 Visitator

408 1552 590 1631 apostolicus
612 1553 769 1614 indiarum
790 1552 994 1614 Orientalium
1015 1551 1093 1612 circa

407 1645 575 1708 nonnullos
595 1647 685 1720 ritus,
708 1647 949 1708 consuetudines
967 1654 1024 1706 etc.
1043 1645 1095 1704 ha-

407 1755 479 1802 rum
500 1739 677 1816 regionum,
695 1740 726 1802 iu
748 1739 903 1819 plerisque
917 1739 1092 1812 confirmat,

409 1835 442 1896 in
463 1835 529 1896 aliis
548 1833 691 1908 declarat,
708 1841 760 1894 aut
774 1833 963 1907 moderatur,
981 1840 1034 1894 444
1048 1847 1094 1893 re-

407 1928 516 1990 mittit.
540 1927 608 1990 448.

349 2021 457 2085 XVlll.
482 2021 653 2086 Confirmat
673 2021 836 2100 privilegia
857 2019 1094 2100 provincialibus

409 2115 568 2189 sacietatis
602 2116 669 2177 lesu
700 2114 733 2177 in
765 2114 903 2193 partibus
937 2113 1093 2176 indiarum

407 2207 611 2270 existentibus
625 2225 640 2268 a
655 2217 778 2271 sanctae
792 2209 958 2270 memoriae
974 2207 1026 2268 Pio
1041 2205 1091 2270 lV.

408 2318 559 2364 concessa.
584 2301 651 2362 453.

349 2395 429 2458 11411.
454 2395 643 2458 Facultatem
665 2394 804 2458 concedit
824 2395 963 2472 patribus
980 2395 1094 2471 Capua-

408 2489 485 2550 cinls
511 2488 604 2551 Gallis
625 2487 836 2550 missionariis
867 2488 1037 2566 apostolicis
1062 2489 1094 2549 in

407 2581 546 2659 partibus
560 2581 735 2644 infidelium
750 2582 935 2658 degentibus
950 2597 1096 2642 exercen-

409 2675 439 2738 di
460 2683 540 2736 artes
566 2675 738 2737 medicinae
759 2685 789 2736 et
815 2675 999 2752 chirurgiae.
1024 2675 1092 2736 455.

349 2768 417 2830 XX.
442 2767 555 2830 Statuit
576 2775 611 2829 ut
630 2768 799 2846 capitulum
814 2767 958 2844 generale
973 2768 1094 2832 Ordinis

409 2861 440 2923 S.
463 2861 618 2940 Hippolyti
649 2863 798 2925 Henicani
826 2863 863 2925 da
890 2863 1040 2924 sexennio
1062 2863 1093 2923 in

299 2995 308 3035 ;
408 2955 892 3020 mmmfflmmffl

349 3049 430 3113 XXl.
453 3049 624 3112 Oontirmat
652 3051 812 3112 decretum
840 3049 1094 3128 congregationis

407 3142 445 3204 de
466 3142 662 3222 Propagandi
683 3143 757 3205 Fide
776 3159 869 3220 super
886 3144 1093 3206 tumulatione

407 3235 591 3298 cadaverum
612 3236 878 3299 missionariorum
903 3237 1093 3314 regularium

408 3330 441 3391 in
456 3329 630 3391 infidelium
645 3330 782 3407 partibus
796 3331 1008 3392 existentium.
1023 3329 1090 3391 457.

348 3423 442 3486 Χ1111.
461 3422 692 3499 indulgentiam
702 3423 871 3501 plenariam
887 3424 1035 3499 concedit,
1048 3425 1093 3486 iu-

406 3523 458 3579 4444
472 3515 611 3590 modum,
626 3516 826 3578 visitantibus
847 3518 1018 3580 oratorium
1041 3518 1093 3580 Oa-

406 3610 609 3688 puccinorum
630 3609 789 3671 Gallorum
805 3609 988 3690 inpartibus
1005 3610 1090 3672 inhd.

408 3703 679 3766 commorantium.
703 3701 772 3763 458.

346 3796 454 3859 XXlH.
478 3796 638 3858 hhhatiam
669 3793 699 3857 S.
731 3797 889 3860 Benedicti
918 3800 955 3860 de
983 3799 1093 3861 Ullano

405 3889 552 3953 dioecesis
583 3889 804 3951 bisinianensis
839 3906 893 3968 per
925 3893 1093 3954 cessionem

405 3981 573 4045 Gordinalis
596 3982 700 4045 Oarala
722 3983 846 4044 hbhatis
868 3983 1094 4046 commendata-

405 4076 444 4136 rii
465 4083 627 4138 vacantem
648 4075 683 4135 ad
705 4083 819 4137 statum
841 4077 1030 4138 saecularem
1045 4093 1091 4140 re-

406 4167 494 4244 digit,
527 4183 657 4246 eamque
688 4177 837 4246 perpetuo
868 4169 1001 4245 assignat
1023 4169 1094 4249 Epi-

405 4275 497 4339 scopo
511 4261 617 4324 Graeci
632 4261 711 4322 ritus
726 4277 781 4340 pro
795 4271 936 4340 tempore
951 4263 1093 4340 eligendo

406 4369 421 4413 a
444 4351 522 4416 Sede
543 4353 714 4433 Apostolicd
729 4355 761 4415 in
778 4353 949 4433 praesidem
965 4356 1093 4434 collegii

406 4446 444 4508 de
465 4447 576 4509 Ullano
597 4463 652 4509 seu
674 4447 795 4510 Gorsini
817 4449 917 4523 graeei
939 4449 1017 4511 ritus
1036 4467 1094 4512 nu-

405 4554 461 4617 per
482 4541 594 4614 erecti,
624 4540 674 4602 cui
702 4556 779 4602 onus
812 4541 903 4602 etiam
935 4541 1094 4605 incumbat

406 4632 585 4696 conferendi
606 4633 729 4696 ordines
743 4633 862 4696 clericis
877 4635 1093 4699 Italo-Graecis

406 4726 569 4804 utriusque
591 4725 721 4789 Siciliae.
746 4727 822 4790 lbid.

347 4817 457 4881 XXIV.
488 4817 611 4880 Nullius
642 4819 760 4880 roboris
791 4819 923 4883 declarat
955 4839 987 4884 ea
1016 4839 1093 4901 4444

406 4912 608 4974 continentur
630 4911 662 4974 in
684 4912 804 4976 duobus
832 4915 970 4994 epistolis
996 4925 1093 4996 pasto-

407 5005 521 5067 ralibus
544 5005 684 5084 Episcopi
705 5005 887 5070 Pekineusis
914 5010 993 5072 circa
1014 5011 1094 5074 ritus

408 5098 558 5160 sinenses.
581 5098 649 5161 463.

347 5189 444 5254 XXV.
469 5191 569 5268 Erigit
589 5190 874 5258 confraternitatem
895 5198 953 5259 suh
972 5198 1095 5262 invoca-

407 5284 495 5348 tione
516 5283 547 5347 S.
571 5286 699 5347 hutanii
721 5287 856 5363 4414144443,
872 5291 1035 5369 utriusque
1049 5309 1096 5359 se-

407 5395 466 5442 4443
489 5377 808 5455 644444444414444,444
830 5383 1014 5447 4441434464
1036 5386 1095 5449 Ou-

406 5471 468 5548 saja
488 5471 522 5534 in
544 5471 648 5534 Monte
668 5471 794 5536 libano.
818 5475 887 5537 464.

349 5565 458 5628 XXVl.
476 5565 647 5628 Oouhrmat
661 5565 822 5630 decretum
837 5569 1094 5648 Gangregationis

408 5661 507 5739 Episc.
525 5667 556 5722 et
576 5659 701 5736 Regul,
717 5677 780 5739 444
794 5663 952 5740 statuitur,
970 5666 1096 5744 presby-

409 5758 490 5813 teros
522 5753 779 5830 congregationis
811 5755 841 5817 S.
876 5756 1032 5835 Hippolyti
1061 5759 1093 5820 in

409 5843 545 5921 partibus
566 5846 724 5909 indiarum
745 5863 808 5910 non
831 5865 918 5928 posse
934 5851 1046 5912 habere
1060 5852 1093 5912 in

410 5934 559 6014 religione
580 5939 714 6020 aliquam
736 5942 952 6019 praelaturam.
975 5943 1043 6006 465.

1815 569 1874 633 533

1149 705 1271 770 XXVII.
1296 705 1481 784 hblegatum
1510 723 1601 770 suum
1624 709 1702 787 apud
1731 707 1894 771 Maronitas

1208 801 1306 864 mittit
1316 801 1480 880 losephum
1493 799 1669 864 Simonium
1680 803 1893 874 hssemanum,

1208 903 1244 957 ut
1265 894 1498 957 ecclesiasticam
1521 895 1714 974 disciplinam
1741 895 1823 956 inter
1844 909 1895 955 eos

1210 988 1343 1063 ordinet,
1368 987 1481 1050 indicti
1503 990 1685 1068 provinciali
1707 990 1842 1068 synodo,
1865 996 1896 1050 et

1208 1083 1372 1142 reservatis
1393 1081 1424 1144 S.
1442 1081 1513 1145 Sodi
1535 1082 1728 1160 gravioribus
1750 1083 1893 1158 negotiis,

1209 1191 1280 1237 cum
1311 1173 1455 1238 lacultate
1485 1191 1608 1256 quoque
1638 1177 1822 1254 suffragium
1853 1176 1896 1238 44-

1208 1268 1297 1330 rendi
1319 1269 1350 1330 in
1373 1269 1407 1330 44
1429 1267 1561 1347 Synodo.
1586 1271 1652 1332 467.

1151 1359 1286 1422 XXVlll.
1312 1362 1481 1424 Confirmat
1496 1363 1655 1425 decretum
1671 1363 1701 1427 S.
1723 1365 1896 1442 Congrege-

1210 1455 1301 1516 tionis
1323 1455 1360 1518 de
1383 1456 1413 1516 P.
1437 1457 1471 1517 H.
1496 1473 1557 1533 444
1582 1457 1731 1520 tribuitur
1752 1458 1897 1520 ccclesiae

1212 1549 1453 1627 Capucciuorum
1475 1547 1618 1628 Smyrnis
1645 1553 1825 1628 degentium
1848 1553 1896 1614 ius

1210 1642 1392 1721 parochiale,
1405 1661 1437 1706 ac
1450 1645 1599 1707 nonnulla
1612 1645 1806 1709 declarantur
1821 1663 1895 1726 quo-

1210 1738 1244 1798 ad
1267 1737 1332 1798 eius
1355 1741 1579 1802 extensionem.
1603 1741 1672 1805 469.

1151 1829 1259 1892 1111111.
1278 1829 1448 1894 Contirmat
1462 1833 1622 1897 decretum
1639 1837 1896 1915 Congregationis

1210 1924 1310 2001 Episc.
1331 1933 1361 1988 et
1382 1926 1541 2004 Regulam,
1565 1945 1626 2007 quo
1658 1931 1841 2007 prohibetur
1862 1935 1895 1994 in

1210 2017 1353 2082 futurum
1374 2021 1507 2099 capitulo
1529 2026 1666 2098 generali
1694 2025 1815 2090 Ordinis
1837 2029 1897 2090 lra-

1210 2120 1293 2174 trum
1317 2113 1525 2177 Eremitarum
1547 2114 1577 2178 S.
1603 2117 1767 2196 Augustini
1791 2123 1895 2184 Excal-

1210 2213 1367 2268 ceatorum
1396 2208 1652 2286 congregationis
1683 2212 1844 2291 Hispaniae
1865 2224 1896 2278 et

1210 2297 1379 2374 ludiarum,
1401 2303 1568 2378 quominus
1599 2305 1743 2369 concedat
1771 2311 1897 2386 provin-

1211 2393 1335 2454 eialatus
1357 2394 1546 2456 honorarius.
1572 2397 1640 2459 474.

1151 2485 1247 2548 XXX.
1272 2485 1442 2548 Confirmat
1466 2491 1702 2554 constitutiones
1724 2501 1754 2556 44
1776 2497 1896 2558 ordina·

1211 2579 1310 2640 tiones
1333 2580 1364 2640 in
1385 2579 1516 2658 capitulo
1538 2585 1673 2664 generali
1696 2587 1817 2650 Ordinis
1838 2589 1896 2652 444-

1212 2679 1298 2733 44444
1321 2672 1618 2738 Bethlehemitarum
1645 2677 1677 2740 in
1700 2677 1792 2742 lndiis
1813 2682 1897 2746 Occi·

1209 2766 1381 2827 dentalibus
1412 2783 1494 2828 anno
1521 2785 1686 2832 4444444444.
1711 2774 1742 2835 in
1772 2775 1895 2839 civitate

1209 2860 1362 2922 Heliconi
1383 2861 1535 2924 celebrato
1557 2881 1611 2943 pro
1639 2865 1719 2929 441444
1744 2870 1896 2945 regimine

1209 2955 1348 3016 eiusdem
1369 2954 1490 3018 Ordinis
1511 2957 1674 3020 editarum.
1698 2961 1766 3025 tta.

1150 3047 1259 3110 XXXI.
1285 3047 1455 3110 Confirmat
1477 3051 1598 3127 regulas
1614 3061 1644 3114 et
1658 3057 1896 3121 constitutiones

1210 3142 1465 3218 Congregationis
1491 3159 1546 3206 seu
1569 3145 1698 3224 Collegii
1726 3151 1896 3214 subtituto

1211 3233 1327 3296 Sacrae
1348 3233 1505 3298 Familiae
1524 3238 1595 3300 1444
1613 3239 1737 3303 Christi
1751 3260 1806 3321 pro
1821 3245 1896 3307 edu-

1210 3326 1330 3388 catione
1350 3327 1548 3390 alumnorum
1567 3327 1747 3395 Sinensium
1762 3344 1792 3398 et
1807 3336 1895 3398 444414-

1209 3433 1281 3480 rum
1302 3421 1397 3481 444444
1419 3427 1504 3482 44444
1532 3437 1639 3486 muros
1664 3425 1797 3489 civitatis
1819 3427 1895 3491 Nea·

1211 3511 1373 3596 politanae.
1398 3515 1466 3576 477.

1150 3605 1272 3669 Χ111111.
1306 3607 1436 3670 innovat
1470 3611 1590 3674 decreta
1625 3613 1896 3691 praedecessorum

1208 3701 1417 3778 prohibentia,
1448 3719 1488 3764 ne
1518 3703 1639 3768 Graecis
1672 3709 1895 3788 cuiuscumque

1208 3799 1304 3855 status
1335 3801 1365 3854 et
1396 3793 1579 3857 conditionis
1609 3798 1667 3860 sub
1698 3816 1897 3880 quocumque

1208 3894 1369 3964 praetentu
1390 3889 1534 3964 pecunias
1561 3905 1709 3968 quaerere
1737 3894 1895 3971 permitta-

1207 3987 1274 4054 tur3
1298 3979 1454 4056 simulque
1469 3983 1616 4060 praecipit
1632 3985 1775 4046 omnihus
1792 3986 1896 4048 Eccle-

1207 4074 1270 4134 siae
1291 4073 1496 4149 Praesulihus‚
1514 4082 1548 4136 ut
1570 4076 1613 4137 eis
1634 4076 1770 4140 adimant
1792 4080 1895 4144 literas

1207 4173 1346 4244 patentes
1367 4183 1441 4246 quas
1462 4168 1680 4246 praescierant,
1697 4179 1728 4233 et
1750 4175 1896 4252 pecunias

1207 4277 1282 4338 quas
1303 4262 1523 4336 congesserint,
1548 4269 1693 4341 utrasque
1714 4267 1749 4328 ad
1765 4264 1795 4328 S.
1815 4267 1895 4330 Gon-

1209 4353 1423 4430 gregationem
1443 4355 1622 4417 mittendas.
1646 4357 1713 4420 479.

1150 4447 1286 4510 111111144.
1310 4447 1466 4526 hpprobat
1497 4449 1628 4527 negatas
1660 4457 1830 4533 propositas
1858 4458 1893 4521 ad

1208 4541 1380 4617 regendum
1403 4542 1576 4622 Collegium
1596 4547 1674 4609 ritus
1689 4551 1801 4625 graeci,
1821 4549 1894 4612 Cor·

1207 4634 1273 4694 siai
1295 4644 1520 4714 nuncupatum,
1543 4638 1581 4701 ab
1602 4640 1666 4718 ipso
1692 4641 1839 4706 Pontihoe
1861 4645 1894 4706 in

1208 4727 1317 4806 oppido
1339 4727 1439 4789 Ullani
1468 4730 1621 4794 bisianen.
1646 4734 1791 4798 dioecesis
1814 4753 1895 4800 erec-

1211 4829 1287 4884 tum.
1314 4821 1382 4883 484.

1150 4915 1287 4979 XXXIV.
1313 4917 1523 4995 Indulgentiae
1544 4935 1560 4980 4
1580 4936 1613 4982 34
1635 4922 1763 5002 41443444
1783 4925 1893 4986 Homa-

1209 5010 1256 5070 4444
1278 5010 1476 5074 Pontificibus
1497 5029 1653 5075 concessas
1672 5017 1895 5080 catechismum

1208 5103 1390 5165 docentibus
1412 5105 1462 5166 vel
1490 5105 1602 5169 adultis
1635 5108 1723 5171 illum
1751 5110 1897 5173 discenti-

1210 5197 1266 5259 bus
1288 5197 1320 5258 in
1342 5197 1424 5259 ltalia
1440 5201 1579 5262 extendit
1594 5204 1629 5264 ad
1645 5202 1751 5264 orbem
1767 5205 1894 5266 univer·

1209 5307 1289 5353 sum.
1316 5289 1382 5352 tea.

1150 5383 1275 5447 XXXV.
1296 5387 1464 5448 Confirmat
1481 5387 1710 5465 indulgentiam
1725 5390 1895 5470 plenariam

1209 5494 1225 5538 a
1247 5475 1343 5541 SSaiao
1369 5479 1500 5541 Domino
1522 5479 1631 5542 Nostro
1660 5483 1822 5547 Clemente
1842 5487 1894 5546 Pa-

1209 5589 1244 5649 pa
1267 5571 1330 5634 Xll.
1355 5588 1529 5634 concessam
1557 5574 1758 5639 missionariis
1782 5578 1894 5657 Capac-

1208 5665 1285 5726 cinis
1306 5666 1397 5728 Gallis
1419 5667 1451 5727 in
1478 5665 1614 5744 partibus
1636 5669 1810 5732 infidelium
1833 5675 1897 5735 441-

1208 5759 1362 5820 stentibus
1384 5765 1452 5821 tum
1473 5760 1522 5821 die
1539 5777 1600 5838 444
1615 5761 1651 5821 ad
1667 5763 1731 5840 ipsa
1747 5763 1897 5828 14444444-

1208 5851 1333 5912 sionum
1361 5853 1577 5934 pervenerint,
1608 5865 1677 5918 tum
1705 5857 1737 5919 in
1765 5859 1895 5934 44444414

1209 5944 1327 6006 mortis.
1351 5944 1420 6008 483.
