4866 6980
309 516 406 574 sae.
428 519 495 574 reae
546 523 585 586 30

527 661 754 737 deficientibus,
769 662 804 724 ad
827 677 926 724 unum
942 678 981 723 ex
994 661 1208 725 definitoribus
1219 661 1270 724 ad-

527 755 599 817 ditis
620 756 758 818 ciusdem
784 756 996 836 quadriennii,
1024 755 1199 834 supradicto
1220 770 1267 816 or-

527 849 599 914 dine
620 851 748 913 omnino
769 858 907 928 servat03
930 851 1034 928 sicque
1059 849 1269 912 retrocedatur

526 944 562 1006 ad
578 944 635 1004 alia
650 943 780 1022 capitula
796 945 971 1022 praeterita,
983 941 1079 1006 donec
1095 943 1269 1018 integretur

525 1051 674 1098 numerus
686 1045 817 1116 quatuor
831 1038 1042 1110 definitorum,
1054 1051 1118 1098 nou
1130 1035 1270 1098 obstante

526 1132 748 1212 supplicatione
769 1131 945 1209 provinciae
956 1131 989 1192 in
1002 1129 1194 1194 contrarium
1216 1143 1271 1189 no·

526 1227 572 1290 bis
603 1226 688 1289 lacti.
723 1226 779 1302 Qui
808 1241 972 1288 veronen
1001 1222 1036 1284 ad
1067 1237 1187 1285 causam
1219 1221 1268 1282 vel

527 1337 630 1382 causas
657 1319 868 1398 particulares,
893 1325 928 1380 ut
951 1317 983 1378 in
1005 1333 1075 1380 casu
1103 1313 1269 1378 discordiae

527 1412 578 1475 vel
599 1413 801 1476 recusationis
822 1413 1002 1488 contingere
1023 1417 1134 1490 potest,
1160 1409 1211 1470 sed
1234 1408 1269 1468 ad

528 1506 764 1568 universitatem
775 1520 936 1568 causarum
946 1519 1002 1583 pro
1014 1501 1191 1566 huiusmodi
1201 1499 1270 1562 sub·

527 1601 687 1676 rogatione
713 1599 925 1662 definitorium
951 1597 1137 1674 ingreditur,
1162 1609 1271 1657 nume·

528 1709 662 1770 rumque
679 1699 811 1770 quatuor
826 1692 1027 1755 definitorum
1041 1696 1110 1752 actu
1125 1703 1271 1750 exercen-

529 1786 609 1848 tium
630 1785 790 1847 constituit
804 1785 1048 1863 (confirmantes,
1062 1790 1103 1860 et,
1120 1789 1271 1862 quatenus

529 1895 606 1956 opus
626 1877 676 1952 sit,
693 1879 878 1940 innovantes
893 1877 1111 1940 declarationes
1127 1889 1272 1936 reveren·

529 1972 728 2035 dissimorum
743 1970 880 2050 patrum)
891 1987 978 2046 voce,
995 1971 1072 2046 loco,
1089 1969 1270 2045 ceterisque,

530 2066 746 2142 subrogatione
761 2067 902 2140 durante,
919 2063 1048 2140 gaudeat
1069 2059 1273 2140 exemptioni-

530 2159 587 2221 bus
608 2167 639 2220 et
660 2159 841 2237 privilegiis,
864 2158 977 2235 absque
997 2155 1057 2218 nlla
1078 2171 1202 2236 prorsus
1218 2151 1274 2215 dii-

530 2252 673 2327 ierentid,
697 2251 807 2331 quibus
828 2251 1006 2315 definitores
1026 2248 1158 2312 actuales
1180 2247 1212 2308 in
1227 2263 1273 2308 ca-

531 2345 630 2424 pitulo
641 2344 823 2424 provinciali
835 2343 924 2406 electi
935 2342 1083 2420 gaudena
1097 2349 1127 2403 et
1137 2341 1162 2401 si
1175 2338 1274 2400 omni·

532 2439 589 2502 bus
611 2439 676 2500 istis
704 2437 860 2516 antiquior
881 2437 935 2510 sit,
959 2443 990 2497 et
1011 2451 1084 2497 usus
1112 2431 1273 2495 emerserit

531 2533 613 2611 quod
637 2531 743 2592 nullus
767 2531 799 2591 in
822 2529 1050 2607 praesidentem
1066 2525 1191 2606 capituli
1205 2539 1273 2604 pro-

531 2625 671 2687 vincialis
692 2640 745 2702 per
761 2623 878 2686 litteras
892 2623 986 2700 patris
1008 2619 1159 2700 generalis
1181 2621 1274 2696 depu-

531 2726 626 2793 tetur,
648 2717 712 2796 ipse
729 2724 883 2794 tamqnam
899 2716 1018 2795 primus
1032 2714 1177 2778 delinitor
1190 2712 1275 2794 (licet

531 2807 729 2889 subrogatus)
739 2810 941 2890 praesidentia
953 2809 1045 2888 potiri
1060 2808 1191 2882 debebit,
1204 2821 1276 2868 cou-

532 2905 674 2967 iormiter
694 2905 730 2965 ad
758 2911 877 2966 nostras
903 2921 1001 2966 sacras
1027 2900 1274 2972 constitutiones

532 3006 698 3078 part.1n.,
730 3014 793 3076 cap.
817 3015 887 3073 vn.,
917 3013 1005 3058 num.
1031 3014 1067 3070 ι.,
1099 2995 1171 3072 §b
1200 2999 1231 3054 et
1251 2993 1275 3053 si

533 3109 620 3155 secus
640 3109 733 3172 super
757 3093 805 3154 his
826 3092 935 3172 quovis
961 3092 1051 3154 modo
1073 3089 1139 3151 fieri
1162 3086 1210 3149 vel
1233 3093 1276 3146 at-

534 3187 648 3249 tentari
674 3186 856 3262 contigerit,
887 3191 988 3248 totum
1017 3185 1056 3244 sit
1089 3181 1215 3244 irritum
1247 3187 1277 3240 ct

534 3280 626 3342 inane
647 3279 712 3358 ipso
726 3279 803 3342 iacto
818 3287 849 3341 et
861 3279 975 3356 absque
989 3277 1046 3340 alii
1061 3275 1274 3338 declaratione.

330 3374 364 3417 ¹³0
375 3369 454 3418 tauers
465 3371 516 3417 ⁸1¹¹·
575 3391 605 3433 x.
629 3373 740 3436 Omnes
765 3379 797 3432 ct
817 3372 957 3449 singulos
986 3378 1085 3450 patres
1107 3365 1276 3431 delinitorii

303 3424 446 3480 tragatiouc
458 3425 516 3471 dell·
536 3468 542 3480 ,

303 3479 426 3524 nitornna.

347 5715 381 5758 be
398 5709 525 5765 suffragiis

312 5767 340 5813 in
361 5766 446 5812 causis
466 5763 526 5810 deil-

312 5819 422 5867 alendis.

534 3485 567 3530 ιιι
589 3467 733 3530 omnibus
755 3475 786 3529 et
806 3465 937 3542 singulis
958 3463 1055 3526 causis
1074 3461 1125 3524 vel
1146 3458 1276 3536 negotiis

534 3562 567 3623 in
589 3561 765 3624 delinitorio
791 3561 885 3622 etiam
905 3558 1024 3639 privato
1053 3552 1278 3616 sententiandis

534 3671 588 3716 seu
610 3654 900 3732 quomodocumque
920 3649 1142 3730 pertractandis
1163 3645 1212 3708 vel
1228 3645 1279 3706 de-

536 3747 739 3810 terminandis
765 3761 887 3825 semper
909 3745 1023 3807 habere
1050 3751 1120 3804 vota
1148 3737 1278 3802 decisiva

534 3842 736 3915 declarantes,
753 3839 949 3903 decernimus
964 3838 1044 3918 quod
1059 3837 1084 3899 si
1105 3834 1215 3912 aliquis
1228 3847 1278 3892 eo-

536 3953 607 3999 rum
628 3952 683 4014 pro
713 3934 932 4016 suffragatione
956 3931 1072 3994 secreta
1099 3927 1278 3990 instantiam

535 4029 721 4106 iecer·it,pe1·
735 4026 909 4090 hallottulas
923 4032 1055 4086 secretas
1069 4021 1199 4085 omnino
1214 4022 1278 4093 fiat,

535 4122 592 4184 sub
612 4123 710 4200 poena
731 4119 881 4182 nullitatis
902 4116 1095 4195 agendorum
1116 4115 1180 4194 ipso
1201 4113 1279 4174 iacto

536 4224 567 4276 et
582 4215 694 4292 absque
705 4214 762 4274 alia
777 4211 994 4276 declaratione:
1010 4209 1185 4272 inhibentes
1195 4221 1279 4284 prac-

536 4313 619 4368 terea
640 4305 778 4384 patribus
799 4303 982 4384 praesidenti
1008 4300 1131 4378 capituli
1153 4297 1281 4376 provin-

538 4407 620 4470 cialis
641 4413 672 4468 et
693 4404 781 4466 alteri
804 4403 998 4476 cuicumque,
1024 4395 1197 4476 subposui
1219 4392 1280 4472 pri-

537 4501 670 4563 vationis
685 4499 848 4577 utriusque
863 4497 945 4560 vocis
960 4512 1014 4574 per
1028 4492 1279 4573 quinquennium

538 4597 602 4674 ipso
634 4594 711 4656 iacto
743 4591 937 4664 incurrendi,
968 4605 1007 4651 ne
1036 4591 1068 4650 in
1097 4585 1280 4649 delinitoriis

538 4691 631 4751 etiam
653 4687 790 4766 privatis,
807 4700 943 4763 quorum
961 4680 1163 4762 praesidentia
1178 4681 1213 4742 ad
1230 4694 1281 4741 eos

539 4781 709 4862 respective
731 4781 894 4858 pertineat,
917 4794 972 4857 per
992 4793 1025 4838 se
1039 4776 1090 4838 vel
1110 4791 1164 4854 per
1186 4774 1281 4835 aliurn

538 4875 667 4938 liberam
689 4880 720 4935 et
740 4872 1002 4950 independentem
1028 4877 1152 4947 patrum
1173 4865 1282 4930 defini-

539 4969 611 5032 torii
632 4966 884 5042 suffragationem
901 4963 1055 5043 publicam
1069 4961 1119 5022 vel
1133 4969 1281 5022 secretam

540 5059 760 5140 quovismodo
789 5057 972 5136 impediant,
1000 5070 1102 5133 neque
1129 5054 1164 5116 ad
1189 5067 1282 5113 sunm

539 5169 666 5216 sensum
688 5153 869 5220 eorumdem
891 5155 960 5210 vota
977 5155 1162 5226 extorquere
1184 5152 1282 5207 atten-

540 5256 625 5324 tent;
642 5255 673 5310 ct
687 5247 711 5308 si
727 5247 759 5308 in
775 5251 890 5325 puncto
912 5244 988 5306 iuris
1009 5241 1155 5321 praedicti
1170 5247 1281 5318 patres,

541 5341 592 5402 vel
612 5340 721 5418 aliquis
747 5354 873 5411 eorum,
904 5335 1118 5399 difficultatem
1149 5333 1283 5411 aliquam

540 5434 720 5507 habuerint,
754 5431 929 5494 consultum
956 5445 1027 5492 cum
1054 5426 1206 5490 advocatis
1230 5441 1284 5486 seu

541 5527 725 5605 iurisperitis
746 5526 839 5586 etiam
860 5523 1064 5586 saecularibus
1084 5521 1198 5583 habere
1218 5535 1283 5597 pos·

542 5621 605 5682 sint
627 5628 656 5684 et
671 5620 804 5681 valeant.

584 5731 627 5775 ιιι.
651 5714 691 5776 Ut
706 5713 923 5791 quodcumque
938 5710 1152 5774 delinitorium
1166 5708 1215 5769 vel
1232 5707 1284 5769 tri-

544 5808 637 5871 bunal
652 5807 746 5870 etiam
761 5805 885 5883 capituli
900 5803 1095 5884 provincialis
1111 5803 1161 5864 vel
1175 5801 1284 5880 privati

545 5903 577 5976 in
591 5901 654 5964 suis
669 5901 788 5963 iudiciis
803 5898 853 5961 vel
867 5897 1085 5976 congressibus
1099 5895 1284 5958 sententiam

1044 542 1107 588 tun.
1132 543 1222 588 PONT.
1246 543 1286 587 DF.
1307 543 1335 588 P·
1360 543 1389 589 l?-
1414 545 1496 590 anns
1518 545 1538 590 l.

2096 543 2149 598 An.
2164 545 2194 596 0.
2223 535 2311 592 1679

1325 661 1373 724 vel
1395 662 1684 726 determinationem
1713 664 1812 740 iaciat,
1834 664 1995 743 tacereque
2019 667 2067 728 in·
2141 653 2148 664 ’

1326 754 1498 831 telligatur,
1532 756 1680 819 maiorem
1701 764 1821 836 partem
1849 758 1991 821 omnium
2013 775 2065 822 vo-

1326 856 1428 910 torum
1450 850 1620 927 respective
1641 851 1816 912 consentire
1837 859 1867 912 et
1881 867 2067 914 concurrere

1325 941 1447 1015 debere,
1470 957 1591 1009 necnon
1603 943 1772 1021 praedictae
1793 944 1902 1006 maiori
1916 944 1995 1023 parti
2010 945 2068 1006 mi-

1326 1049 1435 1096 norem
1456 1035 1575 1112 cedere,
1598 1053 1631 1100 ac
1651 1037 1822 1100 sententiae
1847 1037 1898 1099 vel
1922 1039 2067 1101 determi-

1326 1128 1444 1189 nationi
1475 1127 1569 1189 iactae
1597 1129 1788 1195 subscribere
1815 1131 1926 1206 teneri,
1948 1133 2067 1194 etiamsi

1326 1221 1501 1307 praesidens
1531 1222 1656 1299 capituli
1684 1223 1733 1286 vel
1758 1231 1844 1301 pater
1872 1225 2068 1304 provincialis

1326 1329 1381 1392 pro
1403 1314 1481 1376 dicta
1502 1314 1616 1377 minori
1642 1323 1728 1398 parte
1748 1318 1880 1392 steterit,
1911 1317 2067 1393 volumus,

1327 1409 1524 1471 decernimus
1551 1415 1581 1470 ct
1607 1409 1807 1472 declaramus.
1836 1411 1871 1472 ln
1898 1428 1969 1474 casu
1994 1428 2069 1473 vero

1327 1500 1511 1577 discordiae,
1539 1509 1574 1564 ut
1602 1511 1727 1578 vocant,
1756 1503 1782 1563 si
1807 1504 1841 1566 in
1873 1519 2069 1582 quocumque

1327 1594 1503 1656 delinitorio
1525 1595 1600 1657 oriri
1620 1597 1797 1673 contigerit,
1813 1613 1868 1676 pro
1883 1599 1916 1659 ea
1936 1597 2070 1660 tollenda

1328 1695 1455 1750 vocetur
1469 1696 1500 1751 et
1513 1689 1695 1756 admittatur
1716 1691 1769 1752 ille
1783 1693 1930 1756 delinitor
1950 1693 2070 1756 additus

1328 1784 1382 1864 qui
1409 1784 1442 1846 in
1471 1801 1541 1847 casu
1568 1785 1779 1864 supplementi
1799 1802 1855 1864 pro
1886 1787 2070 1862 integrando

1328 1877 1504 1940 definitorio
1518 1879 1619 1957 primo
1636 1879 1735 1943 vocari
1750 1886 1781 1940 et
1795 1879 1916 1942 admitti
1929 1881 2069 1943 deberet:

1329 1980 1359 2036 et
1373 1973 1398 2034 si
1409 1973 1586 2036 huiusmodi
1596 1974 1713 2036 vocatio
1724 1989 1918 2052 quacumque
1933 1989 1971 2035 en
1985 1975 2072 2036 causa

1329 2067 1474 2129 ellectum
1490 2083 1552 2128 non
1574 2067 1731 2142 sortiatur,
1747 2066 1797 2128 vel
1811 2067 1959 2130 discordia
1973 2067 2072 2132 adhuc

1330 2162 1425 2224 ablata
1440 2177 1504 2224 non
1519 2161 1625 2237 luerit,
1638 2179 1781 2226 recursus
1793 2169 1866 2224 tunc
1877 2162 2025 2224 habeatur
2036 2159 2072 2222 ad

1329 2256 1437 2330 alium,
1453 2263 1485 2318 et
1505 2255 1599 2318 alium
1621 2256 1818 2320 definitorem
1831 2255 1983 2329 additum,
1999 2262 2071 2330 etc,

1330 2349 1532 2412 conformiter
1562 2348 1598 2410 ad
1629 2350 1788 2412 decretum
1819 2348 1877 2410 sub
1904 2364 1991 2410 narn.
2026 2364 2070 2409 ιιι.

1330 2443 1574 2522 suprapositum,
1608 2443 1705 2505 donec
1740 2442 1892 2520 praedicta
1926 2441 2073 2504 discordia

1330 2544 1436 2612 cesset,
1454 2536 1669 2614 sententiaque
1683 2535 1734 2598 vel
1748 2535 1965 2597 determinatio
1980 2551 1997 2595 a
2011 2550 2074 2595 ma·

1332 2632 1388 2692 iori
1410 2638 1496 2708 parte
1517 2630 1579 2691 liat.
1604 2628 1635 2694 Si
1657 2637 1762 2694 autem
1777 2628 1809 2692 in
1825 2627 1973 2690 tribunali
1988 2643 2074 2706 prae-

1330 2724 1458 2786 sidentis
1480 2723 1604 2802 capituli
1619 2730 1650 2784 et
1661 2722 1798 2786 iudicum
1813 2735 1974 2784 causarum
1989 2734 2074 2798 prae-

1332 2817 1410 2880 dicta
1431 2815 1578 2878 discordia
1600 2815 1727 2890 oriatur,
1740 2829 1795 2894 pro
1817 2815 1851 2875 ea
1875 2813 2007 2875 tollenda
2022 2827 2076 2873 vo-

1331 2917 1420 2973 cetur
1440 2915 1471 2970 et
1491 2907 1673 2970 admittatur
1693 2915 1780 2985 pater
1804 2905 1999 2984 provincialis
2019 2921 2074 2966 seu

1332 3011 1433 3065 rector
1453 3000 1641 3080 provinciac;
1663 3007 1694 3062 et
1713 3000 1739 3062 si
1759 2999 1937 3064 huiusmodi
1958 2998 2075 3060 vocatio

1333 3111 1527 3176 quacumque
1542 3110 1581 3155 er
1591 3094 1679 3156 causa
1693 3093 1837 3156 ellectum
1851 3092 1996 3154 similiter
2010 3107 2074 3155 non

1332 3190 1489 3262 sortiatur,
1512 3187 1563 3250 vel
1593 3185 1740 3250 discordia
1768 3185 1867 3248 adhuc
1887 3185 1984 3248 ablata
2011 3203 2075 3250 non

1333 3287 1444 3362 tuerit,
1471 3300 1613 3348 recursus
1639 3289 1714 3346 tuno
1741 3283 1888 3344 habeatur
1915 3282 2015 3359 primo
2040 3283 2076 3344 ad

1333 3380 1510 3444 definitores
1534 3377 1666 3440 actuales
1692 3393 1748 3438 suo
1769 3375 1893 3449 ordine,
1916 3381 2019 3452 postea
2040 3374 2077 3436 ad

1334 3473 1468 3546 additos,
1498 3473 1595 3534 donec
1623 3469 1773 3549 praedicta
1795 3467 1943 3531 discordia
1967 3475 2075 3541 cesset,

1333 3567 1553 3644 sententiaque
1567 3564 1617 3626 vel
1632 3562 1849 3628 determinatio
1860 3578 1876 3622 a
1887 3560 1996 3622 maiori
2011 3575 2079 3638 par-

1334 3669 1375 3734 te,
1399 3667 1434 3721 ut
1464 3674 1568 3736 supra,
1591 3659 1652 3718 hat.
1684 3655 1721 3718 ut
1742 3655 1768 3718 si
1792 3671 1881 3718 secus
1911 3669 2004 3732 super
2029 3653 2077 3714 his
2154 3644 2160 3657 '

1322 3752 1443 3830 vquovis
1464 3751 1556 3813 modo
1576 3749 1644 3810 sveri
1664 3748 1714 3810 vel
1735 3747 1879 3814 attentari
1900 3745 2076 3822 contigerit,

1334 3853 1436 3908 totum
1467 3846 1507 3908 sit
1528 3844 1652 3907 irritum
1679 3859 1711 3905 ac
1738 3842 1831 3906 inane
1856 3841 1921 3919 ipso
1947 3839 2025 3902 iacto
2045 3845 2077 3900 et

1335 3941 1448 4018 absque
1466 3939 1522 4000 aliai
1543 3937 1756 4000 declaratione.

1375 4051 1432 4094 ιιιι.
1456 4033 1536 4095 Cum
1557 4048 1612 4110 per
1633 4037 1751 4091 nostras
1773 4045 1869 4090 sacras
1884 4025 2078 4090 constitutio-
2143 4035 2178 4079 uc
2195 4037 2314 4090 empore

2096 4097 2148 4143 quo
2158 4087 2218 4143 quis
2228 4089 2315 4144 priva·
2415 4105 2416 4130 t

1335 4145 1401 4203 nes,
1431 4133 1508 4205 part.
1539 4142 1599 4198 ιιι,
1623 4139 1686 4202 cap.
1711 4139 1756 4198 ιι,
1778 4123 1797 4196 ἓ
1818 4122 1847 4197 3,
1874 4128 2000 4182 cautum
2025 4118 2075 4192 sit,
2096 4142 2116 4186 a
2141 4141 2233 4241 nequa
2256 4141 2314 4186 onr-
2415 4139 2416 4200 ι

1335 4238 1375 4283 ne
1399 4218 1568 4298 capitulum
1596 4216 1752 4294 privatum
1779 4214 1914 4293 priorem
1943 4211 2076 4289 aliquem

2096 4195 2135 4241 cio
2154 4206 2183 4240 ve
2203 4205 2314 4240 vaceae·
2415 4205 2416 4208 ¹

2096 4227 2148 4294 tivi
2168 4253 2215 4294 ant
2231 4248 2311 4304 passi·
2415 4267 2416 4312 ι

1336 4316 1417 4378 intra
1439 4314 1514 4375 duos
1535 4325 1658 4372 menses
1678 4317 1750 4370 ante
1764 4308 1933 4388 capitulum
1954 4305 2078 4384 provin·
2095 4301 2134 4350 va.

1336 4408 1411 4472 ciale
1432 4412 1461 4468 et
1483 4405 1564 4466 intra
1585 4405 1661 4466 duos
1682 4403 1755 4464 alios
1776 4409 1847 4464 ante
1867 4402 2078 4478 congregatio-

1337 4517 1410 4564 nem
1432 4492 1648 4560 intermediam
1670 4496 1821 4574 prioratus
1843 4495 1940 4558 officio
1956 4497 2079 4576 privare

1336 4593 1446 4672 possit;
1463 4589 1703 4668 prohibitionem
1718 4589 1893 4652 huiusmodi
1909 4591 2002 4652 etiam
2019 4607 2080 4652 res-

1337 4693 1427 4766 pectu
1450 4685 1592 4746 omnium
1613 4691 1643 4744 et
1664 4682 1860 4759 singulorum
1882 4691 2005 4764 patrum
2028 4701 2080 4746 vo·

1337 4795 1404 4842 cem
1425 4779 1557 4840 activam
1578 4775 1628 4838 vel
1653 4777 1804 4854 passivam
1831 4777 2025 4852 habentium,
2049 4785 2079 4840 et

1338 4889 1401 4936 non
1433 4871 1534 4932 solum
1562 4886 1617 4949 per
1645 4870 1832 4932 sententiam
1863 4870 2079 4934 condemnato-

1338 4967 1427 5040 riam,
1448 4964 1501 5026 sed
1523 4963 1616 5025 etiam
1637 4962 1879 5038 declaratoriam,
1902 4963 2080 5041 intelligen-

1338 5061 1407 5120 dam
1441 5071 1507 5118 esse
1533 5053 1743 5141 ,declaramus3
1777 5056 1855 5117 itaut
1889 5055 2079 5133 praelietum

1338 5149 1551 5214 definitoriutn
1572 5147 1726 5227 privatum
1747 5147 1870 5211 nullum
1886 5155 2014 5227 patrem,
2031 5150 2080 5212 oui

1339 5244 1458 5305 ratione
1479 5243 1602 5318 gradus,
1619 5240 1720 5317 officii,
1744 5242 1794 5303 vel
1814 5241 1887 5303 alias
1908 5257 1968 5302 voa
1983 5243 2079 5304 activa

1339 5337 1389 5398 vel
1409 5335 1526 5416 passiva
1541 5341 1704 5411 competat,
1728 5333 1879 5412 praedicta
1894 5351 1967 5396 voce
1982 5337 2081 5398 activi

1339 5429 1387 5490 vel
1401 5429 1527 5508 passiva,
1537 5427 1633 5504 gradu
1645 5427 1695 5489 vel
1706 5425 1804 5488 cilicio
1816 5427 1896 5488 intra
1907 5426 1983 5490 duos
1994 5444 2080 5492 men-

1339 5541 1386 5586 ses
1397 5530 1468 5585 ante
1483 5521 1651 5600 capitulum
1662 5519 1848 5600 provinciale
1862 5525 1893 5581 et
1909 5519 1988 5582 inira
2005 5521 2081 5584 duos

1339 5617 1411 5678 alios
1423 5624 1493 5678 ante
1507 5613 1781 5690 congregationem
1792 5613 2008 5676 intermediam
2020 5615 2081 5692 pri-

1339 5726 1423 5784 vare,
1453 5726 1511 5771 nec
1537 5709 1693 5786 privatum
1725 5704 1878 5768 declarare
1905 5707 2081 5770 ullomodo

1340 5803 1447 5882 possit:
1471 5817 1588 5880 neque,
1617 5815 1687 5862 cum
1714 5798 1823 5878 aliquis
1843 5801 1938 5862 semel
1967 5801 2082 5864 electus

1340 5903 1370 5958 et
1391 5895 1618 5960 confirmatusa
1641 5893 1776 5974 patribus
1795 5893 2017 5976 cuiuscumque
2031 5897 2082 5960 de-
