4836 6998
341 529 439 586 11110.
461 525 530 586 ttae

362 683 506 732 Clausulas.

338 1976 537 2039 Derogatiocon·

321 2039 470 2078 irarrorum.

580 519 639 588 tta

598 669 618 744 ἓ
638 665 667 730 3.
690 664 908 737 Decernentes,
931 660 1053 724 easdem
1067 668 1242 739 praesentes
1256 658 1307 720 lit·

561 769 639 823 teras
665 773 788 837 semper
814 758 936 829 firmas,
966 753 1080 816 validas
1109 760 1140 816 ei
1169 753 1304 815 efficaces

557 854 691 916 werristere
713 859 745 912 et
765 850 848 924 fore,
869 863 1005 926 suosque
1030 845 1182 926 plenarios
1203 853 1234 907 et
1255 845 1303 906 in-

560 955 661 1023 tegros
693 944 819 1006 effectus
842 941 947 1004 sortiri
974 947 1006 1002 et
1033 939 1190 1014 obtinere,
1213 955 1247 1001 ae
1268 939 1303 1002 il-

557 1042 606 1116 lis,
623 1041 659 1102 ad
673 1053 750 1116 quos
764 1042 880 1115 spectat
894 1041 925 1097 et
939 1049 995 1113 pro
1010 1039 1151 1112 tempore
1166 1033 1304 1110 quando-

557 1149 692 1211 cumque
712 1129 871 1209 spectabit,
894 1127 927 1188 in
948 1125 1094 1188 omnibus
1115 1133 1146 1188 11
1168 1141 1222 1204 per
1236 1141 1302 1186 om-

557 1227 607 1288 nia
629 1223 807 1304 plenissime
828 1220 1000 1296 suffragari,
1016 1225 1047 1280 et
1068 1218 1105 1279 ab
1119 1218 1161 1279 eis
1184 1217 1304 1296 respec-

556 1319 620 1382 tive
635 1315 856 1378 inviolabiliter
870 1312 1037 1386 observari,
1052 1313 1156 1390 sicque
1172 1311 1206 1372 in
1218 1325 1302 1389 prae-

556 1412 659 1475 missis
679 1426 735 1489 per
756 1420 969 1487 quoscumque
995 1404 1112 1466 indices
1133 1403 1302 1465 ordinarios

556 1513 587 1567 et
602 1504 768 1580 delegatos,
783 1501 878 1562 etiam
893 1514 1053 1562 causarum
1069 1497 1171 1574 palatii
1186 1505 1303 1575 aposto-

555 1598 608 1664 lici
629 1597 799 1669 auditores,
826 1592 955 1656 iudicari
976 1599 1007 1654 et
1027 1590 1152 1654 deliniri
1173 1590 1300 1664 debere,

555 1709 589 1754 ac
601 1691 727 1754 irritum
741 1697 772 1751 et
785 1689 878 1752 inane
891 1687 917 1748 si
930 1701 1017 1748 secus
1031 1699 1124 1762 super
1139 1683 1211 1744 laisa
1227 1697 1301 1760 quo·

556 1801 661 1864 quam,
684 1783 793 1862 quavis
813 1781 1005 1854 auctoritaie,
1028 1778 1161 1840 scienter
1183 1776 1233 1838 vel
1254 1776 1301 1837 in·

556 1887 738 1956 geometer,
760 1873 925 1952 contigerit
946 1871 1101 1934 attentari.

595 1974 614 2048 ἓ
634 1971 663 2034 li.
679 1968 748 2032 Non
772 1965 962 2030 obstantibus
983 1961 1256 2026 tonstiiutionibus
1271 1969 1301 2022 et

555 2062 800 2129 ordinationibus
810 2058 994 2139 apostolicis,
1007 2075 1051 2132 ac,
1061 2064 1214 2135 quatenus
1225 2071 1301 2133 opus

552 2159 604 2233 sit,
627 2157 700 2220 dicti
720 2153 854 2227 Ordinis,
870 2152 964 2214 etiam
985 2151 1172 2223 iuramento,
1189 2149 1299 2210 confrr-

553 2251 689 2312 matione
703 2247 877 2326 apostolica,
894 2243 945 2304 vel
959 2243 1067 2322 quavis
1082 2244 1228 2304 firmitate
1244 2242 1299 2304 alii

551 2343 712 2417 roboratis,
734 2339 857 2402 statutis
877 2346 909 2400 et
929 2335 1215 2410 consuetudinibus,
1238 2336 1300 2416 pri-

551 2435 674 2512 vilegiis
694 2448 829 2513 qnoque,
851 2431 980 2493 indultis
1002 2437 1033 2490 et
1054 2429 1166 2490 litteris
1180 2435 1300 2507 aposto·

551 2529 616 2592 licis
638 2529 670 2588 in
695 2525 887 2588 contrarium
908 2523 1147 2601 praemissorum
1171 2537 1300 2599 quomo-

550 2621 666 2683 dolibet
681 2619 842 2694 concessis,
859 2615 1049 2678 confirmatis
1070 2622 1101 2676 et
1124 2615 1297 2690 innovatis;

550 2715 663 2794 quibus
682 2711 827 2774 omnibus
848 2717 880 2772 et
900 2707 1043 2784 singulis,
1062 2707 1189 2768 illorum
1213 2717 1299 2769 teno-

544 2825 599 2870 res
621 2804 832 2886 praesentibus
858 2818 914 2880 pro
939 2801 1029 2879 plene
1055 2807 1085 2860 et
1109 2800 1299 2862 sufficienter

545 2899 701 2978 expressis
722 2915 755 2960 ac
776 2897 811 2958 ad
833 2895 966 2956 verbum
994 2893 1118 2954 insertis
1139 2894 1297 2971 babentes

548 2994 610 3056 illis
631 2993 703 3054 aliis
725 2991 758 3052 in
786 3004 842 3052 suo
872 2988 983 3050 robore
1010 2989 1236 3065 permansuris,
1261 2989 1297 3051 ad

549 3086 791 3166 praemissorum
813 3082 957 3144 ellectum
974 3080 1029 3142 bac
1044 3081 1111 3142 vice
1125 3081 1296 3156 dumtaxat,

546 3179 720 3258 specialiter
741 3183 772 3238 et
792 3190 935 3254 expresse
956 3175 1155 3249 derogamus;
1175 3175 1298 3236 ceteris-

549 3289 608 3353 que
630 3269 791 3336 contrariis
812 3267 1070 3346 quibuscumque.

588 3368 699 3429 Datum
721 3364 847 3435 Romae,
864 3362 943 3439 apud
966 3359 997 3424 S.
1015 3359 1153 3431 Petrum,
1168 3361 1226 3422 sub
1243 3377 1296 3424 an-

548 3460 624 3522 nulo
646 3455 815 3528 piscatoris,
838 3455 888 3516 die
909 3453 1294 3528 11111111111111111,

549 3552 745 3632 pontificatus
768 3548 864 3610 nostri
887 3563 968 3608 anno
989 3561 1020 3606 v.

802 3691 1041 3704 -.-...-..----·

871 3789 969 3854 xxv.
1005 3871 1006 3874 Ν

548 3925 668 3994 indicit
691 3921 959 4008 beatificationem
989 3923 1071 3985 serni
1093 3922 1151 3986 liei
1173 3921 1294 3984 Fidelis

586 4021 836 4114 asignaringa
865 4017 995 4082 Ordinis
1023 4016 1293 4094 Caparrtneran,

587 4251 616 4311 (1)
632 4251 669 4297 Ex
683 4252 786 4309 Regesi.
803 4248 830 4295 in
845 4247 920 4295 Arch.
936 4251 1008 4293 Brev.
1025 4247 1070 4293 Die
1085 4257 1157 4294 xxiv.
1173 4247 1220 4294 feb.
1233 4249 1256 4292 S.
1268 4250 1292 4291 P.

545 4320 717 4366 maudaverat
731 4316 861 4375 publicari
874 4326 986 4372 sequens
996 4315 1131 4360 decretum
1141 4313 1294 4360 declaratio

545 4387 586 4432 uis
602 4385 726 4442 martyrii
740 4385 820 4430 buius
834 4381 993 4428 venerabilis
1008 4381 1077 4428 servi
1091 4382 1149 4426 Dei:

736 4515 929 4564 abdemonis
943 4516 1022 4562 Pana
1036 4515 1100 4562 xut.

545 4655 684 4700 Decretum
701 4657 901 4700 constantiense
919 4664 967 4697 sen
983 4655 1111 4698 curiense
1129 4654 1293 4707 beatificatio·

584 4725 665 4766 nitet
678 4724 902 4769 senonicensem,
918 4724 973 4764 slve
987 4723 1175 4765 declarationis
1192 4723 1293 4770 ittarta·

541 4809 543 4812 ·
584 4793 628 4838 rii,
644 4790 802 4832 venerabilis
815 4791 887 4831 servi
899 4790 946 4831 Del
954 4789 1051 4838 mairie
1061 4788 1157 4830 illiciis
1168 4787 1293 4838 11111111-

584 4859 666 4908 rtnaa
685 4857 830 4898 sacerdotis
848 4857 965 4918 professi
987 4855 1096 4898 Ordinis
1116 4855 1140 4896 S.
1156 4855 1293 4896 1111111111

586 4923 814 4973 Captaccinorttm,
835 4923 922 4972 primi
942 4931 977 4962 ea
998 4921 1180 4962 antsslonariis
1199 4929 1293 4963 sacrae

586 4989 805 5039 canonaeattenis
819 4989 851 5030 ale
864 4983 1048 5038 Propeeanaa
1060 4987 1124 5029 Fide
1137 4987 1169 5029 at
1183 4987 1292 5029 naereti-

583 5058 620 5098 cis
633 5057 663 5098 in
678 5056 771 5098 odiam
785 5055 847 5106 itaet
861 5056 1021 5105 interempti.

583 5191 595 5237 s
610 5190 628 5230 1.
645 5184 740 5230 Habita
755 5183 806 5229 fuit
820 5183 993 5240 congregatio
1007 5182 1139 5238 generalis
1155 5193 1291 5229 sacrorum

542 5253 646 5300 rituum
660 5263 749 5298 coram
769 5250 936 5297 sanctissimo
956 5249 1062 5294 domino
1083 5253 1174 5295 nostro
1188 5249 1292 5295 Benedi-

542 5323 584 5366 cto
597 5323 662 5365 Xlll.
676 5319 718 5364 die
729 5329 772 5364 111.
783 5317 911 5364 februarii
921 5317 1053 5362 currentis
1063 5317 1127 5362 anni
1137 5327 1290 5372 11111111,

542 5385 569 5432 11
584 5397 636 5444 qua
650 5396 696 5443 per
710 5383 959 5430 reverendissimum
975 5383 1111 5428 dominum
1125 5381 1290 5429 Cardinalem

543 5453 696 5509 cienfuegos
710 5454 850 5509 ponentem
865 5451 1017 5505 relatorem,
1031 5451 1064 5494 ad
1079 5449 1234 5495 instantiam
1249 5461 1291 5507 pa·

543 5519 593 5564 tris
607 5517 699 5566 fratris
718 5517 892 5564 Maximiliani
906 5527 922 5562 a
937 5517 1089 5573 wanghena
1109 5517 1290 5573 postulatoris,

543 5585 677 5642 proposita
690 5584 742 5630 fuit
759 5595 840 5632 causa
861 5582 1069 5628 constantiensis
1090 5595 1136 5628 seu
1157 5581 1290 5628 curiensis

543 5649 746 5697 beatificationis
760 5653 786 5696 et
800 5648 1006 5697 canonizationis
1029 5649 1083 5695 1111
1104 5649 1290 5695 declarationis

543 5718 669 5774 martyrii
683 5717 840 5764 venerabilis
855 5717 925 5763 servi
939 5715 985 5762 Dei
998 5715 1089 5764 fratris
1103 5717 1291 5773 1111111811-

543 5783 665 5841 maringe
679 5784 821 5830 sacerdotis
836 5783 946 5842 professi
960 5783 1065 5828 ordinis
1084 5782 1173 5828 sancti
1187 5783 1291 5828 uranei-

544 5851 581 5896 sci
595 5851 808 5908 capuccinorum,
823 5862 903 5908 super
916 5849 1008 5896 dubio:
1019 5854 1169 5895 111111111111
1178 5853 1210 5894 eie
1219 5861 1290 5894 mar·

544 5921 615 5978 turio
629 5923 653 5964 et
666 5915 750 5965 eansd
765 5922 901 5972 martyrii,
919 5927 1024 5964 necnon
1038 5921 1167 5972 1111111111
1181 5927 1228 5962 seu
1243 5921 1290 5963 ml·

1081 533 1145 586 lttlt.
1170 537 1261 587 PONT.
1284 532 1325 584 DE
1346 539 1375 586 P·
1399 535 1428 587 11-
1453 539 1536 586 PARS
1557 533 1579 584 1.

1399 657 1560 735 primite
1592 655 1811 720 missionariis
1835 653 1865 720 S.
1893 649 1926 716 G.
1952 653 1988 718 de
2009 653 2046 718 P.
2071 654 2106 718 tt

1399 751 1435 814 in
1456 751 1564 814 odiam
1585 750 1659 830 fidei
1680 750 1867 827 interempti
1888 749 1944 830 (l).

1527 944 1769 1015 Benedictus
1786 945 1847 1012 ΡΡ.
1865 943 1935 1013 littt.

1476 1107 1513 1176 ad
1536 1114 1708 1192 perpetuam
1734 1108 1776 1175 rei
1803 1107 1983 1176 memorien.

1397 1310 1563 1374 Beatorum
1584 1319 1772 1389 martyrum,
1795 1325 1872 1391 quos
1900 1326 1957 1374 nec
1978 1309 2105 1372 tribula·
2151 1322 2340 1388 1111111111Ι

1357 1403 1411 1478 111,
1435 1419 1491 1466 nec
1513 1405 1664 1480 augustia,
1688 1421 1746 1467 nec
1767 1375 2341 1480 11111111111111111,ξξὲῖἰ“ὲέῐῗξῗῗ””

1356 1513 1413 1558 nec
1434 1497 1618 1576 periculum,
1641 1513 1699 1560 nec
1715 1498 1897 1577 persecutio,
1912 1513 1972 1560 nec
1986 1495 2106 1575 gladius

1355 1607 1372 1649 a
1393 1589 1519 1653 caritate
1541 1591 1656 1654 Christi
1684 1606 1827 1669 separare
1846 1597 2030 1669 potuerunt,
2052 1589 2106 1651 sed

1355 1683 1449 1746 lorica
1480 1683 1552 1748 frdei
1583 1683 1708 1747 indutos
1733 1701 1767 1746 ac
1797 1700 1948 1746 mucrone
1978 1684 2105 1763 spiritus

1354 1777 1450 1856 (quod
1471 1786 1516 1839 est
1538 1778 1670 1840 verbum
1685 1777 1753 1855 Dei)
1766 1777 1928 1852 accinctos,
1943 1777 2025 1840 bono
2039 1793 2107 1839 cer-

1354 1870 1472 1931 tamine
1493 1879 1629 1949 peracto,
1646 1887 1802 1948 cursuque
1817 1871 1948 1933 feliciter
1961 1885 2105 1933 consum-

1355 1972 1448 2039 mato,
1472 1965 1605 2026 victores
1637 1972 1704 2043 pust
1724 1981 1857 2042 agonem
1885 1965 1997 2027 corona
2018 1964 2105 2027 iusti-

1355 2057 1413 2118 tiae
1428 2057 1553 2120 donarit
1570 2057 1602 2118 in
1618 2056 1708 2118 caelis
1724 2057 1822 2118 iustus
1838 2057 1943 2132 iudex,
1955 2057 2105 2134 gloriosos

1353 2150 1528 2228 triumphos
1550 2166 1583 2211 ac
1605 2149 1749 2228 troplruea
1770 2151 1802 2211 in
1825 2149 1916 2212 terris
1942 2149 2103 2223 celebrari,

1353 2243 1526 2321 devotique
1557 2242 1696 2304 fidelium
1727 2243 1931 2306 veneratione
1958 2241 2104 2306 honorari

1353 2333 1451 2411 decet3
1468 2343 1515 2410 ut,
1528 2335 1581 2414 qui
1595 2337 1756 2411 sanguinis
1770 2337 1817 2400 sui
1833 2338 1934 2416 pretio
1944 2337 2105 2400 immorta-

1352 2427 1472 2490 litatem
1493 2435 1650 2504 emerunt,
1667 2428 1862 2508 illustriaque
1882 2429 2017 2492 invictae
2031 2445 2103 2492 con-

1351 2521 1493 2595 stantiae,
1505 2520 1697 2584 fortitndinis
1711 2537 1744 2584 ac
1759 2522 1886 2584 virtutis
1906 2538 1980 2584 suae
1998 2537 2103 2594 exem-

1353 2614 1402 2692 pla
1423 2613 1631 2692 reliquerunt,
1656 2614 1873 2678 infirmitatem
1889 2625 2039 2690 nostram,
2056 2616 2104 2680 in-

1353 2715 1400 2769 ter
1420 2707 1534 2770 saeculi
1557 2707 1743 2770 tentationes
1764 2707 1969 2782 laborantem,
1985 2707 2102 2772 assidua

1351 2799 1406 2862 sua
1426 2799 1506 2877 apud
1526 2800 1638 2874 Deum,
1661 2800 1711 2862 cui
1733 2799 1766 2862 in
1786 2800 1873 2864 stolis
1894 2802 2032 2864 candidis
2052 2802 2103 2864 die

1352 2909 1385 2955 ac
1406 2901 1496 2956 nocte
1517 2891 1661 2954 serviunt
1679 2892 1713 2954 in
1727 2894 1846 2973 templo
1860 2895 1938 2971 eins,
1955 2895 2101 2958 interces-

1349 2989 1438 3050 sione
1459 2987 1565 3048 iuvare
1586 3002 1620 3048 ac
1640 2987 1786 3049 roborare
1807 2989 1990 3064 dignentur.
2004 2989 2102 3063 Quam

1352 3079 1385 3140 in
1407 3095 1474 3142 rem
1497 3093 1552 3158 pro
1573 3078 1715 3156 pastorali
1738 3085 1845 3141 nostro
1871 3095 2018 3155 munere,
2040 3096 2101 3159 quo

1352 3171 1503 3235 Ecclesiae
1524 3171 1689 3234 catholicae
1709 3173 1858 3248 regimini
1879 3173 1983 3236 divini
2001 3173 2101 3253 dispo-

1351 3267 1465 3328 sitione
1495 3264 1717 3343 praesidemus,
1741 3266 1901 3344 propensis
1921 3265 2032 3330 studiis
2053 3266 2100 3328 in-

1334 3359 1550 3433 cumbentes,
1581 3357 1751 3436 flagitantis
1776 3357 1806 3420 id
1831 3357 1933 3436 ipsum
1957 3360 2101 3424 orthodo-

1351 3467 1465 3514 xorum
1490 3465 1602 3527 regum
1629 3459 1661 3512 et
1689 3451 1822 3514 aliorum
1851 3451 2100 3516 christifidelium

1352 3554 1422 3607 vota
1444 3544 1578 3606 libenter
1599 3544 1793 3620 exaudimus,
1809 3553 1902 3622 prout
1916 3546 1953 3608 ad
1968 3544 2100 3620 gloriam

1350 3637 1575 3714 omnipotentis
1603 3635 1675 3711 Dei,
1703 3639 1738 3700 ad
1764 3637 1951 3700 christianae
1977 3637 2099 3714 religio-

1351 3731 1400 3793 nis
1430 3729 1533 3804 decus,
1564 3729 1698 3808 fideique
1728 3730 1895 3793 catholicae
1923 3731 2100 3794 incremen-

1350 3833 1436 3900 tum,
1465 3840 1499 3886 ac
1525 3831 1648 3886 sanctae
1674 3823 1782 3886 matris
1813 3823 1965 3887 Ecclesiae
1986 3823 2100 3886 exalta-

1351 3918 1469 3980 tionem
1490 3917 1705 3994 cognoscimus
1726 3916 1759 3979 in
1781 3917 1912 3980 Domino
1933 3916 2099 3981 salubriter

1350 4013 1505 4091 expedire.

1347 4249 1449 4292 rectilis
1464 4249 1493 4290 in
1508 4255 1572 4290 carn
1587 4249 1619 4290 ite
1634 4253 1686 4298 qtae
1700 4247 1800 4298 aplttrr.
1814 4245 1842 4288 ln
1853 4253 1911 4289 eam
1922 4245 2012 4290 autem
2024 4246 2099 4290 Sanc·

1347 4313 1412 4358 titas
1434 4316 1498 4366 Sua,
1521 4312 1621 4358 auditis
1643 4315 1700 4357 ium
1723 4311 1892 4356 dominorum
1915 4311 2097 4357 consultorum

1350 4382 1406 4424 tum
1420 4378 1701 4424 reverendissimorum
1712 4377 1893 4422 cardinalium
1904 4376 2048 4433 suffragiis,
2059 4377 2098 4422 nit

1348 4446 1410 4490 tunc
1423 4445 1572 4500 decernere,
1587 4443 1632 4490 sed
1647 4443 1835 4490 resolutionem
1846 4443 1952 4489 differre
1963 4443 2098 4499 veluit,'ut

1347 4511 1421 4569 prius
1435 4512 1466 4556 de
1481 4522 1554 4557 more
1570 4514 1627 4557 turn
1642 4511 1697 4557 suis
1712 4513 1769 4556 inm
1783 4511 1899 4557 eliorum
1910 4511 2030 4568 precibus
2042 4523 2098 4557 oae-

1346 4579 1421 4626 lestis
1435 4579 1546 4624 luminis
1560 4579 1587 4623 et
1600 4578 1696 4624 auxilii
1717 4578 1867 4624 uberiorem
1889 4579 1991 4636 ¹copiam
2005 4578 2098 4636 implo-

1346 4648 1426 4692 raret.
1444 4645 1542 4696 Quibus
1556 4645 1659 4690 abunde
1669 4645 1794 4702 impletis,
1805 4645 1973 4702 infrascripti
1983 4645 2025 4690 die
2037 4645 2097 4690 diro

1347 4711 1474 4759 Matthiae
1488 4709 1607 4768 apostolo
1621 4710 1705 4766 sacra,
1715 4713 1854 4769 postquam
1865 4711 1892 4757 in
1904 4711 2014 4758 ecelesia
2025 4715 2048 4756 S.
2060 4711 2098 4758 si·

1347 4779 1386 4825 xii
1400 4779 1506 4824 ordinis
1515 4778 1731 4825 Praedicatorum
1741 4779 1883 4826 notissime
1894 4781 2008 4825 electum
2018 4779 2097 4826 Adra-

1347 4848 1448 4892 iensem
1470 4846 1626 4904 Episcopum
1648 4847 1838 4902 consecrasset,
1861 4858 1940 4903 super
1962 4847 2096 4904 proposito

1346 4911 1426 4958 dublo
1440 4924 1552 4970 sequens
1566 4923 1721 4970 responsum
1736 4911 1791 4957 sive
1806 4913 1940 4958 decretum
1955 4911 2046 4969 edidit,
2061 4909 2097 4958 vi·

1346 4979 1455 5025 delicet:
1480 4983 1607 5026 Constare
1630 4985 1661 5025 ele
1684 4983 1820 5032 martyrio
1841 4986 1866 5024 et
1887 4979 1971 5025 censii
1995 4986 2097 5033 martv-

1346 5052 1390 5096 rii,
1408 5059 1512 5092 necnon
1534 5051 1566 5092 aa
1587 5050 1744 5092 miraculis:
1765 5046 1851 5103 perimo
1871 5051 2043 5092 serenatione
2057 5052 2097 5094 in·

1346 5117 1432 5160 cenati
1455 5119 1527 5158 areis
1549 5117 1730 5164 Maienfelclae,
1755 5117 1847 5158 statim
1861 5119 1924 5168 pest
1944 5119 2096 5159 invocatam

1345 5185 1417 5224 seroi
1428 5183 1473 5226 Dei
1487 5189 1571 5233 opem,
1583 5183 1703 5234 secretae,·
1719 5181 1815 5236 quarto
1828 5183 1931 5224 suetiae
1943 5183 2096 5224 sanationis

1341 5251 1472 5292 *dexterae
1485 5249 1650 5291 mammillae
1658 5251 1762 5290 sororis
1774 5249 1899 5291 Caeciliae
1907 5249 2096 5298 Mansinoerin

1345 5317 1377 5358 ab
1392 5317 1608 5366 inflammatione
1621 5317 1645 5357 et
1659 5318 1746 5358 acutis
1767 5317 1921 5368 dolentium
1941 5313 2035 5370 quinte
2056 5317 2096 5356 tn-

1344 5385 1503 5426 stantaneae
1515 5383 1667 5425 sanationis
1681 5383 1752 5424 octrll
1766 5383 1879 5430 infantis
1895 5383 1975 5424 Pauli
1986 5383 2096 5424 Franm·

1344 5452 1382 5492 sei
1403 5451 1558 5501 Papasslnr
1581 5448 1607 5491 et
1628 5445 1742 5502 septimo
1765 5450 1923 5500 repentinae
1942 5450 2094 5490 sanationis

1345 5515 1474 5568 &asparis
1488 5516 1575 5559 Stiner
1589 5525 1606 5558 a
1620 5517 1754 5558 diuturno
1769 5517 1844 5558 dorsi
1863 5517 1955 5558 dolore
1967 5523 2031 5559 enm
2046 5517 2095 5561 tee-

1344 5585 1419 5625 slone
1432 5585 1538 5625 motus:
1553 5582 1689 5638 tamquam
1705 5579 1842 5628 miraculis
1858 5579 1932 5625 tertii
1946 5581 2058 5638 generis.

1385 5653 1397 5696 s
1411 5649 1430 5691 2.
1446 5649 1625 5703 Praesensque
1640 5643 1842 5692 beatificationis
1856 5645 2015 5692 venerabilis
2025 5645 2094 5693 serti

1344 5714 1390 5760 Dei
1403 5714 1501 5760 Fidelis
1514 5725 1531 5760 a
1546 5713 1714 5772 Sigmaringa
1728 5725 1775 5772 per
1784 5713 1889 5760 litteras
1897 5713 2055 5771 apostolicas
2064 5715 2093 5759 in

1344 5781 1428 5826 formai
1442 5781 1532 5826 Brevis
1547 5791 1606 5826 cum
1622 5779 1755 5826 consuetis
1770 5779 1881 5826 indultis
1891 5780 1920 5826 in
1929 5781 2039 5826 basilica
2049 5783 2095 5826 La·

1345 5847 1479 5894 teranensi
1493 5847 1710 5905 quandocumque
1724 5845 1857 5894 faciendae
1870 5849 2005 5895 decretum
2020 5857 2093 5906 expe·

1343 5915 1397 5961 diri
1411 5917 1438 5961 et
1452 5915 1583 5974 publicari
1597 5914 1732 5962 1111111111
1745 5915 1787 5960 dis
1802 5925 1875 5962 mv.
1887 5914 1935 5962 feb.
1946 5925 2090 5963 unccmx.
