4878 6982
1014 581 1155 628 ctmttexs
1178 583 1220 626 Xl.

346 703 508 764 abeodem
531 702 590 764 lide
611 719 675 764 non
696 703 834 777 distrahi,
857 709 943 762 motu
966 699 1090 779 proprio

346 802 429 854 etex
445 802 526 856 certa
548 804 652 857 nostra
673 796 811 870 scientia,
828 795 1007 857 auctoritate
1021 809 1089 872 apo

346 887 462 962 stolica,
485 897 594 950 tenore
614 889 837 966 praesentium,
859 889 915 949 hac
937 887 969 948 iu
991 895 1091 964 poste-

347 995 418 1041 rum
439 979 571 1042 valitura
592 981 813 1042 constitutione
827 980 993 1053 sancimus,
1009 977 1091 1056 quod

347 1073 532 1152 cuicumque
563 1075 745 1134 eorumdem
778 1073 956 1134 iudaeorum
984 1079 1016 1132 et
1043 1072 1090 1130 11-

348 1165 485 1227 fidelium
501 1167 536 1227 ad
553 1167 664 1228 dictam
687 1165 779 1227 tidem
798 1165 937 1228 converti
960 1164 1089 1238 volenti,

348 1258 440 1319 etiam
455 1258 480 1318 si
495 1259 528 1319 11
551 1259 646 1336 patria
662 1265 810 1336 potestate
824 1258 1011 1318 constitutus
1026 1257 1092 1318 166-

346 1349 401 1422 rit,
430 1349 509 1410 hona
530 1367 583 1410 sua
612 1367 842 1428 qaaecumque,
873 1357 936 1410 tam
966 1348 1091 1410 mobilia

348 1455 441 1519 quam
465 1441 646 1516 immobilia,
662 1443 775 1504 intacta
797 1451 828 1503 et
849 1441 950 1502 illaesa
972 1456 1093 1519 perma-

350 1542 455 1596 neant.
477 1535 521 1595 lta
537 1540 571 1596 ut
585 1535 677 1596 etiam
701 1533 888 1596 filiifamilias
903 1541 933 1595 et
948 1534 980 1595 11
996 1533 1092 1610 patria

348 1633 509 1704 potestate,
533 1637 567 1689 ut
588 1627 772 1706 praefertur,
796 1627 967 1700 constituti,
992 1626 1092 1702 legiti-

349 1735 398 1780 ma
419 1727 450 1780 61
471 1736 665 1798 quacumque
693 1721 836 1799 portione
860 1720 1014 1780 bonorum
1042 1735 1092 1797 pa·

350 1813 574 1874 trimcnialium
595 1820 647 1874 661
669 1821 894 1884 maternorum,
912 1813 954 1873 eis
972 1812 1009 1872 de
1024 1813 1092 1873 iure

348 1921 402 1966 seu
423 1907 615 1968 successione
638 1907 791 1968 bonorum
814 1907 857 1966 eis
885 1905 956 1966 alias
978 1905 1094 1966 dehita-

349 2015 432 2072 rum,
449 2015 503 2076 per
524 2017 632 2061 eorum
647 2009 790 2078 parentes
811 1999 945 2060 fraudari
964 2006 1016 2059 aut
1032 1999 1092 2076 pri·-

350 2092 415 2152 vari
438 2107 501 2153 non
532 2095 649 2170 possint
673 2109 774 2170 neque
805 2092 1025 2164 debeant,sed
1049 2090 1092 2152 eis

350 2185 483 2261 integre,
497 2185 589 2247 etiam
603 2187 628 2246 si
642 2191 747 2248 contra
770 2186 963 2246 voluntatem
984 2200 1095 2262 paren-

351 2285 417 2339 tum
439 2294 567 2339 suorum
583 2281 618 2340 ad
641 2279 734 2341 tidem
756 2279 851 2356 ipsam
873 2277 1093 2339 6616611166-

349 2370 425 2444 rint,
447 2372 541 2431 etiam
563 2387 669 2432 eorum
696 2371 874 2448 parentibus
902 2369 1091 2443 viventibus,

350 2461 529 2524 debeantur.

121 2571 333 2633 1666666166
389 2557 408 2630 5
431 2556 457 2615 l.
481 2557 564 2616 Etsi
587 2555 666 2616 bona
694 2558 755 2635 ipsa
777 2573 815 2616 ex
839 2573 930 2618 usura
960 2555 1092 2618 6611111-

113 2629 331 2733 {fflffig‘gass}
350 2649 410 2710 cito
430 2660 558 2727 quaestu
574 2649 690 2712 luerint
705 2650 864 2728 acquisita,
881 2657 910 2712 et
925 2657 1016 2710 11166
1030 2650 1092 2709 5111

112 2731 331 2832 ἓξὲξ-3186110136
349 2757 509 2818 personae,
527 2743 639 2819 equibus
661 2759 772 2804 eorum
794 2742 888 2804 luerit
910 2745 947 2804 de
969 2743 1037 2803 iure
1052 2741 1093 2802 16-

348 2837 456 2896 cienda
477 2835 632 2896 restitutio
653 2836 737 2912 (quia
754 2852 817 2896 non
834 2837 1004 2896 dimittitur
1024 2851 1092 2912 pec-

348 2937 463 3001 catum,
480 2929 540 2988 nisi
562 2928 743 2990 restituatur
765 2928 843 2990 male
866 2927 1026 3007 ablatum),
1042 2928 1092 2988 illa

349 3021 463 3082 eisdem
486 3021 624 3098 personis
639 3023 767 3082 omnino
782 3022 1002 3096 restituantur;
1026 3037 1094 3099 per·

349 3115 431 3175 souis
452 3130 526 3174 vero
549 3129 611 3174 nou
632 3114 808 3176 extantibus
826 3115 998 3191 praedictis,
1022 3115 1092 3192 quia

349 3207 427 3268 bona
449 3208 511 3285 ipsa
539 3215 640 3267 essent
666 3223 721 3285 per
746 3223 857 3267 manus
887 3207 1037 3268 Ecclesiae
1060 3207 1092 3268 in

349 3300 414 3377 pios
425 3316 499 3360 usus
509 3300 729 3373 convertenda,
747 3300 826 3360 bona
841 3299 1018 3361 huiusmodi
1033 3301 1094 3360 eis-

349 3393 419 3452 dem
441 3393 557 3454 iudaeis
572 3401 602 3452 et
617 3392 683 3452 aliis
698 3392 885 3466 infidelibus,
906 3393 938 3452 in
954 3391 1092 3452 latrarem

349 3487 481 3564 suscepti
514 3486 720 3563 baptismatis,
752 3495 909 3562 tamquam
937 3486 969 3547 in
1005 3487 1092 3564 pium

349 3595 441 3640 usum
465 3579 560 3640 libere
574 3577 784 3652 concedimus,
800 3594 898 3655 eaque
918 3579 997 3656 apud
1013 3579 1093 3657 ipsos

348 3671 391 3732 sic
412 3686 575 3732 couversos
596 3669 718 3731 iudaeos
740 3676 770 3730 et
789 3670 863 3730 alios
884 3669 1024 3732 infideles
1045 3687 1094 3731 re-

350 3777 476 3824 manere
497 3762 703 3824 decernimus.
728 3761 962 3835 interdicentes,
978 3763 1036 3824 suh
1050 3765 1094 3824 di-

349 3855 416 3916 vini
437 3855 640 3916 anathematis
661 3855 769 3932 poenal,
787 3855 946 3932 quibusvis
968 3863 1093 3917 161161-

348 3947 522 4010 clesiastiois
543 3963 636 4026 quam
657 3947 862 4010 saecularibus
884 3948 1035 4025 personis,
1054 3965 1093 4009 ue

350 4040 446 4101 ullam
460 4055 553 4117 super
566 4041 655 4101 bonis
670 4039 858 4113 huiusmodi,
874 4040 983 4118 quovis
1002 4057 1094 4118 quae-

350 4134 409 4194 sito
430 4133 542 4208 colare,
559 4133 731 4196 molestiam
753 4132 899 4206 inierant,
916 4142 968 4195 aut
984 4133 1093 4194 inferri

351 4227 521 4304 patiantur3
543 4226 594 4286 sed
617 4241 768 4302 magnum
789 4242 821 4286 se
842 4225 947 4286 iecisse
969 4226 1092 4288 lucrum

350 4319 540 4393 existiment,
564 4319 639 4380 dum
662 4319 735 4380 tales
757 4318 878 4380 Christo
895 4319 1006 4379 lucrati
1027 4319 1094 4380 lue-

349 4411 425 4472 rint.

140 4531 249 4591 riorum
265 4529 330 4592 etse·
390 4506 408 4579 5
429 4505 457 4566 2.
482 4505 520 4565 Et
540 4503 698 4582 quonium,
718 4511 752 4564 ut
773 4504 923 4581 scriptum
945 4511 1002 4578 est,
1032 4507 1092 4578 (lul

113 4585 330 4683 ffilt¹l¹⁵s2⁶n¹l¹'
350 4595 500 4660 habuerit
521 4594 739 4657 substanttam
754 4597 868 4656 menradi
889 4595 1092 4658 1161611161-

113 4693 250 4745 quatenus
279 4671 332 4736 nni
351 4689 433 4750 derit
456 4692 595 4769 fratrent
616 4690 943 4750 saamrvecessitatera
966 4687 1090 4762 luthere,

113 4753 250 4800 pauperes.
349 4789 379 4842 et
402 4783 557 4844 clauserit
583 4783 705 4843 uiscera
727 4799 787 4842 sua
809 4779 848 4842 ab
870 4799 914 4852 ea,
942 4784 1092 4860 quomado

351 4877 474 4936 cavatas
497 4875 553 4936 Dal
569 4882 676 4936 rnaaet
693 4875 727 4934 11
744 4875 831 4950 ipsa?
852 4875 875 4935 si
893 4876 948 4952 ipsi
964 4892 1094 4937 conver-

349 4969 444 5028 sionis
466 4977 603 5045 tempore
627 4969 732 5045 inopes
757 4977 809 5029 aut
831 4969 1005 5044 indigentes
1027 4969 1092 5031 lue-

351 5061 425 5135 rint,
449 5077 568 5135 omues,
593 5071 653 5121 tam
676 5061 894 5122 ecclesiasticos
915 5079 1007 5140 quam
1029 5081 1093 5124 sae-

350 5154 479 5226 culares,
503 5155 691 5232 perviscera
714 5155 939 5216 misericordiae
964 5156 1017 5216 Dei
1039 5173 1093 5217 no·

350 5247 404 5306 stri
427 5247 638 5318 exhortamur,
663 5255 696 5307 ut
715 5247 786 5322 ipsis
804 5249 961 5308 conversis
983 5265 1092 5310 manus

351 5339 509 5418 porrigant
523 5338 703 5410 adiutrices3
720 5339 776 5415 ipsi
789 5355 911 5416 quoque
922 5341 1092 5402 dioecesani

352 5451 414 5494 nun
441 5433 544 5494 solum
571 5433 752 5495 eluistianos
781 5437 815 5495 ad
842 5435 1091 5497 subveniendum

351 5527 423 5604 ipsis
445 5527 659 5600 exhortentur,
682 5529 733 5588 sed
756 5528 860 5600 etiam,
885 5535 945 5589 tam
967 5530 1004 5589 de
1026 5531 1092 5590 red-

350 5619 465 5681 ditibus
486 5621 697 5692 ecclesiarum,
715 5629 806 5698 prout
824 5627 982 5698 poterunt,
1000 5639 1092 5698 quam

350 5713 388 5773 de
410 5714 467 5786 his,
490 5716 624 5791 aquaead
646 5729 817 5791 pauperum
838 5731 911 5775 usus
936 5732 991 5792 per
1013 5719 1092 5792 ipsos

350 5807 574 5870 convertendos
589 5806 810 5881 devolvuntur,
825 5807 1000 5870 huiusmodi
1021 5825 1094 5870 neo-

351 5901 451 5978 phitos
471 5909 645 5962 sustentare
667 5917 728 5962 uon
756 5902 927 5978 negligant,
952 5904 1092 5982 ipsosque

1763 527 1765 541 '
1811 560 1870 622 ero
1920 561 2017 615 uuo.
2039 565 2108 617 1704

1147 714 1163 758 a
1184 699 1424 762 distractionibus
1446 705 1476 760 et
1497 699 1693 761 contumeliis
1707 706 1833 776 paterna
1848 697 1890 757 al-

1146 789 1279 852 lectione
1299 790 1475 854 defendant.

1186 885 1205 958 5
1226 883 1254 945 3.
1279 885 1318 946 llt
1339 885 1485 962 quoniam
1514 901 1567 964 per
1592 886 1722 962 gratiam
1747 883 1890 962 baptismi
1910 888 1991 986 tCivpfl
2006 886 2119 950 ametan-

1147 977 1230 1038 cives
1250 985 1427 1038 sanctorum
1448 987 1480 1039 et
1502 980 1659 1040 domestici
1678 979 1731 1040 llei
1753 951 2119 1052 61116161υ111116131611113ι10

1149 1078 1209 1144 tur,
1233 1070 1387 1148 longeque
1408 1070 1533 1145 dignius
1555 1072 1658 1132 existit
1679 1087 1809 1147 regnare
1830 1069 1892 1148 spi-

1147 1163 1221 1237 ritu,
1245 1179 1337 1240 quam
1369 1164 1450 1224 nasci
1472 1180 1581 1238 earne,
1608 1165 1715 1226 eadem
1741 1163 1889 1225 coustitu-

1148 1255 1231 1317 tione
1256 1257 1420 1318 statuimus
1441 1263 1476 1318 ut
1503 1258 1664 1320 civitatum
1685 1263 1717 1318 et
1737 1256 1888 1331 locorum,

1148 1350 1180 1408 in
1202 1349 1313 1427 quihus
1334 1359 1437 1412 sancto
1460 1351 1641 1428 baptismate
1668 1367 1724 1427 pro
1753 1357 1891 1427 tempore

1148 1443 1429 1516 regenerabuntur,
1452 1459 1525 1503 vere
1547 1445 1628 1505 cives
1649 1446 1722 1518 sint,
1744 1451 1775 1504 et
1796 1441 1890 1521 privi-

1148 1535 1237 1610 legiis
1267 1552 1300 1596 ac
1331 1536 1525 1597 libertatibus
1556 1544 1587 1598 et
1618 1537 1889 1610 immunitatibus,

1148 1643 1225 1704 quae
1236 1626 1299 1700 alii,
1308 1629 1428 1690 ratione
1441 1628 1610 1690 nativitatis
1622 1636 1652 1690 et
1663 1629 1791 1706 originis
1803 1630 1892 1690 dum-

1148 1725 1240 1792 taxat,
1263 1729 1509 1797 consequuntur,
1534 1721 1696 1798 gaudeant.

1188 1812 1206 1885 5
1228 1811 1256 1872 lt.
1281 1812 1891 1891 (11161111566611616111165116611111-
1924 1821 2121 1886 166616111-

1149 1912 1195 1965 161
1216 1911 1246 1964 61
1268 1904 1318 1964 6111
1333 1921 1416 1966 sacro
1438 1905 1524 1966 laute
1539 1923 1590 1967 eos
1605 1907 1816 1982 suscipientes,
1829 1914 1889 1966 tam
1911 1875 2122 1976 gfflrlfflssf

1149 2003 1220 2058 ante
1242 1997 1426 2074 baptismum
1456 2015 1548 2076 quam
1570 2007 1647 2078 post,
1676 1999 1744 2060 illos
1767 1999 1798 2059 in
1820 1999 1892 2060 arti·
1912 1982 2050 2082 2³35„ng
2064 1994 2122 2029 ⁰⁰¹¹·

1148 2090 1224 2150 culis
1251 2090 1321 2150 ndei
1353 2108 1386 2152 61
1408 2090 1484 2166 legis
1513 2107 1612 2152 novae
1639 2093 1817 2170 praeceptis,
1847 2109 1893 2154 ca·

1149 2181 1341 2260 tholicaeque
1362 2183 1512 2244 Ecclesiae
1533 2185 1642 2246 ritibus
1664 2185 1830 2260 diligenter
1844 2186 1892 2246 11-

1149 2281 1280 2350 struere,
1294 2281 1323 2335 11
1341 2283 1403 2336 tam
1414 2277 1470 2352 ipsi
1483 2293 1574 2354 quam
1587 2278 1758 2339 dioecesani
1769 2295 1893 2356 operam

1150 2368 1224 2428 deut
1250 2383 1290 2429 ne
1311 2385 1383 2428 cum
1405 2369 1470 2429 aliis
1495 2371 1609 2431 iudaeis
1630 2387 1685 2432 seu
1714 2372 1891 2433 intidelibus

1148 2461 1256 2522 saltem
1278 2478 1333 2540 per
1355 2462 1482 2540 longum
1512 2467 1633 2542 tempus
1654 2473 1892 2540 conversentur,

1149 2571 1200 2629 66,
1223 2557 1301 2617 51161
1323 2558 1509 2633 quandoque
1531 2557 1695 2633 contingit,
1712 2559 1893 2620 6111611661-

1151 2656 1211 2709 tate
1233 2649 1361 2722 curatis,
1392 2651 1510 2710 modica
1539 2652 1653 2711 occasio
1675 2651 1709 2710 ad
1726 2652 1894 2728 pristinam

1149 2740 1379 2802 damnationem
1401 2742 1565 2802 recidivam
1589 2743 1710 2803 elliciat.

1190 2834 1208 2908 5
1229 2833 1258 2892 11.
1276 2833 1314 2892 111
1330 2834 1489 2910 quoniam,
1503 2835 1692 2912 experientia
1711 2842 1894 2911 161166611-
1932 2849 2122 2913 166116166-

1149 2934 1273 3005 pertum
1295 2935 1340 2986 est
1361 2934 1503 2988 mutuam
1519 2927 1655 3005 ipsorum
1672 2930 1891 3007 neophitorum
1912 2913 2123 3003 fflsspfflfifflff

1149 3019 1232 3080 inter
1253 3035 1286 3078 56
1307 3021 1577 3080 conversationem
1605 3023 1684 3098 ipsos
1705 3023 1736 3083 in
1759 3024 1818 3084 lule
1839 3039 1892 3082 no·
1911 3011 2012 3111 ξξξξθῐθ
2033 3009 2123 3058 staua-

1148 3121 1209 3173 stra
1232 3111 1402 3188 fragiliores
1424 3115 1564 3187 reddere,
1588 3131 1621 3174 ac
1642 3115 1732 3176 saluti
1754 3116 1891 3194 ipsorum

1149 3206 1319 3282 plurimum
1342 3205 1475 3280 allicere,
1498 3209 1662 3268 hortamur
1681 3208 1818 3270 locorum
1839 3209 1894 3271 Or-

1149 3299 1283 3360 dinarios
1305 3307 1351 3373 ut,
1374 3306 1526 3378 quantum
1543 3317 1598 3378 pro
1613 3301 1806 3362 incremento
1822 3302 1891 3363 tidei

1149 3393 1285 3454 viderint
1307 3395 1463 3470 expedire,
1480 3403 1590 3456 curent
1611 3403 1642 3455 et
1662 3395 1805 3456 studeant
1820 3413 1893 3456 neo

1149 3484 1250 3561 philos
1271 3483 1348 3561 ipsos
1364 3501 1436 3546 cunt
1451 3486 1626 3562 originariis
1640 3487 1814 3548 christianis
1830 3503 1892 3547 ma-

1150 3576 1298 3636 trimonio
1320 3577 1466 3654 copulari.

1189 3671 1207 3744 5
1228 3670 1257 3732 6.
1282 3672 1321 3732 Et
1336 3671 1518 3749 prohibeant
1533 3672 1658 3748 eisdem,
1675 3673 1891 3750 subgravibus
1921 3690 2121 3754 nrtusanuquae

1150 3764 1267 3841 poenis,
1290 3780 1331 3826 ne
1362 3773 1501 3826 mortuos
1526 3781 1613 3826 more
1645 3768 1825 3829 iudaeorum
1846 3785 1892 3829 se·
1912 3748 1995 3845 ῗξῗξξθ
2032 3744 2122 3790 ormn-

1149 3856 1276 3933 peliaut,
1299 3863 1351 3918 aut
1378 3857 1498 3918 sabbata
1521 3859 1655 3936 aliasque
1682 3860 1893 3922 solemnitates

1150 3956 1180 4010 et
1201 3951 1345 4026 antiquae
1370 3959 1468 4012 sectae
1493 3951 1573 4011 ritus
1599 3951 1815 4029 quoquomodo
1841 3955 1892 4014 ob-

1148 4052 1286 4117 servent,
1303 4043 1354 4104 sed
1376 4051 1407 4103 61
1428 4043 1567 4104 ecclesias
1590 4054 1619 4104 et
1642 4045 1891 4121 praedicationes,

1148 4143 1241 4213 prout
1262 4135 1312 4195 alii
1334 4135 1485 4208 catholici,
1504 4135 1717 4213 frequentent,
1735 4137 1894 4198 6111111-

1149 4229 1240 4289 nibus
1261 4228 1500 4290 christianarum
1521 4229 1658 4291 moribus
1673 4245 1705 4288 se
1719 4229 1893 4290 conformes

1148 4323 1286 4382 reddant.

1188 4415 1207 4488 5
1230 4413 1256 4474 7.
1282 4415 1518 4492 contemptores
1533 4421 1637 4476 autem
1652 4415 1890 4492 praedictorum,
1960 4439 2122 4500 contempto-

1149 4523 1204 4585 per
1231 4509 1412 4580 sacerdotes,
1444 4507 1474 4567 in
1505 4523 1639 4584 quorum
1667 4509 1815 4584 parochiis
1842 4509 1892 4570 de-
1912 4501 1951 4536 ¹⁹⁵
1976 4491 2122 4548 praeama-

1150 4607 1235 4676 gent,
1258 4608 1311 4661 aut
1332 4601 1416 4673 alios,
1439 4602 1474 4661 ad
1501 4616 1587 4678 quos,
1611 4601 1648 4660 de
1670 4601 1738 4662 iure
1767 4602 1818 4662 vel
1839 4619 1890 4662 61-
1911 4545 2122 4699 Ξίῑὲὲίἓῑῗῦᾞῖ·

1150 4694 1233 4770 tiqua
1265 4693 1504 4767 consuetudine,
1528 4695 1565 4754 de
1594 4693 1704 4754 talibus
1732 4694 1891 4772 inquirere
1975 4654 2024 4697 m

1148 4794 1280 4864 spectat,
1303 4795 1356 4848 aut
1377 4787 1470 4846 ctiam
1492 4803 1547 4864 per
1573 4787 1645 4846 alios
1667 4803 1889 4866 quoscumque,

1150 4879 1335 4940 dioecesanis
1366 4895 1419 4940 seu
1455 4880 1691 4956 inquisitoribus
1721 4881 1890 4944 haereticae

1150 4973 1307 5050 pravitatis
1338 4971 1496 5046 delerant,
1530 4981 1560 5032 et
1585 4973 1745 5047 invocato,
1768 4975 1793 5034 si
1815 4991 1891 5052 opus

1149 5066 1258 5140 luerit,
1280 5065 1394 5126 auxillo
1417 5065 1530 5126 brachii
1558 5065 1735 5140 saecularis,
1760 5082 1813 5142 per
1839 5083 1891 5128 eos

1149 5159 1251 5220 taliter
1282 5160 1468 5236 puniantur,
1498 5159 1579 5236 quod
1605 5160 1670 5219 aliis
1698 5168 1830 5221 transeat
1857 5161 1889 5221 in

1150 5252 1337 5330 exemplum.
1363 5253 1401 5313 itt
1423 5254 1550 5329 insuper
1571 5253 1608 5312 de
1629 5253 1675 5312 his
1691 5254 1835 5315 omnibus
1858 5254 1890 5314 in

1149 5345 1387 5423 provincialibus
1408 5355 1438 5406 et
1463 5343 1662 5422 synodalibus
1689 5345 1827 5408 conciliis
1848 5345 1891 5406 di-

1150 5438 1249 5514 ligeus
1271 5438 1323 5498 liat
1345 5437 1516 5514 inquisitio,
1540 5446 1569 5497 et
1592 5443 1655 5495 tam
1676 5437 1754 5498 circa
1770 5438 1890 5514 Episco-

1148 5547 1201 5608 pcs
1223 5539 1253 5592 et
1278 5532 1448 5592 sacerdotes
1469 5531 1500 5589 in
1530 5530 1702 5607 praemissis
1730 5531 1892 5606 negligen-

1149 5632 1206 5697 tes,
1229 5639 1321 5701 quam
1337 5625 1416 5701 ipsos
1430 5623 1593 5700 neophitos
1608 5633 1638 5682 et
1654 5621 1791 5683 infideles
1806 5638 1893 5700 prae-

1129 5778 1132 5784 ,
1149 5719 1244 5779 1111115
1265 5725 1504 5795 contemptores,
1518 5724 1729 5794 opportunum
1752 5717 1892 5778 adhihea-

1151 5819 1201 5872 tur
1223 5813 1407 5873 remedium.

1190 5906 1208 5978 5
1229 5904 1257 5963 8.
1282 5904 1312 5966 Sl
1328 5904 1396 5982 quis
1410 5911 1525 5977 autem,
1542 5904 1766 5980 cuiuscumque
1781 5905 1891 5979 gradus
1928 5907 2074 5955 Redeuntes
2088 5905 2121 5953 aa
2140 5899 2142 5902 ’
