4836 6998
1012 569 1154 617 CLEMENS
1176 565 1234 616 llll.

345 687 448 766 probis
468 685 606 754 moribus
630 689 784 770 sacrisque
804 689 916 753 litteris
937 688 1092 752 addiscen-

345 783 392 844 dis
412 783 449 845 ad
471 783 639 847 latinorum
660 785 824 847 seminaria
855 799 1024 864 puerorum
1046 799 1095 843 ec-

344 878 586 942 clesiasticorum
609 880 685 942 inibi
699 881 862 942 existentia
877 880 1091 952 admittantur,

345 971 562 1047 nihilominus,
585 973 624 1034 ob
647 973 725 1036 ritus
746 981 776 1034 et
798 973 951 1034 idiomatis
965 971 1094 1033 diversi-

344 1071 451 1140 tatem,
474 1065 512 1126 ab
533 1065 710 1126 huiusmodi
731 1066 917 1128 admissione
930 1066 1032 1128 eidem
1047 1065 1093 1126 iu·

345 1159 468 1219 ventuti
496 1174 530 1219 ea
559 1175 622 1221 non
654 1161 816 1236 proveniat
849 1160 983 1233 utilitas,
1016 1175 1094 1235 quae

336 1252 482 1313 eiusdem
505 1253 582 1314 ritus
601 1253 699 1314 cultui
716 1263 888 1332 opportuna
903 1269 970 1313 esse
986 1251 1094 1327 digno·

343 1345 458 1422 scitur;
488 1347 573 1408 unde
600 1347 800 1424 quamplures
826 1361 948 1406 errores
969 1345 1095 1406 abusus·

345 1455 416 1516 que,
439 1456 473 1500 33
494 1440 590 1500 multa
612 1440 713 1502 eidem
733 1440 807 1501 ritui
830 1441 863 1500 in
883 1438 1094 1518 spiritualibus

345 1531 465 1593 dissona
487 1533 651 1594 oriuntur:
676 1549 743 1607 nos,
768 1534 875 1607 bonae,
895 1539 1093 1609 exactaeque,

345 1641 378 1686 ac
392 1642 408 1684 a
423 1625 585 1687 nonnullis
596 1627 742 1688 Romanis
755 1626 954 1688 Pontificibus
967 1631 997 1686 et
1008 1640 1094 1702 prae-

1149 690 1185 751 ad
1200 703 1343 767 praesens
1358 687 1489 762 obtinet,
1501 686 1648 767 palatium
1664 687 1811 750 abbatiale
1826 688 1898 751 dicti

1150 783 1328 845 monasterii
1359 799 1431 845 cum
1463 783 1607 846 omnibus
1629 791 1659 846 et
1679 783 1810 860 singulis
1832 783 1899 844 eius

1150 876 1374 951 mansionibus,
1406 875 1543 950 aedibus,
1573 877 1727 952 aediliciis,
1757 875 1898 950 officinis,

1149 970 1279 1048 aliisque
1311 971 1474 1044 membris,
1507 971 1569 1032 unat
1597 985 1668 1032 curn
1696 969 1841 1032 omnibus
1869 977 1900 1030 et

1150 1063 1281 1139 siugulis
1302 1063 1499 1127 domunculis
1517 1065 1618 1126 eidem
1633 1064 1744 1142 palatio
1759 1064 1900 1138 annexis,

1150 1173 1274 1219 necnon
1297 1157 1457 1218 ecclesiam
1479 1157 1616 1219 eiusdem
1639 1159 1668 1220 S.
1687 1157 1844 1220 Benedicti
1860 1158 1902 1218 ei-

1150 1250 1221 1311 dem
1243 1250 1353 1328 palatio
1375 1252 1580 1328 propinquam
1602 1249 1645 1328 (et
1661 1251 1693 1311 in
1709 1267 1769 1328 qua
1784 1251 1899 1312 anima·

1151 1359 1222 1404 rum
1243 1360 1316 1406 cura
1337 1344 1596 1421 parochianorum
1617 1343 1690 1406 dicti
1708 1343 1899 1418 monasterii,

1151 1451 1228 1513 quae
1249 1436 1332 1498 iltius
1354 1437 1454 1498 abbati
1475 1445 1623 1514 perpetuo
1639 1436 1901 1499 commendatario

1151 1548 1205 1608 pro
1228 1539 1368 1610 tempore
1388 1532 1536 1593 existenti
1550 1532 1666 1605 subest,
1684 1538 1715 1592 et
1729 1546 1784 1608 per
1799 1545 1901 1592 uurim

1151 1625 1368 1703 presbyterum
1380 1625 1530 1688 idoneum
1544 1625 1581 1685 ab
1593 1625 1699 1686 eodem
1716 1623 1822 1685 abbate
1834 1639 1901 1702 per·

345 1720 453 1780 sertim
475 1736 490 1779 3
511 1719 608 1781 lelicis
630 1719 850 1782 recordationis
865 1719 1028 1782 Clemente
1043 1718 1095 1779 Pa·
1121 1709 1124 1777 1
1151 1728 1245 1798 33333
1266 1719 1528 1782 commendatario
1557 1735 1611 1798 pro
1640 1725 1779 1796 tempore
1801 1719 1902 1780 nomi-

345 1829 381 1890 pa
403 1814 455 1877 111.
480 1813 763 1891 praedecessoribus
786 1813 900 1874 nostris
915 1819 1033 1891 optatae
1049 1813 1095 1874 iu·

345 1907 483 1970 33313113
505 1907 677 1984 praedictae
698 1905 884 1980 educationi,
907 1907 1016 1984 reique
1033 1905 1094 1983 spi·

347 1999 467 2064 ritualis
492 1999 596 2062 debito
626 1999 722 2060 cultui
755 1999 920 2060 consulere
941 1999 1093 2071 volentes,

347 2102 439 2173 atque
457 2095 650 2156 attendentes
666 2092 790 2154 nullum
806 2093 905 2172 aptius
920 2091 1094 2154 remedium

346 2204 363 2247 a
384 2187 472 2250 nobis
493 2187 630 2249 adhiberi
652 2201 750 2264 posse,
767 2202 859 2263 quam
874 2186 912 2259 si,
928 2192 1021 2263 prout
1036 2184 1096 2245 col-

347 2281 501 2358 legiorum
524 2279 730 2342 nationalium
751 2279 823 2340 alibi
845 2285 1020 2340 erectorum
1042 2293 1095 2337 eu·

346 2375 500 2451 parientia
520 2373 620 2447 docet,
643 2372 675 2434 in
697 2371 810 2450 oppido
835 2370 938 2433 Ullani
959 2370 1096 2446 Bisigna-

331 2468 452 2536 wnensis
472 2465 631 2539 dioecesis,
653 2482 731 2543 quae
762 2464 827 2527 lere
848 2471 911 2525 tota
932 2481 947 2524 a
969 2463 1095 2524 familiis

347 2561 419 2624 dicti
451 2560 530 2621 ritus
560 2559 685 2632 colitur,
715 2575 816 2620 unum
843 2557 1011 2634 collegium
1038 2559 1095 2619 ltu-

347 2657 431 2717 iusce
451 2654 531 2716 ritus
552 2653 702 2728 erigatur,
726 2652 757 2713 in
779 2668 840 2730 quo
863 2652 951 2728 pueri
974 2657 1005 2712 et
1025 2653 1095 2714 ado-

347 2749 497 2810 lescentes
518 2763 556 2807 ex
578 2746 670 2823 Epiro
693 2746 725 2807 in
747 2763 806 2822 qua
837 2746 926 2822 regni
949 2744 1095 2823 praedicti

348 2842 439 2904 terris
459 2841 535 2904 citra
558 2840 692 2901 Pharum
710 2855 749 2901 eu
764 2840 900 2901 honestis
917 2839 1096 2916 parentibus

348 2936 550 3012 legitimoque
581 2933 779 2994 matrimonio
811 2933 871 2994 orti
900 2934 1034 3005 alantur,
1062 2940 1094 2994 et

349 3029 464 3108 graecis
496 3027 624 3100 litteris,
658 3025 834 3088 liberalibus
863 3027 1034 3104 disciplinis
1063 3044 1096 3088 ac

348 3121 494 3196 scientiis,
517 3121 599 3182 sacn‘r
620 3119 803 3196 praesertim
819 3119 985 3194 theologici,
1002 3120 1097 3182 eccle-

347 3216 474 3278 siasticis
494 3223 651 3293 praeterea
673 3212 796 3286 ritibus,
819 3231 834 3272 a
856 3213 931 3274 viris
952 3214 1097 3290 probatae

349 3309 420 3371 fidei
441 3317 472 3370 et
493 3307 661 3379 doctrinae,
691 3306 833 3383 ritusque
861 3307 1023 3368 memorati
1045 3321 1096 3384 pe·

348 3405 417 3466 ritis
438 3400 545 3463 sedulo
568 3399 786 3474 instituantur,
810 3407 854 3474 ut,
878 3406 1042 3478 postquam
1063 3400 1095 3460 in

348 3493 528 3559 huiusmodi
549 3491 657 3554 studiis
686 3491 884 3570 profecerint,
908 3509 973 3554 non
995 3491 1095 3552 solum

347 3589 560 3670 spiritualibus
586 3603 659 3650 suae
686 3587 818 3649 nationis
851 3587 1095 3661 necessitatibus,

348 3699 461 3746 rerum
482 3683 575 3744 etiam
597 3681 795 3742 missionibus
812 3680 1011 3742 orientalibus
1026 3694 1098 3758 ope-

254 3808 258 3816 ·
348 3793 416 3840 ram
436 3791 523 3838 suam
545 3775 644 3837 locare
665 3775 799 3848 valeant,
822 3781 854 3835 et
873 3775 915 3836 sic
936 3773 1040 3834 divina
1056 3774 1097 3834 la-

146 4345 243 4410 urectio
258 4343 333 4408 33113-

119 4403 158 4500 {ii
170 4403 202 4447 ut
213 4409 240 4445 m
251 4398 333 4446 rubri-

349 3878 444 3931 vente
465 3868 562 3946 gratia
582 3876 664 3930 recta
688 3876 951 3929 sacramentorum
975 3881 1096 3928 necnon

349 3962 528 4024 divinorum
549 3961 722 4022 officiorum
744 3960 969 4023 administratio
983 3959 1098 4038 sperari

349 4056 455 4136 possit,
478 4056 521 4116 sic
542 4061 576 4117 ut
596 4071 668 4116 sana
691 4061 722 4114 et
743 4054 866 4130 integra
888 4053 959 4116 fidei
980 4052 1098 4132 praedi-

350 4151 427 4214 catio
449 4156 479 4212 et
500 4147 640 4212 doctrina
668 4147 701 4208 in
723 4145 858 4210 Orientis
887 4147 1024 4225 partibus
1045 4147 1099 4208 ali-

350 4245 474 4324 quando
495 4242 696 4304 restituatur:

391 4338 459 4413 §2
484 4336 562 4398 Hinc
584 4351 651 4408 nos,
674 4341 709 4395 ut
731 4342 792 4396 tam
813 4335 899 4413 pium
914 4353 948 4398 ac
963 4352 1099 4398 necessa-

351 4433 435 4495 rium
456 4446 532 4510 3333
552 4427 589 4488 ad
610 4429 834 4506 omnipotentis
856 4429 909 4489 Dei
924 4429 1055 4506 gloriam
1070 4437 1100 4491 et

350 4533 473 4588 sanctae
495 4523 565 4584 fidei
587 4521 751 4583 catholicae
772 4522 990 4584 exaltationem
1006 4535 1036 4584 33
1055 4523 1100 4584 13-

351 4617 491 4680 ventutis
518 4617 630 4678 bonam
658 4623 858 4693 exactamque
886 4615 1101 4678 educationem

352 4711 455 4775 debite
485 4709 696 4788 perficiamus,
730 4715 817 4768 motu
849 4708 987 4786 proprio,
1008 4726 1041 4770 ac
1063 4725 1101 4769 eu

352 4804 435 4868 certat
464 4802 592 4866 scientia
620 4803 767 4878 memque
796 4800 1018 4862 deliberatione
1047 4818 1103 4863 no-

352 4899 436 4971 stris,
459 4899 559 4975 deque
580 4894 761 4972 apostolicae
788 4895 946 4972 potestatis
967 4895 1104 4973 plenitu-

352 4993 435 5064 dine,
451 5008 468 5051 3
482 4987 668 5050 monasterio
683 4987 801 5048 abbatie
815 4993 994 5064 nuncupato
1006 4987 1036 5048 S.
1049 4988 1104 5048 Be·

352 5083 466 5147 neclicti
481 5084 518 5144 de
531 5081 653 5155 Ullano,
666 5081 806 5143 eiusdem
821 5079 853 5142 S.
867 5081 1035 5156 Benedicti,
1047 5097 1102 5142 seu

353 5177 480 5238 alterius
502 5167 641 5250 Ordinis,
670 5174 742 5237 dicti
770 5174 872 5252 oppidi
901 5175 1103 5253 eiusdemque

354 5272 512 5346 dioecesis,
530 5270 611 5346 quod
632 5268 762 5331 dilectus
777 5267 859 5329 tilius
875 5275 980 5329 noster
995 5267 1103 5328 Petrus

355 5351 496 5441 Alo'ysius
517 5362 600 5424 tituli
620 5361 650 5424 S.
668 5360 828 5423 Laurentii
843 5359 875 5420 in
891 5360 972 5420 Pane
986 5367 1017 5420 et
1034 5361 1104 5420 Per-

355 5471 395 5518 na
422 5455 453 5518 S.
476 5455 512 5516 ll.
538 5455 573 5516 E.
601 5454 762 5532 presbyter
791 5451 959 5514 dardmatts
989 5452 1103 5514 Camila

355 5557 553 5627 nuncupatus
574 5549 607 5608 in
629 5546 846 5610 commendam
874 5543 908 5603 ad
930 5545 978 5606 sui
1007 5545 1103 5605 vitam

355 5657 394 5703 ex
414 5642 609 5705 concessione
630 5646 660 5701 et
682 5637 906 5718 dispensatione
931 5637 1104 5714 apostolicis

1152 1815 1307 1888 iteradum,
1337 1819 1367 1874 et
1392 1815 1429 1874 ab
1457 1813 1617 1876 Ontinario
1646 1813 1704 1873 loci
1732 1812 1901 1890 approban-

1151 1907 1238 1980 dum,
1261 1907 1437 1986 exercetur)
1466 1925 1499 1969 33
1520 1915 1702 1985 perpetuam
1733 1906 1801 1966 sine
1829 1907 1902 1968 cura

1151 1999 1352 2077 capellaniam
1374 2001 1406 2060 in
1428 2001 1508 2062 dicta
1530 2000 1654 2062 ecclesie
1675 2000 1738 2078 (cui
1760 2015 1814 2077 per
1829 1999 1903 2060 alte·

1152 2108 1224 2154 rum
1245 2095 1461 2170 presbyterum
1483 2094 1623 2156 eiusdem
1646 2093 1723 2154 ritus
1741 2093 1903 2154 abeodem

1151 2186 1259 2248 abbate
1286 2194 1436 2266 perpetuo
1468 2187 1729 2250 commendatario
1758 2185 1903 2264 deputato

1151 2279 1337 2356 deservitur,
1360 2281 1476 2359 quique
1507 2281 1632 2342 missam
1663 2280 1795 2357 siugulis
1817 2277 1902 2340 lestis

1152 2373 1258 2434 diebus
1292 2373 1367 2435 inibi
1399 2375 1554 2435 celebrare
1587 2381 1723 2447 tenetur,
1753 2373 1845 2450 eique
1866 2373 1902 2434 ab

1151 2466 1260 2528 eodem
1281 2467 1387 2528 abbate
1408 2467 1603 2545 eleemosyna
1627 2483 1681 2545 pro
1696 2467 1903 2546 celebratione

1151 2560 1315 2622 cuiuslibet
1337 2561 1447 2622 missae
1474 2561 1651 2622 huiusmodi
1681 2561 1741 2622 duo
1767 2559 1902 2621 caroleni

1152 2661 1296 2714 monetae
1317 2654 1390 2714 dicti
1411 2655 1501 2730 regni
1527 2652 1762 2732 persolvuntur)
1784 2660 1901 2731 aposto-

1151 2747 1207 2809 1133
1228 2749 1421 2822 auctoritate,
1444 2748 1482 2810 de
1503 2764 1657 2809 consensu
1676 2748 1804 2825 praelati
1821 2748 1903 2809 Petri

1151 2841 1267 2917 Aloysii
1291 2842 1472 2916 cardinalis,
1495 2841 1764 2917 dismembramus,
1783 2858 1904 2920 separa-

1151 2949 1221 2996 mus
1242 2944 1273 2998 et
1293 2951 1501 3012 segregamus,
1518 2936 1560 2997 ita
1576 2944 1610 2996 ut
1632 2935 1756 2997 nullum
1779 2937 1826 2997 ius
1847 2935 1900 2996 ali-

1151 3030 1201 3092 cui
1222 3031 1426 3108 imposterum
1449 3029 1480 3089 iu
1502 3029 1613 3107 palatio
1628 3036 1659 3090 et
1674 3029 1800 3092 ecclesia
1815 3045 1901 3107 prae—

1152 3122 1220 3184 latis
1234 3131 1397 3200 competat,
1414 3129 1466 3184 aut
1481 3131 1657 3200 competere
1671 3123 1902 3200 quomodolibet

1151 3216 1245 3293 possit
1266 3223 1297 3276 et
1318 3215 1434 3276 valeat:
1457 3216 1565 3293 eisque
1591 3217 1635 3276 sic
1660 3215 1899 3290 dismembratis‚

1150 3311 1295 3388 separatis
1325 3325 1358 3370 ac
1388 3311 1571 3386 segregatis,
1607 3309 1754 3387 palatium
1777 3309 1900 3372 iamdic-

1151 3411 1220 3466 tum
1241 3403 1274 3464 in
1294 3402 1462 3479 collegium
1485 3418 1654 3480 puerorum
1676 3412 1706 3464 et
1725 3401 1903 3464 adolescen-

1152 3497 1230 3558 tium
1253 3497 1330 3557 ritus
1352 3495 1452 3572 graeci
1473 3512 1511 3557 ex
1526 3497 1619 3574 Epiro
1634 3496 1899 3574 provenientium,

1153 3597 1183 3652 et
1204 3591 1236 3650 in
1257 3590 1338 3650 dicto
1359 3605 1469 3665 regno,
1493 3591 1575 3667 quod
1597 3588 1836 3667 Neapolitanum
1851 3607 1902 3669 ap·

1152 3683 1294 3760 pellatur,
1318 3698 1357 3743 eu
1377 3681 1459 3743 reris
1480 3683 1636 3744 catholicis
1658 3683 1839 3760 parentibus
1854 3701 1902 3745 or-

1154 3785 1269 3849 torum,
1292 3777 1325 3836 in
1347 3775 1457 3852 oppido
1485 3775 1585 3838 Ullaui
1612 3777 1775 3854 3333331133
1800 3785 1904 3839 aucto-

1153 3871 1244 3931 ritate
1271 3876 1422 3947 perpetuo
1449 3869 1598 3944 erigimus
1627 3878 1657 3930 et
1686 3871 1900 3932 instituimus:

1153 3978 1251 4041 eoque
1272 3961 1317 4043 (1)
1338 3962 1381 4024 313
1403 3970 1505 4024 333333
1526 3969 1557 4023 33
1579 3963 1722 4024 instituto
1744 3963 1905 4025 ecclesiam

1154 4065 1357 4118 memoratam
1378 4063 1408 4115 et
1430 4055 1630 4118 domunculas
1655 4055 1792 4135 (praevia
1813 4072 1905 4118 curae

1155 4151 1329 4212 animarum
1362 4151 1621 4226 parochianorum
1652 4167 1668 4210 a
1697 4150 1903 4226 monasterio,

1155 4259 1278 4306 necnon
1301 4245 1376 4304 iuris
1398 4243 1579 4305 nominandi
1602 4259 1704 4305 unum
1719 4259 1773 4322 pro
1788 4243 1904 4304 exerci-

1157 4338 1198 4399 tio
1221 4354 1312 4399 curae
1332 4337 1506 4399 animarum
1524 4337 1783 4416 parochianorum
1798 4336 1907 4398 huius-

1156 4431 1252 4504 modi,
1281 4448 1314 4491 ac
1346 4429 1512 4508 deputandi
1544 4429 1679 4490 alterum
1710 4430 1905 4507 presbyteros

1156 4540 1212 4603 pro
1233 4521 1358 4585 ecclesia
1379 4539 1395 4582 3
1417 4523 1515 4596 nobis,
1539 4523 1618 4584 sicut
1639 4523 1823 4600 praefertur,
1847 4521 1906 4584 dis·

1157 4617 1328 4678 membrata
1350 4615 1394 4694 (2)
1415 4615 1541 4677 servitio
1556 4631 1589 4675 ac
1604 4615 1712 4676 missae
1729 4615 1908 4677 celebratio·

1157 4727 1198 4772 ne
1218 4709 1274 4788 (3),
1297 4709 1335 4770 ab
1355 4709 1461 4771 abbate
1480 4715 1629 4788 perpetuo
1645 4709 1907 4771 commendatario

1157 4799 1362 4880 abdicatione)
1375 4803 1482 4864 eidem
1497 4801 1658 4880 3333331133
1673 4801 1855 4863 auctoritate
1870 4802 1908 4864 de

1157 4895 1238 4956 dicto
1259 4911 1412 4957 consensu
1433 4894 1578 4955 similiter
1599 4901 1749 4972 perpetuo
1767 4894 1905 4967 unimus,

1158 4987 1354 5050 annectimus
1385 4993 1415 5046 et
1448 4987 1699 5063 incorporamus:
1733 4983 1909 5062 dictamque

1157 5096 1265 5142 curam
1287 5095 1343 5157 per
1364 5079 1434 5141 dicti
1458 5080 1579 5154 collegii
1601 5086 1766 5151 rectorem,
1783 5077 1908 5138 331331-

1158 5173 1276 5250 legium
1294 5189 1462 5249 congruam
1478 5173 1757 5235 substentationem
1772 5170 1908 5246 assigna-

1158 5282 1192 5327 re
1213 5265 1321 5328 debeat
1349 5273 1380 5328 et
1408 5274 1562 5341 teneatur,
1592 5264 1807 5338 exercendam,
1838 5279 1909 5326 nec-

1159 5375 1222 5420 non
1242 5360 1289 5420 133
1304 5360 1487 5421 nominandi
1502 5365 1531 5420 et
1547 5357 1714 5437 deputandi
1731 5356 1909 5419 huiusmodi

1158 5453 1195 5513 ad
1216 5451 1334 5514 dictum
1362 5453 1528 5528 collegium
1549 5469 1565 5512 3
1588 5452 1688 5525 nobis,
1712 5456 1746 5511 ut
1774 5449 1909 5528 praeler-

1160 5553 1223 5618 tur,
1246 5561 1301 5622 per
1323 5555 1498 5623 praesentes
1520 5552 1660 5607 erectum
1681 5551 1713 5606 33
1728 5543 1909 5604 institutum

1159 5637 1208 5715 (ad
1230 5637 1323 5716 quod,
1347 5647 1377 5700 et
1399 5654 1511 5716 33333
1533 5638 1567 5700 ad
1590 5639 1673 5702 illius
1694 5647 1846 5700 rectorem
1862 5639 1919 5698 ius·

868 5793 1356 5802 -ῄ--ψμ-μφᾳ.--
1367 5795 1399 5802 -..

397 5884 427 5940 (l)
444 5881 536 5940 Aptius
550 5883 609 5938 lege
623 5885 704 5935 eiqaae.

398 5953 427 6011 (3)
443 5951 533 5997 Ρ33133
547 5949 605 6008 lege
618 5953 771 5995 ecclesiae...
787 5951 998 5994 doccantur-atae.

1131 5879 1137 5987 Ι
1204 5882 1232 5938 33)
1249 5881 1316 5926 tsdtt.
1332 5881 1408 5930 Maio.
1425 5880 1489 5938 legit
1503 5885 1671 5930 celebrationi

1820 545 1878 616 tat
1930 551 1984 607 an.
1998 551 2028 606 3.
2050 546 2118 606 nas
