<?xml version="1.0" encoding="UTF-8"?>
<!DOCTYPE html PUBLIC "-//W3C//DTD XHTML 1.0 Transitional//EN"
    "http://www.w3.org/TR/xhtml1/DTD/xhtml1-transitional.dtd">
<html xmlns="http://www.w3.org/1999/xhtml" xml:lang="en" lang="en">
 <head>
  <title>
</title>
<meta http-equiv="Content-Type" content="text/html;charset=utf-8" />
  <meta name='ocr-system' content='tesseract 3.04.00' />
  <meta name='ocr-capabilities' content='ocr_page ocr_carea ocr_par ocr_line ocrx_word'/>
</head>
<body>
  <div class='ocr_page' id='page_1' title='image "./iurispontificii04martgoog_0416.png"; bbox 0 0 4836 6998; ppageno 0'>
   <div class='ocr_carea' id='block_1_1' title="bbox 340 537 637 606">
    <p class='ocr_par' dir='ltr' id='par_1_1' title="bbox 340 537 637 606">
     <span class='ocr_line' id='line_1_1' title="bbox 340 537 637 606; baseline 0.007 -16"><span class='ocrx_word' id='word_1_1' title='bbox 340 537 393 602; x_wconf 72' lang='grc'>66.</span> <span class='ocrx_word' id='word_1_2' title='bbox 408 539 438 606; x_wconf 88' lang='grc' dir='ltr'>6.Ι</span> <span class='ocrx_word' id='word_1_3' title='bbox 460 540 528 604; x_wconf 77' lang='grc'>666</span> <span class='ocrx_word' id='word_1_4' title='bbox 578 537 637 602; x_wconf 84' lang='grc'>666</span> 
     </span>
    </p>
   </div>
   <div class='ocr_carea' id='block_1_2' title="bbox 326 671 1305 3932">
    <p class='ocr_par' dir='ltr' id='par_1_2' title="bbox 557 671 1300 750">
     <span class='ocr_line' id='line_1_2' title="bbox 557 671 1300 750; baseline -0.001 -16"><span class='ocrx_word' id='word_1_5' title='bbox 557 672 624 734; x_wconf 90' lang='grc'><strong>1666</strong></span> <span class='ocrx_word' id='word_1_6' title='bbox 644 671 680 734; x_wconf 86' lang='grc'>61</span> <span class='ocrx_word' id='word_1_7' title='bbox 701 673 902 746; x_wconf 81' lang='lat' dir='ltr'>sexennium,</span> <span class='ocrx_word' id='word_1_8' title='bbox 924 687 979 734; x_wconf 91' lang='lat' dir='ltr'>seu</span> <span class='ocrx_word' id='word_1_9' title='bbox 1000 671 1103 750; x_wconf 91' lang='lat' dir='ltr'>potius</span> <span class='ocrx_word' id='word_1_10' title='bbox 1124 672 1161 736; x_wconf 90' lang='lat' dir='ltr'>ad</span> <span class='ocrx_word' id='word_1_11' title='bbox 1183 685 1300 734; x_wconf 91' lang='lat' dir='ltr'>noven-</span> 
     </span>
    </p>

    <p class='ocr_par' dir='ltr' id='par_1_3' title="bbox 557 763 1299 844">
     <span class='ocr_line' id='line_1_3' title="bbox 557 763 1299 844; baseline 0 -18"><span class='ocrx_word' id='word_1_12' title='bbox 557 765 659 840; x_wconf 82' lang='lat' dir='ltr'>nium,</span> <span class='ocrx_word' id='word_1_13' title='bbox 681 763 802 828; x_wconf 82' lang='lat' dir='ltr'>exclusa</span> <span class='ocrx_word' id='word_1_14' title='bbox 823 763 953 826; x_wconf 90' lang='lat' dir='ltr'>omnino</span> <span class='ocrx_word' id='word_1_15' title='bbox 974 764 1056 830; x_wconf 91' lang='lat' dir='ltr'>iliius</span> <span class='ocrx_word' id='word_1_16' title='bbox 1078 763 1299 844; x_wconf 79' lang='lat' dir='ltr'>perpetuitate3</span> 
     </span>
    </p>

    <p class='ocr_par' dir='ltr' id='par_1_4' title="bbox 556 856 1300 938">
     <span class='ocr_line' id='line_1_4' title="bbox 556 856 1300 938; baseline -0.004 -17"><span class='ocrx_word' id='word_1_17' title='bbox 556 857 769 937; x_wconf 88' lang='lat' dir='ltr'>quamobrem,</span> <span class='ocrx_word' id='word_1_18' title='bbox 792 874 864 920; x_wconf 87' lang='lat' dir='ltr'>cunr</span> <span class='ocrx_word' id='word_1_19' title='bbox 885 857 918 922; x_wconf 92' lang='lat' dir='ltr'>in</span> <span class='ocrx_word' id='word_1_20' title='bbox 939 857 1073 938; x_wconf 89' lang='grc'><strong>66611616</strong></span> <span class='ocrx_word' id='word_1_21' title='bbox 1094 856 1232 935; x_wconf 89' lang='lat' dir='ltr'>generali</span> <span class='ocrx_word' id='word_1_22' title='bbox 1243 857 1300 918; x_wconf 84' lang='lat' dir='ltr'>ltu·</span> 
     </span>
    </p>

    <p class='ocr_par' dir='ltr' id='par_1_5' title="bbox 556 948 1301 1024">
     <span class='ocr_line' id='line_1_5' title="bbox 556 948 1301 1024; baseline -0.009 -7"><span class='ocrx_word' id='word_1_23' title='bbox 556 951 689 1018; x_wconf 86' lang='lat' dir='ltr'>iusmodi</span> <span class='ocrx_word' id='word_1_24' title='bbox 710 953 743 1014; x_wconf 93' lang='lat' dir='ltr'>in</span> <span class='ocrx_word' id='word_1_25' title='bbox 763 952 887 1014; x_wconf 90' lang='lat' dir='ltr'>civitate</span> <span class='ocrx_word' id='word_1_26' title='bbox 908 952 1037 1014; x_wconf 71' lang='lat' dir='ltr'>Limane</span> <span class='ocrx_word' id='word_1_27' title='bbox 1058 951 1223 1024; x_wconf 89' lang='lat' dir='ltr'>celebrato,</span> <span class='ocrx_word' id='word_1_28' title='bbox 1242 948 1301 1012; x_wconf 92' lang='lat' dir='ltr'>illi·</span> 
     </span>
    </p>

    <p class='ocr_par' dir='ltr' id='par_1_6' title="bbox 555 1043 1300 1126">
     <span class='ocr_line' id='line_1_6' title="bbox 555 1043 1300 1126; baseline -0.008 -16"><span class='ocrx_word' id='word_1_29' title='bbox 555 1063 617 1126; x_wconf 90' lang='lat' dir='ltr'>que</span> <span class='ocrx_word' id='word_1_30' title='bbox 636 1045 830 1126; x_wconf 71' lang='lat' dir='ltr'>praesidente</span> <span class='ocrx_word' id='word_1_31' title='bbox 857 1045 1028 1110; x_wconf 82' lang='lat' dir='ltr'>venerabili</span> <span class='ocrx_word' id='word_1_32' title='bbox 1054 1043 1151 1108; x_wconf 88' lang='lat' dir='ltr'>iratre</span> <span class='ocrx_word' id='word_1_33' title='bbox 1175 1043 1300 1106; x_wconf 82' lang='lat' dir='ltr'>brebie-</span> 
     </span>
    </p>

    <p class='ocr_par' dir='ltr' id='par_1_7' title="bbox 555 1137 1300 1221">
     <span class='ocr_line' id='line_1_7' title="bbox 555 1137 1300 1221; baseline -0.008 -15"><span class='ocrx_word' id='word_1_34' title='bbox 555 1141 680 1221; x_wconf 90' lang='lat' dir='ltr'>piscopo</span> <span class='ocrx_word' id='word_1_35' title='bbox 700 1140 926 1219; x_wconf 78' lang='grc'><strong>1166666661</strong></span> <span class='ocrx_word' id='word_1_36' title='bbox 940 1147 1094 1218; x_wconf 88' lang='grc'><strong>66666166</strong></span> <span class='ocrx_word' id='word_1_37' title='bbox 1115 1137 1300 1202; x_wconf 91' lang='lat' dir='ltr'>electionem</span> 
     </span>
    </p>

    <p class='ocr_par' dir='ltr' id='par_1_8' title="bbox 544 1230 1301 1332">
     <span class='ocr_line' id='line_1_8' title="bbox 544 1230 1301 1332; baseline -0.008 -34"><span class='ocrx_word' id='word_1_38' title='bbox 544 1233 629 1332; x_wconf 42' lang='lat' dir='ltr'>&#39;dicti</span> <span class='ocrx_word' id='word_1_39' title='bbox 650 1233 794 1312; x_wconf 89' lang='lat' dir='ltr'>praelecti</span> <span class='ocrx_word' id='word_1_40' title='bbox 816 1232 981 1310; x_wconf 89' lang='lat' dir='ltr'>generalis,</span> <span class='ocrx_word' id='word_1_41' title='bbox 1004 1230 1190 1296; x_wconf 85' lang='lat' dir='ltr'>discussam</span> <span class='ocrx_word' id='word_1_42' title='bbox 1213 1246 1248 1292; x_wconf 93' lang='lat' dir='ltr'>eo</span> <span class='ocrx_word' id='word_1_43' title='bbox 1270 1237 1301 1292; x_wconf 92' lang='lat' dir='ltr'>et</span> 
     </span>
    </p>

    <p class='ocr_par' dir='ltr' id='par_1_9' title="bbox 536 1323 1300 1405">
     <span class='ocr_line' id='line_1_9' title="bbox 536 1323 1300 1405; baseline -0.008 -15"><span class='ocrx_word' id='word_1_44' title='bbox 536 1329 540 1340; x_wconf 93' lang='lat'>&#39;</span> <span class='ocrx_word' id='word_1_45' title='bbox 556 1326 689 1390; x_wconf 90' lang='lat' dir='ltr'>resoluta</span> <span class='ocrx_word' id='word_1_46' title='bbox 704 1326 837 1390; x_wconf 85' lang='lat' dir='ltr'>luissent</span> <span class='ocrx_word' id='word_1_47' title='bbox 850 1335 965 1405; x_wconf 91' lang='lat' dir='ltr'>puncta</span> <span class='ocrx_word' id='word_1_48' title='bbox 980 1327 1014 1388; x_wconf 93' lang='lat' dir='ltr'>in</span> <span class='ocrx_word' id='word_1_49' title='bbox 1029 1324 1170 1404; x_wconf 84' lang='lat' dir='ltr'>praelatis</span> <span class='ocrx_word' id='word_1_50' title='bbox 1184 1323 1300 1386; x_wconf 87' lang='lat' dir='ltr'>instan-</span> 
     </span>
    </p>

    <p class='ocr_par' dir='ltr' id='par_1_10' title="bbox 554 1417 1301 1500">
     <span class='ocr_line' id='line_1_10' title="bbox 554 1417 1301 1500; baseline -0.005 -16"><span class='ocrx_word' id='word_1_51' title='bbox 554 1421 606 1485; x_wconf 88' lang='lat' dir='ltr'>tiis</span> <span class='ocrx_word' id='word_1_52' title='bbox 625 1419 791 1500; x_wconf 89' lang='lat' dir='ltr'>proposita,</span> <span class='ocrx_word' id='word_1_53' title='bbox 813 1437 847 1484; x_wconf 89' lang='lat' dir='ltr'>ac</span> <span class='ocrx_word' id='word_1_54' title='bbox 866 1419 1039 1482; x_wconf 73' lang='lat' dir='ltr'>successive</span> <span class='ocrx_word' id='word_1_55' title='bbox 1059 1417 1177 1483; x_wconf 88' lang='lat' dir='ltr'>anobis</span> <span class='ocrx_word' id='word_1_56' title='bbox 1191 1431 1301 1480; x_wconf 89' lang='lat' dir='ltr'>eorum</span> 
     </span>
    </p>

    <p class='ocr_par' dir='ltr' id='par_1_11' title="bbox 556 1509 1298 1593">
     <span class='ocr_line' id='line_1_11' title="bbox 556 1509 1298 1593; baseline -0.009 -15"><span class='ocrx_word' id='word_1_57' title='bbox 556 1513 749 1580; x_wconf 79' lang='lat' dir='ltr'>confirmatio</span> <span class='ocrx_word' id='word_1_58' title='bbox 771 1521 802 1576; x_wconf 89' lang='lat' dir='ltr'>et</span> <span class='ocrx_word' id='word_1_59' title='bbox 823 1512 1001 1593; x_wconf 76' lang='lat' dir='ltr'>approbatio</span> <span class='ocrx_word' id='word_1_60' title='bbox 1026 1511 1158 1589; x_wconf 87' lang='lat' dir='ltr'>expetita</span> <span class='ocrx_word' id='word_1_61' title='bbox 1179 1509 1298 1585; x_wconf 89' lang='lat' dir='ltr'>luisset,</span> 
     </span>
    </p>

    <p class='ocr_par' dir='ltr' id='par_1_12' title="bbox 555 1604 1300 1686">
     <span class='ocr_line' id='line_1_12' title="bbox 555 1604 1300 1686; baseline -0.005 -16"><span class='ocrx_word' id='word_1_62' title='bbox 555 1604 1300 1686; x_wconf 80' lang='lat' dir='ltr'>nosqueeorumdemexamensupradictaeCou-</span> 
     </span>
    </p>

    <p class='ocr_par' dir='ltr' id='par_1_13' title="bbox 556 1696 1301 1778">
     <span class='ocr_line' id='line_1_13' title="bbox 556 1696 1301 1778; baseline -0.011 -13"><span class='ocrx_word' id='word_1_63' title='bbox 556 1699 731 1778; x_wconf 87' lang='lat' dir='ltr'>gregatioui</span> <span class='ocrx_word' id='word_1_64' title='bbox 752 1697 961 1765; x_wconf 80' lang='lat' dir='ltr'>cardinalium</span> <span class='ocrx_word' id='word_1_65' title='bbox 975 1698 1108 1776; x_wconf 90' lang='lat' dir='ltr'>negotiis</span> <span class='ocrx_word' id='word_1_66' title='bbox 1129 1703 1160 1760; x_wconf 91' lang='lat' dir='ltr'>et</span> <span class='ocrx_word' id='word_1_67' title='bbox 1180 1696 1301 1760; x_wconf 88' lang='lat' dir='ltr'>cousul-</span> 
     </span>
    </p>

    <p class='ocr_par' dir='ltr' id='par_1_14' title="bbox 558 1791 1301 1872">
     <span class='ocr_line' id='line_1_14' title="bbox 558 1791 1301 1872; baseline -0.005 -16"><span class='ocrx_word' id='word_1_68' title='bbox 558 1793 723 1858; x_wconf 83' lang='lat' dir='ltr'>latioribus</span> <span class='ocrx_word' id='word_1_69' title='bbox 731 1793 954 1872; x_wconf 84' lang='lat' dir='ltr'>Episcoporum</span> <span class='ocrx_word' id='word_1_70' title='bbox 965 1791 1205 1869; x_wconf 83' lang='lat' dir='ltr'>etuegularium</span> <span class='ocrx_word' id='word_1_71' title='bbox 1215 1805 1301 1870; x_wconf 87' lang='lat' dir='ltr'>prae·</span> 
     </span>
    </p>

    <p class='ocr_par' dir='ltr' id='par_1_15' title="bbox 556 1883 1300 1966">
     <span class='ocr_line' id='line_1_15' title="bbox 556 1883 1300 1966; baseline -0.008 -18"><span class='ocrx_word' id='word_1_72' title='bbox 556 1885 673 1966; x_wconf 88' lang='lat' dir='ltr'>positae</span> <span class='ocrx_word' id='word_1_73' title='bbox 692 1884 968 1948; x_wconf 83' lang='lat' dir='ltr'>commisissemus:</span> <span class='ocrx_word' id='word_1_74' title='bbox 993 1883 1100 1946; x_wconf 90' lang='lat' dir='ltr'>eadem</span> <span class='ocrx_word' id='word_1_75' title='bbox 1126 1883 1300 1959; x_wconf 83' lang='lat' dir='ltr'>Congrege-</span> 
     </span>
    </p>

    <p class='ocr_par' dir='ltr' id='par_1_16' title="bbox 559 1976 1302 2056">
     <span class='ocr_line' id='line_1_16' title="bbox 559 1976 1302 2056; baseline -0.007 -16"><span class='ocrx_word' id='word_1_76' title='bbox 559 1979 601 2040; x_wconf 91' lang='lat' dir='ltr'>tio</span> <span class='ocrx_word' id='word_1_77' title='bbox 622 1976 844 2052; x_wconf 78' lang='lat' dir='ltr'>cardinalium,</span> <span class='ocrx_word' id='word_1_78' title='bbox 862 1983 930 2056; x_wconf 90' lang='grc'><strong>6661</strong></span> <span class='ocrx_word' id='word_1_79' title='bbox 951 1977 1087 2040; x_wconf 87' lang='grc'><strong>6611166</strong></span> <span class='ocrx_word' id='word_1_80' title='bbox 1108 1977 1239 2054; x_wconf 85' lang='lat' dir='ltr'>desuper</span> <span class='ocrx_word' id='word_1_81' title='bbox 1254 1990 1302 2036; x_wconf 91' lang='lat' dir='ltr'>re-</span> 
     </span>
    </p>

    <p class='ocr_par' dir='ltr' id='par_1_17' title="bbox 557 2059 1301 2146">
     <span class='ocr_line' id='line_1_17' title="bbox 557 2059 1301 2146; baseline -0.011 -10"><span class='ocrx_word' id='word_1_82' title='bbox 557 2070 703 2137; x_wconf 89' lang='lat' dir='ltr'>lationem</span> <span class='ocrx_word' id='word_1_83' title='bbox 725 2059 828 2134; x_wconf 84' lang='lat' dir='ltr'>dilecti</span> <span class='ocrx_word' id='word_1_84' title='bbox 843 2070 899 2132; x_wconf 88' lang='lat' dir='ltr'>lilii</span> <span class='ocrx_word' id='word_1_85' title='bbox 921 2070 1018 2134; x_wconf 89' lang='grc'><strong>666161</strong></span> <span class='ocrx_word' id='word_1_86' title='bbox 1035 2068 1185 2136; x_wconf 86' lang='lat' dir='ltr'>Ludovici</span> <span class='ocrx_word' id='word_1_87' title='bbox 1206 2067 1301 2146; x_wconf 91' lang='lat' dir='ltr'>ipsius</span> 
     </span>
    </p>

    <p class='ocr_par' dir='ltr' id='par_1_18' title="bbox 558 2159 1302 2242">
     <span class='ocr_line' id='line_1_18' title="bbox 558 2159 1302 2242; baseline -0.009 -13"><span class='ocrx_word' id='word_1_88' title='bbox 558 2165 588 2229; x_wconf 81' lang='lat' dir='ltr'>S·</span> <span class='ocrx_word' id='word_1_89' title='bbox 599 2165 682 2228; x_wconf 73' lang='grc'><strong>1111.</strong></span> <span class='ocrx_word' id='word_1_90' title='bbox 699 2163 868 2227; x_wconf 77' lang='lat' dir='ltr'>cardinalis</span> <span class='ocrx_word' id='word_1_91' title='bbox 883 2163 945 2227; x_wconf 88' lang='lat' dir='ltr'>Pici</span> <span class='ocrx_word' id='word_1_92' title='bbox 960 2164 1129 2242; x_wconf 90' lang='lat' dir='ltr'>nuncupati</span> <span class='ocrx_word' id='word_1_93' title='bbox 1150 2159 1302 2241; x_wconf 87' lang='lat' dir='ltr'>praelatae</span> 
     </span>
    </p>

    <p class='ocr_par' dir='ltr' id='par_1_19' title="bbox 557 2253 1300 2335">
     <span class='ocr_line' id='line_1_19' title="bbox 557 2253 1300 2335; baseline -0.011 -13"><span class='ocrx_word' id='word_1_94' title='bbox 557 2257 811 2335; x_wconf 86' lang='lat' dir='ltr'>Congregatienis</span> <span class='ocrx_word' id='word_1_95' title='bbox 832 2255 964 2318; x_wconf 90' lang='lat' dir='ltr'>iratrnm</span> <span class='ocrx_word' id='word_1_96' title='bbox 979 2253 1058 2334; x_wconf 93' lang='lat' dir='ltr'>apud</span> <span class='ocrx_word' id='word_1_97' title='bbox 1074 2271 1130 2318; x_wconf 92' lang='lat' dir='ltr'>nos</span> <span class='ocrx_word' id='word_1_98' title='bbox 1145 2263 1175 2318; x_wconf 89' lang='grc'>61</span> <span class='ocrx_word' id='word_1_99' title='bbox 1190 2253 1300 2317; x_wconf 90' lang='lat' dir='ltr'>Sedem</span> 
     </span>
    </p>

    <p class='ocr_par' dir='ltr' id='par_1_20' title="bbox 556 2346 1302 2430">
     <span class='ocr_line' id='line_1_20' title="bbox 556 2346 1302 2430; baseline -0.007 -17"><span class='ocrx_word' id='word_1_100' title='bbox 556 2351 762 2429; x_wconf 78' lang='lat' dir='ltr'>apostolicam</span> <span class='ocrx_word' id='word_1_101' title='bbox 772 2350 967 2429; x_wconf 88' lang='lat' dir='ltr'>protectoris,</span> <span class='ocrx_word' id='word_1_102' title='bbox 979 2353 1104 2430; x_wconf 90' lang='lat' dir='ltr'>visaque</span> <span class='ocrx_word' id='word_1_103' title='bbox 1120 2349 1186 2411; x_wconf 91' lang='lat' dir='ltr'>iura</span> <span class='ocrx_word' id='word_1_104' title='bbox 1201 2346 1302 2412; x_wconf 90' lang='lat' dir='ltr'>distri·</span> 
     </span>
    </p>

    <p class='ocr_par' dir='ltr' id='par_1_21' title="bbox 446 2442 1303 2521">
     <span class='ocr_line' id='line_1_21' title="bbox 446 2442 1303 2521; baseline -0.005 -13"><span class='ocrx_word' id='word_1_105' title='bbox 446 2461 447 2464; x_wconf 69' lang='grc'>’</span> <span class='ocrx_word' id='word_1_106' title='bbox 556 2445 641 2521; x_wconf 92' lang='lat' dir='ltr'>buta,</span> <span class='ocrx_word' id='word_1_107' title='bbox 664 2453 695 2508; x_wconf 90' lang='grc'>61</span> <span class='ocrx_word' id='word_1_108' title='bbox 716 2446 857 2508; x_wconf 91' lang='lat' dir='ltr'>auditum</span> <span class='ocrx_word' id='word_1_109' title='bbox 879 2453 990 2506; x_wconf 91' lang='lat' dir='ltr'>votum</span> <span class='ocrx_word' id='word_1_110' title='bbox 1011 2444 1110 2506; x_wconf 92' lang='lat' dir='ltr'>bonae</span> <span class='ocrx_word' id='word_1_111' title='bbox 1131 2442 1303 2504; x_wconf 89' lang='lat' dir='ltr'>memoriae</span> 
     </span>
    </p>

    <p class='ocr_par' dir='ltr' id='par_1_22' title="bbox 557 2533 1302 2614">
     <span class='ocr_line' id='line_1_22' title="bbox 557 2533 1302 2614; baseline -0.009 -12"><span class='ocrx_word' id='word_1_112' title='bbox 557 2537 659 2602; x_wconf 85' lang='lat' dir='ltr'>Caroli</span> <span class='ocrx_word' id='word_1_113' title='bbox 688 2537 870 2614; x_wconf 75' lang='lat' dir='ltr'>Augustini,</span> <span class='ocrx_word' id='word_1_114' title='bbox 893 2535 969 2602; x_wconf 92' lang='lat' dir='ltr'>dum</span> <span class='ocrx_word' id='word_1_115' title='bbox 1001 2536 1133 2610; x_wconf 90' lang='lat' dir='ltr'>viveret,</span> <span class='ocrx_word' id='word_1_116' title='bbox 1162 2533 1302 2598; x_wconf 92' lang='lat' dir='ltr'>eiusdem</span> 
     </span>
    </p>

    <p class='ocr_par' dir='ltr' id='par_1_23' title="bbox 557 2629 1302 2707">
     <span class='ocr_line' id='line_1_23' title="bbox 557 2629 1302 2707; baseline -0.009 -11"><span class='ocrx_word' id='word_1_117' title='bbox 557 2632 588 2696; x_wconf 77' lang='lat' dir='ltr'>S·</span> <span class='ocrx_word' id='word_1_118' title='bbox 601 2631 636 2702; x_wconf 82' lang='lat' dir='ltr'>tt.</span> <span class='ocrx_word' id='word_1_119' title='bbox 649 2631 685 2700; x_wconf 79' lang='lat' dir='ltr'>tt.</span> <span class='ocrx_word' id='word_1_120' title='bbox 703 2630 871 2700; x_wconf 80' lang='lat' dir='ltr'>Gurdinalis</span> <span class='ocrx_word' id='word_1_121' title='bbox 885 2631 1018 2694; x_wconf 84' lang='lat' dir='ltr'>Fabroni</span> <span class='ocrx_word' id='word_1_122' title='bbox 1032 2629 1216 2707; x_wconf 90' lang='lat' dir='ltr'>nuncupati,</span> <span class='ocrx_word' id='word_1_123' title='bbox 1233 2644 1302 2690; x_wconf 90' lang='lat' dir='ltr'>cau·</span> 
     </span>
    </p>

    <p class='ocr_par' dir='ltr' id='par_1_24' title="bbox 555 2722 1303 2805">
     <span class='ocr_line' id='line_1_24' title="bbox 555 2722 1303 2805; baseline -0.007 -17"><span class='ocrx_word' id='word_1_124' title='bbox 555 2742 608 2788; x_wconf 91' lang='grc'>666</span> <span class='ocrx_word' id='word_1_125' title='bbox 627 2725 783 2805; x_wconf 87' lang='grc'><strong>66666116,</strong></span> <span class='ocrx_word' id='word_1_126' title='bbox 799 2725 951 2790; x_wconf 88' lang='lat' dir='ltr'>eiusmodi</span> <span class='ocrx_word' id='word_1_127' title='bbox 973 2722 1180 2788; x_wconf 88' lang='lat' dir='ltr'>resolutiones</span> <span class='ocrx_word' id='word_1_128' title='bbox 1201 2723 1233 2784; x_wconf 92' lang='lat' dir='ltr'>in</span> <span class='ocrx_word' id='word_1_129' title='bbox 1255 2736 1303 2784; x_wconf 91' lang='lat' dir='ltr'>ca·</span> 
     </span>
    </p>

    <p class='ocr_par' dir='ltr' id='par_1_25' title="bbox 555 2816 1303 2898">
     <span class='ocr_line' id='line_1_25' title="bbox 555 2816 1303 2898; baseline -0.004 -17"><span class='ocrx_word' id='word_1_130' title='bbox 555 2819 655 2897; x_wconf 90' lang='lat' dir='ltr'>pitulo</span> <span class='ocrx_word' id='word_1_131' title='bbox 676 2819 813 2897; x_wconf 89' lang='lat' dir='ltr'>generali</span> <span class='ocrx_word' id='word_1_132' title='bbox 834 2818 970 2898; x_wconf 84' lang='grc'><strong>66661616</strong></span> <span class='ocrx_word' id='word_1_133' title='bbox 991 2816 1181 2882; x_wconf 88' lang='grc'><strong>6666161166</strong></span> <span class='ocrx_word' id='word_1_134' title='bbox 1202 2823 1303 2893; x_wconf 87' lang='lat' dir='ltr'>captas</span> 
     </span>
    </p>

    <p class='ocr_par' dir='ltr' id='par_1_26' title="bbox 556 2911 1304 2994">
     <span class='ocr_line' id='line_1_26' title="bbox 556 2911 1304 2994; baseline -0.008 -18"><span class='ocrx_word' id='word_1_135' title='bbox 556 2915 607 2978; x_wconf 90' lang='lat' dir='ltr'>die</span> <span class='ocrx_word' id='word_1_136' title='bbox 628 2929 683 2978; x_wconf 83' lang='lat' dir='ltr'>ux.</span> <span class='ocrx_word' id='word_1_137' title='bbox 707 2913 810 2994; x_wconf 91' lang='lat' dir='ltr'>aprilis</span> <span class='ocrx_word' id='word_1_138' title='bbox 821 2927 985 2976; x_wconf 83' lang='lat' dir='ltr'>uuocrxv.</span> <span class='ocrx_word' id='word_1_139' title='bbox 1008 2919 1132 2976; x_wconf 89' lang='lat' dir='ltr'>mature</span> <span class='ocrx_word' id='word_1_140' title='bbox 1146 2911 1304 2974; x_wconf 83' lang='lat' dir='ltr'>examina-</span> 
     </span>
    </p>

    <p class='ocr_par' dir='ltr' id='par_1_27' title="bbox 557 3004 1303 3180">
     <span class='ocr_line' id='line_1_27' title="bbox 557 3004 1303 3088; baseline -0.005 -17"><span class='ocrx_word' id='word_1_141' title='bbox 557 3016 655 3084; x_wconf 83' lang='lat' dir='ltr'>verat,</span> <span class='ocrx_word' id='word_1_142' title='bbox 671 3015 764 3088; x_wconf 88' lang='lat' dir='ltr'>atque</span> <span class='ocrx_word' id='word_1_143' title='bbox 778 3008 810 3070; x_wconf 91' lang='lat' dir='ltr'>in</span> <span class='ocrx_word' id='word_1_144' title='bbox 826 3008 921 3082; x_wconf 91' lang='lat' dir='ltr'>bunc,</span> <span class='ocrx_word' id='word_1_145' title='bbox 937 3007 992 3084; x_wconf 90' lang='lat' dir='ltr'>qui</span> <span class='ocrx_word' id='word_1_146' title='bbox 1006 3007 1157 3086; x_wconf 89' lang='lat' dir='ltr'>sequitur,</span> <span class='ocrx_word' id='word_1_147' title='bbox 1174 3004 1303 3068; x_wconf 91' lang='lat' dir='ltr'>modum</span> 
     </span>
     <span class='ocr_line' id='line_1_28' title="bbox 557 3099 1260 3180; baseline -0.007 -15"><span class='ocrx_word' id='word_1_148' title='bbox 557 3101 780 3166; x_wconf 89' lang='lat' dir='ltr'>relormaverat</span> <span class='ocrx_word' id='word_1_149' title='bbox 799 3108 831 3164; x_wconf 90' lang='lat' dir='ltr'>et</span> <span class='ocrx_word' id='word_1_150' title='bbox 845 3101 1075 3180; x_wconf 85' lang='lat' dir='ltr'>approbaverat,</span> <span class='ocrx_word' id='word_1_151' title='bbox 1092 3099 1260 3162; x_wconf 88' lang='lat' dir='ltr'>nimirum:</span> 
     </span>
    </p>

    <p class='ocr_par' dir='ltr' id='par_1_28' title="bbox 326 3279 1303 3384">
     <span class='ocr_line' id='line_1_29' title="bbox 326 3279 1303 3384; baseline -0.008 -28"><span class='ocrx_word' id='word_1_152' title='bbox 326 3279 539 3384; x_wconf 48' lang='grc' dir='ltr'>,Πξξᾶἳξξῖξθῃξξ</span> <span class='ocrx_word' id='word_1_153' title='bbox 599 3308 621 3354; x_wconf 92' lang='lat' dir='ltr'>r.</span> <span class='ocrx_word' id='word_1_154' title='bbox 644 3289 787 3354; x_wconf 84' lang='lat' dir='ltr'>Officium</span> <span class='ocrx_word' id='word_1_155' title='bbox 807 3287 954 3367; x_wconf 91' lang='lat' dir='ltr'>praelecti</span> <span class='ocrx_word' id='word_1_156' title='bbox 975 3287 1187 3365; x_wconf 72' lang='lat' dir='ltr'>generalised</span> <span class='ocrx_word' id='word_1_157' title='bbox 1201 3285 1303 3348; x_wconf 90' lang='lat' dir='ltr'>omnia</span> 
     </span>
    </p>

    <p class='ocr_par' dir='ltr' id='par_1_29' title="bbox 326 3345 1303 3490">
     <span class='ocr_line' id='line_1_30' title="bbox 326 3345 1303 3490; baseline -0.009 -41"><span class='ocrx_word' id='word_1_158' title='bbox 326 3346 414 3488; x_wconf 47' lang='lat' dir='ltr'>narrar?</span> <span class='ocrx_word' id='word_1_159' title='bbox 430 3345 540 3490; x_wconf 52' lang='grc' dir='ltr'>ι66161</span> <span class='ocrx_word' id='word_1_160' title='bbox 559 3385 655 3450; x_wconf 87' lang='grc'><strong>6111616</strong></span> <span class='ocrx_word' id='word_1_161' title='bbox 676 3383 814 3458; x_wconf 90' lang='grc'><strong>1116666,</strong></span> <span class='ocrx_word' id='word_1_162' title='bbox 831 3383 884 3462; x_wconf 92' lang='lat' dir='ltr'>qui</span> <span class='ocrx_word' id='word_1_163' title='bbox 899 3383 932 3444; x_wconf 94' lang='lat' dir='ltr'>in</span> <span class='ocrx_word' id='word_1_164' title='bbox 948 3381 1081 3462; x_wconf 91' lang='lat' dir='ltr'>capitulo</span> <span class='ocrx_word' id='word_1_165' title='bbox 1097 3381 1234 3458; x_wconf 89' lang='lat' dir='ltr'>generali</span> <span class='ocrx_word' id='word_1_166' title='bbox 1249 3379 1303 3444; x_wconf 86' lang='lat' dir='ltr'>eli·</span> 
     </span>
    </p>

    <p class='ocr_par' dir='ltr' id='par_1_30' title="bbox 326 3452 1304 3556">
     <span class='ocr_line' id='line_1_31' title="bbox 326 3452 1304 3556; baseline -0.01 -12"><span class='ocrx_word' id='word_1_167' title='bbox 326 3454 353 3490; x_wconf 57' lang='lat'>‘⁰</span> <span class='ocrx_word' id='word_1_168' title='bbox 365 3452 428 3490; x_wconf 70' lang='lat'>⁰¹⁰⁰</span> <span class='ocrx_word' id='word_1_169' title='bbox 443 3453 480 3489; x_wconf 56' lang='grc' dir='ltr'>ω’</span> <span class='ocrx_word' id='word_1_170' title='bbox 560 3485 689 3556; x_wconf 89' lang='lat' dir='ltr'>guntur,</span> <span class='ocrx_word' id='word_1_171' title='bbox 706 3484 799 3556; x_wconf 88' lang='lat' dir='ltr'>prout</span> <span class='ocrx_word' id='word_1_172' title='bbox 819 3484 894 3540; x_wconf 91' lang='lat' dir='ltr'>sunt</span> <span class='ocrx_word' id='word_1_173' title='bbox 907 3475 1084 3538; x_wconf 88' lang='lat' dir='ltr'>assistentes</span> <span class='ocrx_word' id='word_1_174' title='bbox 1105 3473 1304 3554; x_wconf 89' lang='lat' dir='ltr'>particulares</span> 
     </span>
    </p>

    <p class='ocr_par' dir='ltr' id='par_1_31' title="bbox 559 3569 1303 3651">
     <span class='ocr_line' id='line_1_32' title="bbox 559 3569 1303 3651; baseline -0.008 -13"><span class='ocrx_word' id='word_1_175' title='bbox 559 3573 725 3651; x_wconf 85' lang='lat' dir='ltr'>utriusque</span> <span class='ocrx_word' id='word_1_176' title='bbox 745 3571 847 3648; x_wconf 88' lang='lat' dir='ltr'>regni,</span> <span class='ocrx_word' id='word_1_177' title='bbox 860 3571 971 3634; x_wconf 90' lang='lat' dir='ltr'>durare</span> <span class='ocrx_word' id='word_1_178' title='bbox 993 3570 1106 3633; x_wconf 88' lang='lat' dir='ltr'>debere</span> <span class='ocrx_word' id='word_1_179' title='bbox 1127 3569 1164 3630; x_wconf 92' lang='lat' dir='ltr'>ad</span> <span class='ocrx_word' id='word_1_180' title='bbox 1185 3584 1303 3632; x_wconf 90' lang='lat' dir='ltr'>noven-</span> 
     </span>
    </p>

    <p class='ocr_par' dir='ltr' id='par_1_32' title="bbox 327 3662 1305 3766">
     <span class='ocr_line' id='line_1_33' title="bbox 327 3662 1305 3766; baseline -0.005 -36"><span class='ocrx_word' id='word_1_181' title='bbox 327 3664 541 3766; x_wconf 43' lang='grc' dir='ltr'><strong>3οῇ666ᾱῇ</strong></span> <span class='ocrx_word' id='word_1_182' title='bbox 559 3667 663 3730; x_wconf 89' lang='lat' dir='ltr'>nium:</span> <span class='ocrx_word' id='word_1_183' title='bbox 684 3665 814 3740; x_wconf 88' lang='lat' dir='ltr'>servatis</span> <span class='ocrx_word' id='word_1_184' title='bbox 827 3671 945 3738; x_wconf 87' lang='grc'><strong>16666,</strong></span> <span class='ocrx_word' id='word_1_185' title='bbox 961 3664 1060 3741; x_wconf 90' lang='lat' dir='ltr'>quoad</span> <span class='ocrx_word' id='word_1_186' title='bbox 1075 3662 1240 3725; x_wconf 88' lang='lat' dir='ltr'>electiones</span> <span class='ocrx_word' id='word_1_187' title='bbox 1253 3679 1305 3726; x_wconf 91' lang='lat' dir='ltr'>su·</span> 
     </span>
    </p>

    <p class='ocr_par' dir='ltr' id='par_1_33' title="bbox 327 3755 1304 3839">
     <span class='ocr_line' id='line_1_34' title="bbox 327 3755 1304 3839; baseline -0.002 -21"><span class='ocrx_word' id='word_1_188' title='bbox 327 3773 452 3820; x_wconf 72' lang='lat' dir='ltr'>venatum</span> <span class='ocrx_word' id='word_1_189' title='bbox 466 3772 541 3818; x_wconf 79' lang='lat' dir='ltr'>dura·</span> <span class='ocrx_word' id='word_1_190' title='bbox 560 3759 718 3839; x_wconf 87' lang='lat' dir='ltr'>periurum</span> <span class='ocrx_word' id='word_1_191' title='bbox 729 3757 884 3833; x_wconf 85' lang='lat' dir='ltr'>localium,</span> <span class='ocrx_word' id='word_1_192' title='bbox 897 3755 1170 3820; x_wconf 88' lang='lat' dir='ltr'>constitutionibus</span> <span class='ocrx_word' id='word_1_193' title='bbox 1183 3755 1304 3819; x_wconf 88' lang='lat' dir='ltr'>Ordinis</span> 
     </span>
    </p>

    <p class='ocr_par' dir='ltr' id='par_1_34' title="bbox 328 3827 1304 3932">
     <span class='ocr_line' id='line_1_35' title="bbox 328 3827 1304 3932; baseline -0.008 -14"><span class='ocrx_word' id='word_1_194' title='bbox 328 3827 401 3874; x_wconf 62' lang='lat'>‘³¹¹⁵&#39;</span> <span class='ocrx_word' id='word_1_195' title='bbox 560 3853 819 3932; x_wconf 88' lang='lat' dir='ltr'>praecipientibus</span> <span class='ocrx_word' id='word_1_196' title='bbox 833 3852 916 3931; x_wconf 90' lang='lat' dir='ltr'>quod</span> <span class='ocrx_word' id='word_1_197' title='bbox 930 3852 1005 3914; x_wconf 91' lang='lat' dir='ltr'>istae</span> <span class='ocrx_word' id='word_1_198' title='bbox 1025 3850 1153 3912; x_wconf 84' lang='grc'><strong>166116</strong></span> <span class='ocrx_word' id='word_1_199' title='bbox 1169 3849 1304 3914; x_wconf 87' lang='grc'><strong>16166616</strong></span> 
     </span>
    </p>
   </div>
   <div class='ocr_carea' id='block_1_3' title="bbox 560 3947 805 4010">
    <p class='ocr_par' dir='ltr' id='par_1_35' title="bbox 560 3947 805 4010">
     <span class='ocr_line' id='line_1_36' title="bbox 560 3947 805 4010; baseline -0.004 -3"><span class='ocrx_word' id='word_1_200' title='bbox 560 3947 593 4008; x_wconf 92' lang='grc'>16</span> <span class='ocrx_word' id='word_1_201' title='bbox 615 3947 805 4010; x_wconf 90' lang='lat' dir='ltr'>triennium:</span> 
     </span>
    </p>
   </div>
   <div class='ocr_carea' id='block_1_4' title="bbox 558 4049 1305 4685">
    <p class='ocr_par' dir='ltr' id='par_1_36' title="bbox 558 4049 1305 4685">
     <span class='ocr_line' id='line_1_37' title="bbox 600 4049 1304 4132; baseline -0.006 -18"><span class='ocrx_word' id='word_1_202' title='bbox 600 4069 635 4114; x_wconf 92' lang='lat' dir='ltr'>rr.</span> <span class='ocrx_word' id='word_1_203' title='bbox 659 4053 813 4131; x_wconf 83' lang='lat' dir='ltr'>Expedire</span> <span class='ocrx_word' id='word_1_204' title='bbox 827 4051 1010 4132; x_wconf 85' lang='lat' dir='ltr'>permittere</span> <span class='ocrx_word' id='word_1_205' title='bbox 1020 4049 1172 4127; x_wconf 83' lang='lat' dir='ltr'>religiosis</span> <span class='ocrx_word' id='word_1_206' title='bbox 1186 4055 1221 4110; x_wconf 92' lang='lat' dir='ltr'>nt</span> <span class='ocrx_word' id='word_1_207' title='bbox 1235 4063 1304 4129; x_wconf 92' lang='grc'><strong>666·</strong></span> 
     </span>
     <span class='ocr_line' id='line_1_38' title="bbox 558 4145 1304 4226; baseline -0.004 -17"><span class='ocrx_word' id='word_1_208' title='bbox 558 4149 680 4210; x_wconf 90' lang='grc'><strong>666661</strong></span> <span class='ocrx_word' id='word_1_209' title='bbox 712 4147 830 4226; x_wconf 90' lang='lat' dir='ltr'>possint</span> <span class='ocrx_word' id='word_1_210' title='bbox 857 4147 893 4208; x_wconf 90' lang='lat' dir='ltr'>ad</span> <span class='ocrx_word' id='word_1_211' title='bbox 923 4145 1127 4208; x_wconf 90' lang='lat' dir='ltr'>sacerdotium</span> <span class='ocrx_word' id='word_1_212' title='bbox 1158 4160 1230 4207; x_wconf 93' lang='lat' dir='ltr'>cum</span> <span class='ocrx_word' id='word_1_213' title='bbox 1258 4160 1304 4206; x_wconf 91' lang='grc'>66-</span> 
     </span>
     <span class='ocr_line' id='line_1_39' title="bbox 560 4237 1301 4321; baseline -0.008 -17"><span class='ocrx_word' id='word_1_214' title='bbox 560 4241 727 4321; x_wconf 88' lang='lat' dir='ltr'>quentibus</span> <span class='ocrx_word' id='word_1_215' title='bbox 749 4247 853 4304; x_wconf 90' lang='lat' dir='ltr'>tamen</span> <span class='ocrx_word' id='word_1_216' title='bbox 878 4237 1116 4313; x_wconf 91' lang='lat' dir='ltr'>conditionibus,</span> <span class='ocrx_word' id='word_1_217' title='bbox 1139 4237 1301 4300; x_wconf 91' lang='lat' dir='ltr'>videlicet:</span> 
     </span>
     <span class='ocr_line' id='line_1_40' title="bbox 561 4331 1304 4410; baseline -0.005 -14"><span class='ocrx_word' id='word_1_218' title='bbox 561 4336 598 4396; x_wconf 89' lang='grc'>11</span> <span class='ocrx_word' id='word_1_219' title='bbox 621 4333 792 4397; x_wconf 89' lang='grc'><strong>1666616</strong></span> <span class='ocrx_word' id='word_1_220' title='bbox 807 4332 914 4396; x_wconf 89' lang='grc'><strong>661166</strong></span> <span class='ocrx_word' id='word_1_221' title='bbox 928 4337 1148 4410; x_wconf 87' lang='lat' dir='ltr'>promoveatur</span> <span class='ocrx_word' id='word_1_222' title='bbox 1162 4331 1221 4392; x_wconf 91' lang='lat' dir='ltr'>nisi</span> <span class='ocrx_word' id='word_1_223' title='bbox 1237 4339 1304 4409; x_wconf 89' lang='lat' dir='ltr'>post</span> 
     </span>
     <span class='ocr_line' id='line_1_41' title="bbox 558 4423 1304 4507; baseline -0.008 -17"><span class='ocrx_word' id='word_1_224' title='bbox 558 4428 698 4507; x_wconf 89' lang='lat' dir='ltr'>elapsum</span> <span class='ocrx_word' id='word_1_225' title='bbox 716 4427 903 4489; x_wconf 89' lang='lat' dir='ltr'>decennium</span> <span class='ocrx_word' id='word_1_226' title='bbox 924 4442 940 4485; x_wconf 91' lang='lat' dir='ltr'>a</span> <span class='ocrx_word' id='word_1_227' title='bbox 961 4425 1011 4486; x_wconf 92' lang='lat' dir='ltr'>die</span> <span class='ocrx_word' id='word_1_228' title='bbox 1025 4424 1182 4500; x_wconf 89' lang='lat' dir='ltr'>ingressus</span> <span class='ocrx_word' id='word_1_229' title='bbox 1204 4423 1236 4484; x_wconf 91' lang='lat' dir='ltr'>in</span> <span class='ocrx_word' id='word_1_230' title='bbox 1257 4439 1304 4484; x_wconf 89' lang='grc'>66-</span> 
     </span>
     <span class='ocr_line' id='line_1_42' title="bbox 558 4515 1305 4598; baseline -0.009 -15"><span class='ocrx_word' id='word_1_231' title='bbox 558 4522 726 4598; x_wconf 83' lang='lat' dir='ltr'>ligionem3</span> <span class='ocrx_word' id='word_1_232' title='bbox 748 4519 787 4582; x_wconf 77' lang='lat'>2·-</span> <span class='ocrx_word' id='word_1_233' title='bbox 810 4520 904 4596; x_wconf 89' lang='lat' dir='ltr'>qued,</span> <span class='ocrx_word' id='word_1_234' title='bbox 920 4515 955 4578; x_wconf 90' lang='lat' dir='ltr'>ad</span> <span class='ocrx_word' id='word_1_235' title='bbox 977 4516 1121 4580; x_wconf 84' lang='lat' dir='ltr'>ellectum</span> <span class='ocrx_word' id='word_1_236' title='bbox 1136 4531 1169 4578; x_wconf 91' lang='lat' dir='ltr'>se</span> <span class='ocrx_word' id='word_1_237' title='bbox 1183 4531 1305 4594; x_wconf 90' lang='lat' dir='ltr'>promo-</span> 
     </span>
     <span class='ocr_line' id='line_1_43' title="bbox 559 4608 1305 4685; baseline -0.004 -12"><span class='ocrx_word' id='word_1_238' title='bbox 559 4613 653 4676; x_wconf 90' lang='lat' dir='ltr'>vendi</span> <span class='ocrx_word' id='word_1_239' title='bbox 674 4614 711 4676; x_wconf 92' lang='lat' dir='ltr'>ad</span> <span class='ocrx_word' id='word_1_240' title='bbox 731 4611 954 4685; x_wconf 88' lang='lat' dir='ltr'>sacerdotium,</span> <span class='ocrx_word' id='word_1_241' title='bbox 986 4609 1093 4672; x_wconf 91' lang='lat' dir='ltr'>nullus</span> <span class='ocrx_word' id='word_1_242' title='bbox 1118 4608 1233 4672; x_wconf 86' lang='lat' dir='ltr'>directe</span> <span class='ocrx_word' id='word_1_243' title='bbox 1254 4608 1305 4670; x_wconf 89' lang='lat' dir='ltr'>vel</span> 
     </span>
    </p>
   </div>
   <div class='ocr_carea' id='block_1_5' title="bbox 344 4055 541 4110">
    <p class='ocr_par' dir='ltr' id='par_1_37' title="bbox 344 4055 541 4110">
     <span class='ocr_line' id='line_1_44' title="bbox 344 4055 541 4110; baseline 0 -12"><span class='ocrx_word' id='word_1_244' title='bbox 344 4055 382 4108; x_wconf 78' lang='lat' dir='ltr'>De</span> <span class='ocrx_word' id='word_1_245' title='bbox 392 4061 541 4110; x_wconf 85' lang='lat' dir='ltr'>promoven·</span> 
     </span>
    </p>
   </div>
   <div class='ocr_carea' id='block_1_6' title="bbox 558 4703 1306 5998">
    <p class='ocr_par' dir='ltr' id='par_1_38' title="bbox 558 4703 1306 5998">
     <span class='ocr_line' id='line_1_45' title="bbox 559 4703 1304 4784; baseline -0.011 -14"><span class='ocrx_word' id='word_1_246' title='bbox 559 4707 709 4770; x_wconf 89' lang='lat' dir='ltr'>indirecte</span> <span class='ocrx_word' id='word_1_247' title='bbox 723 4707 769 4768; x_wconf 92' lang='lat' dir='ltr'>uti</span> <span class='ocrx_word' id='word_1_248' title='bbox 784 4705 879 4784; x_wconf 84' lang='lat' dir='ltr'>possit</span> <span class='ocrx_word' id='word_1_249' title='bbox 894 4703 1080 4767; x_wconf 89' lang='lat' dir='ltr'>mediatione</span> <span class='ocrx_word' id='word_1_250' title='bbox 1095 4703 1222 4764; x_wconf 89' lang='lat' dir='ltr'>alterius</span> <span class='ocrx_word' id='word_1_251' title='bbox 1237 4718 1304 4781; x_wconf 91' lang='lat' dir='ltr'>per-</span> 
     </span>
     <span class='ocr_line' id='line_1_46' title="bbox 558 4797 1306 4879; baseline -0.009 -16"><span class='ocrx_word' id='word_1_252' title='bbox 558 4817 651 4863; x_wconf 89' lang='lat' dir='ltr'>sonae</span> <span class='ocrx_word' id='word_1_253' title='bbox 665 4816 720 4879; x_wconf 91' lang='grc'>666</span> <span class='ocrx_word' id='word_1_254' title='bbox 742 4797 907 4861; x_wconf 83' lang='lat' dir='ltr'>obtinenda</span> <span class='ocrx_word' id='word_1_255' title='bbox 930 4797 1090 4860; x_wconf 80' lang='lat' dir='ltr'>licentiae</span> <span class='ocrx_word' id='word_1_256' title='bbox 1112 4803 1197 4875; x_wconf 91' lang='lat' dir='ltr'>patre</span> <span class='ocrx_word' id='word_1_257' title='bbox 1211 4811 1306 4872; x_wconf 84' lang='lat' dir='ltr'>gene-</span> 
     </span>
     <span class='ocr_line' id='line_1_47' title="bbox 558 4889 1305 4968; baseline -0.011 -11"><span class='ocrx_word' id='word_1_258' title='bbox 558 4895 616 4957; x_wconf 91' lang='lat' dir='ltr'>rali</span> <span class='ocrx_word' id='word_1_259' title='bbox 627 4901 658 4956; x_wconf 91' lang='lat' dir='ltr'>et</span> <span class='ocrx_word' id='word_1_260' title='bbox 668 4893 881 4956; x_wconf 90' lang='lat' dir='ltr'>assistentibus</span> <span class='ocrx_word' id='word_1_261' title='bbox 893 4890 1098 4968; x_wconf 84' lang='lat' dir='ltr'>generalibus,</span> <span class='ocrx_word' id='word_1_262' title='bbox 1111 4891 1164 4952; x_wconf 89' lang='lat' dir='ltr'>sed</span> <span class='ocrx_word' id='word_1_263' title='bbox 1175 4889 1305 4968; x_wconf 91' lang='lat' dir='ltr'>proponi</span> 
     </span>
     <span class='ocr_line' id='line_1_48' title="bbox 559 4980 1305 5067; baseline -0.009 -18"><span class='ocrx_word' id='word_1_264' title='bbox 559 4987 693 5067; x_wconf 90' lang='lat' dir='ltr'>praelato</span> <span class='ocrx_word' id='word_1_265' title='bbox 725 4983 862 5062; x_wconf 89' lang='lat' dir='ltr'>generali</span> <span class='ocrx_word' id='word_1_266' title='bbox 890 4983 997 5046; x_wconf 90' lang='lat' dir='ltr'>debeat</span> <span class='ocrx_word' id='word_1_267' title='bbox 1022 5000 1038 5044; x_wconf 91' lang='lat' dir='ltr'>a</span> <span class='ocrx_word' id='word_1_268' title='bbox 1064 4980 1305 5062; x_wconf 89' lang='lat' dir='ltr'>vice-praelecto</span> 
     </span>
     <span class='ocr_line' id='line_1_49' title="bbox 560 5075 1304 5158; baseline -0.009 -15"><span class='ocrx_word' id='word_1_269' title='bbox 560 5080 696 5158; x_wconf 89' lang='lat' dir='ltr'>generali</span> <span class='ocrx_word' id='word_1_270' title='bbox 723 5086 754 5141; x_wconf 90' lang='lat' dir='ltr'>et</span> <span class='ocrx_word' id='word_1_271' title='bbox 782 5077 1008 5152; x_wconf 89' lang='lat' dir='ltr'>assistentibus,</span> <span class='ocrx_word' id='word_1_272' title='bbox 1031 5077 1057 5138; x_wconf 90' lang='lat' dir='ltr'>si</span> <span class='ocrx_word' id='word_1_273' title='bbox 1078 5077 1117 5138; x_wconf 90' lang='lat' dir='ltr'>sit</span> <span class='ocrx_word' id='word_1_274' title='bbox 1144 5075 1181 5137; x_wconf 93' lang='lat' dir='ltr'>de</span> <span class='ocrx_word' id='word_1_275' title='bbox 1207 5091 1304 5152; x_wconf 89' lang='lat' dir='ltr'>regno</span> 
     </span>
     <span class='ocr_line' id='line_1_50' title="bbox 559 5168 1303 5250; baseline -0.011 -13"><span class='ocrx_word' id='word_1_276' title='bbox 559 5175 612 5237; x_wconf 90' lang='lat' dir='ltr'>ubi</span> <span class='ocrx_word' id='word_1_277' title='bbox 634 5171 747 5236; x_wconf 89' lang='lat' dir='ltr'>residet</span> <span class='ocrx_word' id='word_1_278' title='bbox 768 5171 850 5234; x_wconf 90' lang='lat' dir='ltr'>idern</span> <span class='ocrx_word' id='word_1_279' title='bbox 871 5169 1124 5250; x_wconf 89' lang='lat' dir='ltr'>vice-praelectus</span> <span class='ocrx_word' id='word_1_280' title='bbox 1139 5168 1303 5247; x_wconf 91' lang='lat' dir='ltr'>generalis,</span> 
     </span>
     <span class='ocr_line' id='line_1_51' title="bbox 559 5263 1305 5343; baseline -0.009 -13"><span class='ocrx_word' id='word_1_281' title='bbox 559 5268 584 5330; x_wconf 92' lang='lat' dir='ltr'>si</span> <span class='ocrx_word' id='word_1_282' title='bbox 605 5284 680 5330; x_wconf 92' lang='lat' dir='ltr'>vero</span> <span class='ocrx_word' id='word_1_283' title='bbox 701 5266 740 5334; x_wconf 89' lang='lat' dir='ltr'>sit</span> <span class='ocrx_word' id='word_1_284' title='bbox 754 5267 792 5329; x_wconf 91' lang='lat' dir='ltr'>de</span> <span class='ocrx_word' id='word_1_285' title='bbox 806 5280 903 5342; x_wconf 88' lang='lat' dir='ltr'>regno</span> <span class='ocrx_word' id='word_1_286' title='bbox 925 5265 977 5327; x_wconf 93' lang='lat' dir='ltr'>ubi</span> <span class='ocrx_word' id='word_1_287' title='bbox 999 5264 1112 5327; x_wconf 88' lang='lat' dir='ltr'>residet</span> <span class='ocrx_word' id='word_1_288' title='bbox 1132 5263 1305 5343; x_wconf 83' lang='lat' dir='ltr'>praelectus</span> 
     </span>
     <span class='ocr_line' id='line_1_52' title="bbox 560 5358 1304 5440; baseline -0.011 -16"><span class='ocrx_word' id='word_1_289' title='bbox 560 5360 722 5440; x_wconf 90' lang='lat' dir='ltr'>generalis,</span> <span class='ocrx_word' id='word_1_290' title='bbox 746 5360 803 5438; x_wconf 91' lang='lat' dir='ltr'>ipsi</span> <span class='ocrx_word' id='word_1_291' title='bbox 824 5365 1013 5437; x_wconf 89' lang='lat' dir='ltr'>proponatur</span> <span class='ocrx_word' id='word_1_292' title='bbox 1034 5375 1050 5418; x_wconf 86' lang='lat' dir='ltr'>a</span> <span class='ocrx_word' id='word_1_293' title='bbox 1071 5358 1230 5436; x_wconf 87' lang='lat' dir='ltr'>superiore</span> <span class='ocrx_word' id='word_1_294' title='bbox 1244 5364 1304 5418; x_wconf 90' lang='lat' dir='ltr'>eta</span> 
     </span>
     <span class='ocr_line' id='line_1_53' title="bbox 560 5451 1305 5534; baseline -0.011 -16"><span class='ocrx_word' id='word_1_295' title='bbox 560 5454 694 5534; x_wconf 88' lang='grc'><strong>66611616</strong></span> <span class='ocrx_word' id='word_1_296' title='bbox 714 5452 913 5516; x_wconf 85' lang='lat' dir='ltr'>conventuali</span> <span class='ocrx_word' id='word_1_297' title='bbox 928 5453 1037 5514; x_wconf 89' lang='lat' dir='ltr'>dumus</span> <span class='ocrx_word' id='word_1_298' title='bbox 1052 5451 1183 5530; x_wconf 87' lang='lat' dir='ltr'>quaesit</span> <span class='ocrx_word' id='word_1_299' title='bbox 1204 5451 1242 5512; x_wconf 92' lang='lat' dir='ltr'>de</span> <span class='ocrx_word' id='word_1_300' title='bbox 1262 5467 1305 5510; x_wconf 90' lang='lat' dir='ltr'>sa—</span> 
     </span>
     <span class='ocr_line' id='line_1_54' title="bbox 560 5541 1306 5625; baseline -0.011 -15"><span class='ocrx_word' id='word_1_301' title='bbox 560 5549 684 5610; x_wconf 87' lang='lat' dir='ltr'>cerdote</span> <span class='ocrx_word' id='word_1_302' title='bbox 714 5546 918 5625; x_wconf 91' lang='lat' dir='ltr'>providenda,</span> <span class='ocrx_word' id='word_1_303' title='bbox 951 5545 1144 5622; x_wconf 87' lang='lat' dir='ltr'>debeantque</span> <span class='ocrx_word' id='word_1_304' title='bbox 1179 5541 1306 5622; x_wconf 89' lang='lat' dir='ltr'>praelati</span> 
     </span>
     <span class='ocr_line' id='line_1_55' title="bbox 560 5636 1305 5719; baseline -0.005 -19"><span class='ocrx_word' id='word_1_305' title='bbox 560 5638 821 5719; x_wconf 88' lang='lat' dir='ltr'>vice-praelectus</span> <span class='ocrx_word' id='word_1_306' title='bbox 842 5645 873 5700; x_wconf 92' lang='lat' dir='ltr'>et</span> <span class='ocrx_word' id='word_1_307' title='bbox 894 5638 1089 5712; x_wconf 87' lang='lat' dir='ltr'>assistentes,</span> <span class='ocrx_word' id='word_1_308' title='bbox 1112 5636 1252 5717; x_wconf 89' lang='lat' dir='ltr'>superior</span> <span class='ocrx_word' id='word_1_309' title='bbox 1275 5643 1305 5697; x_wconf 94' lang='grc'>61</span> 
     </span>
     <span class='ocr_line' id='line_1_56' title="bbox 560 5729 1306 5812; baseline -0.007 -17"><span class='ocrx_word' id='word_1_310' title='bbox 560 5733 731 5812; x_wconf 90' lang='lat' dir='ltr'>capitulum</span> <span class='ocrx_word' id='word_1_311' title='bbox 741 5733 820 5810; x_wconf 90' lang='grc'><strong>66161</strong></span> <span class='ocrx_word' id='word_1_312' title='bbox 836 5731 974 5809; x_wconf 90' lang='lat' dir='ltr'>generali</span> <span class='ocrx_word' id='word_1_313' title='bbox 988 5730 1118 5808; x_wconf 89' lang='lat' dir='ltr'>eiusque</span> <span class='ocrx_word' id='word_1_314' title='bbox 1131 5729 1306 5791; x_wconf 90' lang='lat' dir='ltr'>delinitorio</span> 
     </span>
     <span class='ocr_line' id='line_1_57' title="bbox 561 5822 1305 5904; baseline -0.007 -16"><span class='ocrx_word' id='word_1_315' title='bbox 561 5826 626 5888; x_wconf 93' lang='lat' dir='ltr'>illas</span> <span class='ocrx_word' id='word_1_316' title='bbox 647 5841 791 5904; x_wconf 87' lang='lat' dir='ltr'>personas</span> <span class='ocrx_word' id='word_1_317' title='bbox 817 5825 1004 5902; x_wconf 82' lang='lat' dir='ltr'>significare,</span> <span class='ocrx_word' id='word_1_318' title='bbox 1026 5840 1101 5902; x_wconf 91' lang='lat' dir='ltr'>quas</span> <span class='ocrx_word' id='word_1_319' title='bbox 1128 5822 1305 5886; x_wconf 87' lang='lat' dir='ltr'>huiusmodi</span> 
     </span>
     <span class='ocr_line' id='line_1_58' title="bbox 562 5915 1306 5998; baseline -0.009 -15"><span class='ocrx_word' id='word_1_320' title='bbox 562 5920 726 5998; x_wconf 88' lang='lat' dir='ltr'>dignitates</span> <span class='ocrx_word' id='word_1_321' title='bbox 736 5917 907 5998; x_wconf 90' lang='lat' dir='ltr'>promereri</span> <span class='ocrx_word' id='word_1_322' title='bbox 919 5933 1005 5997; x_wconf 90' lang='grc'><strong>66666</strong></span> <span class='ocrx_word' id='word_1_323' title='bbox 1016 5915 1213 5993; x_wconf 65' lang='grc'><strong>6661116666</strong></span> <span class='ocrx_word' id='word_1_324' title='bbox 1230 5915 1306 5977; x_wconf 88' lang='grc'><strong>3161</strong></span> 
     </span>
    </p>
   </div>
   <div class='ocr_carea' id='block_1_7' title="bbox 1076 551 1573 600">
    <p class='ocr_par' dir='ltr' id='par_1_39' title="bbox 1076 551 1573 600">
     <span class='ocr_line' id='line_1_59' title="bbox 1076 551 1573 600; baseline -0.004 -2"><span class='ocrx_word' id='word_1_325' title='bbox 1076 553 1140 600; x_wconf 84' lang='lat' dir='ltr'>lou.</span> <span class='ocrx_word' id='word_1_326' title='bbox 1164 554 1255 600; x_wconf 71' lang='lat' dir='ltr'>Portu.</span> <span class='ocrx_word' id='word_1_327' title='bbox 1280 553 1320 598; x_wconf 84' lang='lat' dir='ltr'>ut:</span> <span class='ocrx_word' id='word_1_328' title='bbox 1341 553 1369 598; x_wconf 78' lang='lat' dir='ltr'>t&gt;-</span> <span class='ocrx_word' id='word_1_329' title='bbox 1393 553 1422 598; x_wconf 74' lang='lat' dir='ltr'>F·</span> <span class='ocrx_word' id='word_1_330' title='bbox 1448 553 1530 598; x_wconf 78' lang='lat' dir='ltr'>PARS</span> <span class='ocrx_word' id='word_1_331' title='bbox 1552 551 1573 597; x_wconf 91' lang='lat'>1.</span> 
     </span>
    </p>
   </div>
   <div class='ocr_carea' id='block_1_8' title="bbox 2131 531 2317 588">
    <p class='ocr_par' dir='ltr' id='par_1_40' title="bbox 2131 531 2317 588">
     <span class='ocr_line' id='line_1_60' title="bbox 2131 531 2317 588; baseline 0.011 -3"><span class='ocrx_word' id='word_1_332' title='bbox 2131 531 2186 585; x_wconf 76' lang='lat' dir='ltr'>An.</span> <span class='ocrx_word' id='word_1_333' title='bbox 2201 533 2234 588; x_wconf 78' lang='lat'>0.</span> <span class='ocrx_word' id='word_1_334' title='bbox 2256 533 2317 587; x_wconf 81' lang='lat' dir='ltr'>itas</span> 
     </span>
    </p>
   </div>
   <div class='ocr_carea' id='block_1_9' title="bbox 1357 668 2106 3840">
    <p class='ocr_par' dir='ltr' id='par_1_41' title="bbox 1357 668 2106 3840">
     <span class='ocr_line' id='line_1_61' title="bbox 1358 668 2102 750; baseline 0 -18"><span class='ocrx_word' id='word_1_335' title='bbox 1358 668 1446 732; x_wconf 91' lang='lat' dir='ltr'>aliter</span> <span class='ocrx_word' id='word_1_336' title='bbox 1467 669 1618 750; x_wconf 89' lang='lat' dir='ltr'>quispiam</span> <span class='ocrx_word' id='word_1_337' title='bbox 1638 670 1675 733; x_wconf 89' lang='grc'>61</span> <span class='ocrx_word' id='word_1_338' title='bbox 1696 671 1901 736; x_wconf 88' lang='grc'><strong>66666161166</strong></span> <span class='ocrx_word' id='word_1_339' title='bbox 1921 670 2017 741; x_wconf 87' lang='lat' dir='ltr'>inerit</span> <span class='ocrx_word' id='word_1_340' title='bbox 2031 686 2102 747; x_wconf 92' lang='lat' dir='ltr'>pro-</span> 
     </span>
     <span class='ocr_line' id='line_1_62' title="bbox 1358 765 2102 844; baseline 0.004 -18"><span class='ocrx_word' id='word_1_341' title='bbox 1358 765 1552 844; x_wconf 69' lang='lat' dir='ltr'>motusipse</span> <span class='ocrx_word' id='word_1_342' title='bbox 1566 767 1654 844; x_wconf 74' lang='grc'><strong>[6616</strong></span> <span class='ocrx_word' id='word_1_343' title='bbox 1666 765 1804 830; x_wconf 89' lang='grc'><strong>16666661</strong></span> <span class='ocrx_word' id='word_1_344' title='bbox 1819 765 1851 828; x_wconf 97' lang='grc'>16</span> <span class='ocrx_word' id='word_1_345' title='bbox 1865 765 2102 844; x_wconf 85' lang='lat' dir='ltr'>suspensionem</span> 
     </span>
     <span class='ocr_line' id='line_1_63' title="bbox 1357 858 2102 937; baseline 0 -17"><span class='ocrx_word' id='word_1_346' title='bbox 1357 875 1373 920; x_wconf 89' lang='grc'>6</span> <span class='ocrx_word' id='word_1_347' title='bbox 1388 858 1515 934; x_wconf 91' lang='lat' dir='ltr'>divinis,</span> <span class='ocrx_word' id='word_1_348' title='bbox 1530 875 1546 919; x_wconf 91' lang='lat' dir='ltr'>a</span> <span class='ocrx_word' id='word_1_349' title='bbox 1561 876 1620 937; x_wconf 91' lang='lat' dir='ltr'>qua</span> <span class='ocrx_word' id='word_1_350' title='bbox 1631 859 1756 922; x_wconf 91' lang='lat' dir='ltr'>nonnisi</span> <span class='ocrx_word' id='word_1_351' title='bbox 1772 874 1825 937; x_wconf 89' lang='lat' dir='ltr'>per</span> <span class='ocrx_word' id='word_1_352' title='bbox 1840 859 2008 924; x_wconf 90' lang='lat' dir='ltr'>Summum</span> <span class='ocrx_word' id='word_1_353' title='bbox 2023 858 2102 920; x_wconf 89' lang='lat' dir='ltr'>Pon-</span> 
     </span>
     <span class='ocr_line' id='line_1_64' title="bbox 1358 951 2103 1032; baseline 0 -16"><span class='ocrx_word' id='word_1_354' title='bbox 1358 951 1473 1016; x_wconf 84' lang='grc'><strong>1116666</strong></span> <span class='ocrx_word' id='word_1_355' title='bbox 1500 951 1616 1014; x_wconf 90' lang='lat' dir='ltr'>absolvi</span> <span class='ocrx_word' id='word_1_356' title='bbox 1639 953 1748 1032; x_wconf 82' lang='grc'><strong>666611;</strong></span> <span class='ocrx_word' id='word_1_357' title='bbox 1770 953 1809 1014; x_wconf 81' lang='grc'>11</span> <span class='ocrx_word' id='word_1_358' title='bbox 1832 953 1868 1015; x_wconf 89' lang='grc'>61</span> <span class='ocrx_word' id='word_1_359' title='bbox 1896 952 2103 1019; x_wconf 88' lang='lat' dir='ltr'>sacerdotium</span> 
     </span>
     <span class='ocr_line' id='line_1_65' title="bbox 1358 1044 2105 1126; baseline 0.003 -20"><span class='ocrx_word' id='word_1_360' title='bbox 1358 1044 1491 1123; x_wconf 87' lang='lat' dir='ltr'>premoti</span> <span class='ocrx_word' id='word_1_361' title='bbox 1504 1053 1669 1112; x_wconf 87' lang='lat' dir='ltr'>teneantur</span> <span class='ocrx_word' id='word_1_362' title='bbox 1683 1046 1840 1110; x_wconf 88' lang='lat' dir='ltr'>celebrare</span> <span class='ocrx_word' id='word_1_363' title='bbox 1854 1053 1885 1110; x_wconf 91' lang='lat' dir='ltr'>et</span> <span class='ocrx_word' id='word_1_364' title='bbox 1895 1047 2044 1126; x_wconf 85' lang='lat' dir='ltr'>applicare</span> <span class='ocrx_word' id='word_1_365' title='bbox 2058 1063 2105 1108; x_wconf 92' lang='lat' dir='ltr'>sa-</span> 
     </span>
     <span class='ocr_line' id='line_1_66' title="bbox 1357 1137 2105 1220; baseline 0.003 -20"><span class='ocrx_word' id='word_1_366' title='bbox 1357 1137 1510 1202; x_wconf 87' lang='lat' dir='ltr'>crificinm</span> <span class='ocrx_word' id='word_1_367' title='bbox 1524 1139 1611 1202; x_wconf 84' lang='lat' dir='ltr'>iuxta</span> <span class='ocrx_word' id='word_1_368' title='bbox 1624 1139 1833 1204; x_wconf 88' lang='lat' dir='ltr'>intentionem</span> <span class='ocrx_word' id='word_1_369' title='bbox 1844 1140 1990 1220; x_wconf 84' lang='lat' dir='ltr'>praetecti</span> <span class='ocrx_word' id='word_1_370' title='bbox 2001 1139 2105 1206; x_wconf 90' lang='lat' dir='ltr'>localis</span> 
     </span>
     <span class='ocr_line' id='line_1_67' title="bbox 1357 1232 2104 1310; baseline 0.015 -18"><span class='ocrx_word' id='word_1_371' title='bbox 1357 1239 1388 1294; x_wconf 92' lang='grc'>61</span> <span class='ocrx_word' id='word_1_372' title='bbox 1402 1232 1488 1294; x_wconf 78' lang='lat' dir='ltr'>iuxta</span> <span class='ocrx_word' id='word_1_373' title='bbox 1503 1232 1702 1310; x_wconf 87' lang='lat' dir='ltr'>obligationes</span> <span class='ocrx_word' id='word_1_374' title='bbox 1714 1234 1945 1298; x_wconf 88' lang='lat' dir='ltr'>communitatis</span> <span class='ocrx_word' id='word_1_375' title='bbox 1955 1233 2040 1300; x_wconf 89' lang='lat' dir='ltr'>illius</span> <span class='ocrx_word' id='word_1_376' title='bbox 2050 1233 2104 1302; x_wconf 84' lang='lat' dir='ltr'>do-</span> 
     </span>
     <span class='ocr_line' id='line_1_68' title="bbox 1358 1327 2103 1409; baseline 0.013 -23"><span class='ocrx_word' id='word_1_377' title='bbox 1358 1339 1440 1400; x_wconf 91' lang='lat' dir='ltr'>mus,</span> <span class='ocrx_word' id='word_1_378' title='bbox 1463 1333 1494 1388; x_wconf 91' lang='lat' dir='ltr'>et</span> <span class='ocrx_word' id='word_1_379' title='bbox 1514 1328 1595 1405; x_wconf 90' lang='lat' dir='ltr'>quod</span> <span class='ocrx_word' id='word_1_380' title='bbox 1615 1327 1642 1390; x_wconf 93' lang='lat' dir='ltr'>si</span> <span class='ocrx_word' id='word_1_381' title='bbox 1663 1343 1717 1409; x_wconf 91' lang='grc'>666</span> <span class='ocrx_word' id='word_1_382' title='bbox 1739 1327 1947 1392; x_wconf 88' lang='lat' dir='ltr'>celebratione</span> <span class='ocrx_word' id='word_1_383' title='bbox 1967 1327 2103 1407; x_wconf 85' lang='lat' dir='ltr'>aliquam</span> 
     </span>
     <span class='ocr_line' id='line_1_69' title="bbox 1358 1418 2104 1500; baseline 0.013 -20"><span class='ocrx_word' id='word_1_384' title='bbox 1358 1418 1586 1498; x_wconf 81' lang='lat' dir='ltr'>eleemosynam</span> <span class='ocrx_word' id='word_1_385' title='bbox 1613 1421 1804 1500; x_wconf 90' lang='lat' dir='ltr'>receperint,</span> <span class='ocrx_word' id='word_1_386' title='bbox 1832 1429 1997 1486; x_wconf 86' lang='lat' dir='ltr'>teneantur</span> <span class='ocrx_word' id='word_1_387' title='bbox 2017 1421 2104 1490; x_wconf 82' lang='lat' dir='ltr'>illam</span> 
     </span>
     <span class='ocr_line' id='line_1_70' title="bbox 1358 1511 2103 1594; baseline 0.003 -20"><span class='ocrx_word' id='word_1_388' title='bbox 1358 1511 1480 1574; x_wconf 89' lang='lat' dir='ltr'>tradere</span> <span class='ocrx_word' id='word_1_389' title='bbox 1501 1511 1532 1576; x_wconf 91' lang='grc'>16</span> <span class='ocrx_word' id='word_1_390' title='bbox 1555 1513 1700 1576; x_wconf 90' lang='lat' dir='ltr'>manibus</span> <span class='ocrx_word' id='word_1_391' title='bbox 1720 1515 1817 1594; x_wconf 92' lang='lat' dir='ltr'>ipsius</span> <span class='ocrx_word' id='word_1_392' title='bbox 1832 1515 1979 1594; x_wconf 87' lang='lat' dir='ltr'>praelecti</span> <span class='ocrx_word' id='word_1_393' title='bbox 2001 1514 2103 1580; x_wconf 87' lang='lat' dir='ltr'>locatis</span> 
     </span>
     <span class='ocr_line' id='line_1_71' title="bbox 1358 1604 2104 1684; baseline 0.005 -16"><span class='ocrx_word' id='word_1_394' title='bbox 1358 1604 1411 1668; x_wconf 89' lang='lat' dir='ltr'>ubi</span> <span class='ocrx_word' id='word_1_395' title='bbox 1431 1605 1541 1668; x_wconf 85' lang='lat' dir='ltr'>missae</span> <span class='ocrx_word' id='word_1_396' title='bbox 1561 1606 1767 1684; x_wconf 88' lang='lat' dir='ltr'>celebrantur,</span> <span class='ocrx_word' id='word_1_397' title='bbox 1790 1609 1840 1674; x_wconf 90' lang='lat' dir='ltr'>vel</span> <span class='ocrx_word' id='word_1_398' title='bbox 1860 1611 1948 1674; x_wconf 91' lang='lat' dir='ltr'>cuius</span> <span class='ocrx_word' id='word_1_399' title='bbox 1962 1609 2104 1678; x_wconf 89' lang='lat' dir='ltr'>subditus</span> 
     </span>
     <span class='ocr_line' id='line_1_72' title="bbox 1359 1697 2103 1779; baseline 0.009 -20"><span class='ocrx_word' id='word_1_400' title='bbox 1359 1697 1451 1762; x_wconf 88' lang='lat' dir='ltr'>luerit</span> <span class='ocrx_word' id='word_1_401' title='bbox 1472 1699 1524 1765; x_wconf 92' lang='lat' dir='ltr'>ille</span> <span class='ocrx_word' id='word_1_402' title='bbox 1544 1702 1599 1779; x_wconf 91' lang='lat' dir='ltr'>qni</span> <span class='ocrx_word' id='word_1_403' title='bbox 1619 1709 1707 1766; x_wconf 84' lang='grc'><strong>66166</strong></span> <span class='ocrx_word' id='word_1_404' title='bbox 1727 1709 1920 1768; x_wconf 89' lang='lat' dir='ltr'>conventum</span> <span class='ocrx_word' id='word_1_405' title='bbox 1931 1703 2103 1766; x_wconf 80' lang='lat' dir='ltr'>celebrare</span> 
     </span>
     <span class='ocr_line' id='line_1_73' title="bbox 1358 1791 2101 1876; baseline 0.008 -24"><span class='ocrx_word' id='word_1_406' title='bbox 1358 1791 1410 1866; x_wconf 86' lang='grc'><strong>611,</strong></span> <span class='ocrx_word' id='word_1_407' title='bbox 1422 1792 1479 1854; x_wconf 90' lang='lat' dir='ltr'>sub</span> <span class='ocrx_word' id='word_1_408' title='bbox 1493 1795 1600 1872; x_wconf 91' lang='grc'><strong>666616</strong></span> <span class='ocrx_word' id='word_1_409' title='bbox 1612 1803 1717 1860; x_wconf 90' lang='grc'><strong>666166</strong></span> <span class='ocrx_word' id='word_1_410' title='bbox 1732 1797 1950 1876; x_wconf 87' lang='lat' dir='ltr'>proprietarios</span> <span class='ocrx_word' id='word_1_411' title='bbox 1965 1797 2101 1874; x_wconf 71' lang='grc'><strong>16116116</strong></span> 
     </span>
     <span class='ocr_line' id='line_1_74' title="bbox 1358 1883 2103 1964; baseline 0.011 -20"><span class='ocrx_word' id='word_1_412' title='bbox 1358 1883 1613 1964; x_wconf 82' lang='grc'><strong>511666611161</strong></span> <span class='ocrx_word' id='word_1_413' title='bbox 1639 1897 1796 1952; x_wconf 88' lang='lat' dir='ltr'>conventu</span> <span class='ocrx_word' id='word_1_414' title='bbox 1821 1905 1884 1951; x_wconf 92' lang='lat' dir='ltr'>non</span> <span class='ocrx_word' id='word_1_415' title='bbox 1915 1890 2017 1954; x_wconf 89' lang='lat' dir='ltr'>adsint</span> <span class='ocrx_word' id='word_1_416' title='bbox 2043 1889 2103 1964; x_wconf 84' lang='grc'><strong>6161</strong></span> 
     </span>
     <span class='ocr_line' id='line_1_75' title="bbox 1358 1976 2103 2062; baseline 0.009 -21"><span class='ocrx_word' id='word_1_417' title='bbox 1358 1976 1419 2041; x_wconf 88' lang='grc'>166</span> <span class='ocrx_word' id='word_1_418' title='bbox 1439 1978 1621 2056; x_wconf 90' lang='lat' dir='ltr'>sacerdotes,</span> <span class='ocrx_word' id='word_1_419' title='bbox 1644 1982 1729 2044; x_wconf 90' lang='grc'><strong>6116</strong></span> <span class='ocrx_word' id='word_1_420' title='bbox 1758 1983 1909 2059; x_wconf 88' lang='lat' dir='ltr'>domibus,</span> <span class='ocrx_word' id='word_1_421' title='bbox 1931 1999 2010 2062; x_wconf 91' lang='lat' dir='ltr'>quae</span> <span class='ocrx_word' id='word_1_422' title='bbox 2029 1991 2103 2048; x_wconf 91' lang='lat' dir='ltr'>sunt</span> 
     </span>
     <span class='ocr_line' id='line_1_76' title="bbox 1358 2071 2101 2156; baseline 0.008 -24"><span class='ocrx_word' id='word_1_423' title='bbox 1358 2071 1513 2147; x_wconf 88' lang='lat' dir='ltr'>matrices,</span> <span class='ocrx_word' id='word_1_424' title='bbox 1537 2080 1615 2148; x_wconf 85' lang='lat' dir='ltr'>tres,</span> <span class='ocrx_word' id='word_1_425' title='bbox 1637 2076 1673 2140; x_wconf 93' lang='lat' dir='ltr'>ad</span> <span class='ocrx_word' id='word_1_426' title='bbox 1701 2077 1845 2140; x_wconf 86' lang='lat' dir='ltr'>ellectum</span> <span class='ocrx_word' id='word_1_427' title='bbox 1876 2077 2040 2156; x_wconf 90' lang='lat' dir='ltr'>supplendi</span> <span class='ocrx_word' id='word_1_428' title='bbox 2067 2076 2101 2138; x_wconf 92' lang='grc'>16</span> 
     </span>
     <span class='ocr_line' id='line_1_77' title="bbox 1358 2167 2103 2247; baseline 0.008 -19"><span class='ocrx_word' id='word_1_429' title='bbox 1358 2181 1461 2228; x_wconf 89' lang='lat' dir='ltr'>casum</span> <span class='ocrx_word' id='word_1_430' title='bbox 1482 2167 1583 2232; x_wconf 84' lang='lat' dir='ltr'>obitus</span> <span class='ocrx_word' id='word_1_431' title='bbox 1605 2168 1636 2229; x_wconf 92' lang='lat' dir='ltr'>in</span> <span class='ocrx_word' id='word_1_432' title='bbox 1652 2169 1719 2232; x_wconf 91' lang='lat' dir='ltr'>aliis</span> <span class='ocrx_word' id='word_1_433' title='bbox 1739 2169 2103 2247; x_wconf 81' lang='grc'><strong>66666611166;11·.6666</strong></span> 
     </span>
     <span class='ocr_line' id='line_1_78' title="bbox 1359 2261 2103 2343; baseline 0.008 -24"><span class='ocrx_word' id='word_1_434' title='bbox 1359 2275 1434 2322; x_wconf 92' lang='lat' dir='ltr'>vero</span> <span class='ocrx_word' id='word_1_435' title='bbox 1454 2261 1706 2339; x_wconf 84' lang='grc'><strong>6661611666111</strong></span> <span class='ocrx_word' id='word_1_436' title='bbox 1726 2265 1820 2326; x_wconf 91' lang='lat' dir='ltr'>etiam</span> <span class='ocrx_word' id='word_1_437' title='bbox 1841 2263 1937 2343; x_wconf 89' lang='lat' dir='ltr'>patris</span> <span class='ocrx_word' id='word_1_438' title='bbox 1951 2263 2103 2342; x_wconf 89' lang='lat' dir='ltr'>generalis</span> 
     </span>
     <span class='ocr_line' id='line_1_79' title="bbox 1359 2354 2103 2438; baseline 0.008 -22"><span class='ocrx_word' id='word_1_439' title='bbox 1359 2361 1390 2416; x_wconf 91' lang='lat' dir='ltr'>et</span> <span class='ocrx_word' id='word_1_440' title='bbox 1404 2354 1614 2418; x_wconf 89' lang='lat' dir='ltr'>assistentium</span> <span class='ocrx_word' id='word_1_441' title='bbox 1628 2357 1723 2436; x_wconf 90' lang='lat' dir='ltr'>aliqui</span> <span class='ocrx_word' id='word_1_442' title='bbox 1738 2357 1819 2422; x_wconf 89' lang='grc'><strong>61166</strong></span> <span class='ocrx_word' id='word_1_443' title='bbox 1834 2373 2005 2421; x_wconf 88' lang='grc'><strong>6666666</strong></span> <span class='ocrx_word' id='word_1_444' title='bbox 2018 2372 2103 2438; x_wconf 85' lang='lat' dir='ltr'>prae-</span> 
     </span>
     <span class='ocr_line' id='line_1_80' title="bbox 1359 2448 2105 2531; baseline 0.005 -21"><span class='ocrx_word' id='word_1_445' title='bbox 1359 2448 1457 2510; x_wconf 82' lang='lat' dir='ltr'>fillum</span> <span class='ocrx_word' id='word_1_446' title='bbox 1471 2457 1744 2528; x_wconf 89' lang='lat' dir='ltr'>promoverentur,</span> <span class='ocrx_word' id='word_1_447' title='bbox 1760 2452 1786 2514; x_wconf 92' lang='lat' dir='ltr'>si</span> <span class='ocrx_word' id='word_1_448' title='bbox 1801 2451 1831 2514; x_wconf 95' lang='lat' dir='ltr'>id</span> <span class='ocrx_word' id='word_1_449' title='bbox 1846 2468 1885 2514; x_wconf 83' lang='lat' dir='ltr'>err</span> <span class='ocrx_word' id='word_1_450' title='bbox 1899 2452 2019 2531; x_wconf 82' lang='grc'><strong>6666611</strong></span> <span class='ocrx_word' id='word_1_451' title='bbox 2035 2467 2105 2530; x_wconf 90' lang='lat' dir='ltr'>pro·</span> 
     </span>
     <span class='ocr_line' id='line_1_81' title="bbox 1359 2543 2106 2624; baseline 0.003 -20"><span class='ocrx_word' id='word_1_452' title='bbox 1359 2546 1518 2604; x_wconf 90' lang='lat' dir='ltr'>motorum</span> <span class='ocrx_word' id='word_1_453' title='bbox 1548 2543 1636 2624; x_wconf 83' lang='grc'><strong>66166</strong></span> <span class='ocrx_word' id='word_1_454' title='bbox 1660 2545 1840 2622; x_wconf 87' lang='lat' dir='ltr'>contigerit,</span> <span class='ocrx_word' id='word_1_455' title='bbox 1867 2545 1919 2608; x_wconf 92' lang='lat' dir='ltr'>isti</span> <span class='ocrx_word' id='word_1_456' title='bbox 1948 2544 2106 2608; x_wconf 89' lang='lat' dir='ltr'>celebrare</span> 
     </span>
     <span class='ocr_line' id='line_1_82' title="bbox 1359 2637 2104 2718; baseline 0.003 -22"><span class='ocrx_word' id='word_1_457' title='bbox 1359 2650 1423 2698; x_wconf 92' lang='grc'>666</span> <span class='ocrx_word' id='word_1_458' title='bbox 1445 2637 1573 2714; x_wconf 87' lang='grc'><strong>6666161,</strong></span> <span class='ocrx_word' id='word_1_459' title='bbox 1596 2637 1656 2700; x_wconf 89' lang='grc'><strong>6161</strong></span> <span class='ocrx_word' id='word_1_460' title='bbox 1676 2639 1892 2718; x_wconf 90' lang='lat' dir='ltr'>supervenerit</span> <span class='ocrx_word' id='word_1_461' title='bbox 1913 2638 2029 2702; x_wconf 87' lang='lat' dir='ltr'>vacatio</span> <span class='ocrx_word' id='word_1_462' title='bbox 2050 2637 2104 2700; x_wconf 92' lang='lat' dir='ltr'>ali-</span> 
     </span>
     <span class='ocr_line' id='line_1_83' title="bbox 1359 2727 2102 2810; baseline 0.011 -21"><span class='ocrx_word' id='word_1_463' title='bbox 1359 2727 1446 2790; x_wconf 88' lang='lat' dir='ltr'>cuius</span> <span class='ocrx_word' id='word_1_464' title='bbox 1467 2728 1525 2792; x_wconf 91' lang='lat' dir='ltr'>loci</span> <span class='ocrx_word' id='word_1_465' title='bbox 1551 2745 1607 2809; x_wconf 87' lang='lat' dir='ltr'>per</span> <span class='ocrx_word' id='word_1_466' title='bbox 1628 2731 1748 2794; x_wconf 91' lang='lat' dir='ltr'>obitum</span> <span class='ocrx_word' id='word_1_467' title='bbox 1774 2732 1900 2796; x_wconf 89' lang='lat' dir='ltr'>alterius</span> <span class='ocrx_word' id='word_1_468' title='bbox 1926 2733 2102 2810; x_wconf 89' lang='lat' dir='ltr'>sacerdotis,</span> 
     </span>
     <span class='ocr_line' id='line_1_84' title="bbox 1358 2822 2103 2905; baseline 0.012 -23"><span class='ocrx_word' id='word_1_469' title='bbox 1358 2822 1534 2899; x_wconf 88' lang='lat' dir='ltr'>superiores</span> <span class='ocrx_word' id='word_1_470' title='bbox 1555 2831 1660 2888; x_wconf 91' lang='lat' dir='ltr'>autem</span> <span class='ocrx_word' id='word_1_471' title='bbox 1681 2826 1735 2905; x_wconf 91' lang='lat' dir='ltr'>qui</span> <span class='ocrx_word' id='word_1_472' title='bbox 1759 2825 1917 2890; x_wconf 90' lang='lat' dir='ltr'>licentiam</span> <span class='ocrx_word' id='word_1_473' title='bbox 1938 2827 2103 2904; x_wconf 85' lang='lat' dir='ltr'>dederuut,</span> 
     </span>
     <span class='ocr_line' id='line_1_85' title="bbox 1360 2918 2106 3000; baseline 0.009 -23"><span class='ocrx_word' id='word_1_474' title='bbox 1360 2918 1482 2996; x_wconf 82' lang='lat' dir='ltr'>expleto</span> <span class='ocrx_word' id='word_1_475' title='bbox 1497 2921 1666 2998; x_wconf 91' lang='lat' dir='ltr'>novennio,</span> <span class='ocrx_word' id='word_1_476' title='bbox 1682 2938 1757 2984; x_wconf 92' lang='lat' dir='ltr'>voce</span> <span class='ocrx_word' id='word_1_477' title='bbox 1772 2922 1869 2984; x_wconf 81' lang='grc'><strong>661161</strong></span> <span class='ocrx_word' id='word_1_478' title='bbox 1884 2929 1914 2984; x_wconf 88' lang='grc'>61</span> <span class='ocrx_word' id='word_1_479' title='bbox 1928 2923 2106 3000; x_wconf 79' lang='grc'><strong>666616166-</strong></span> 
     </span>
     <span class='ocr_line' id='line_1_86' title="bbox 1360 3014 2103 3096; baseline 0.003 -21"><span class='ocrx_word' id='word_1_480' title='bbox 1360 3021 1508 3078; x_wconf 87' lang='lat' dir='ltr'>maneant</span> <span class='ocrx_word' id='word_1_481' title='bbox 1528 3014 1655 3094; x_wconf 81' lang='lat' dir='ltr'>privati3</span> <span class='ocrx_word' id='word_1_482' title='bbox 1680 3015 1717 3078; x_wconf 84' lang='grc'>71</span> <span class='ocrx_word' id='word_1_483' title='bbox 1741 3017 1922 3090; x_wconf 86' lang='lat' dir='ltr'>sacerdotes,</span> <span class='ocrx_word' id='word_1_484' title='bbox 1945 3023 2103 3096; x_wconf 88' lang='grc'><strong>6166666,</strong></span> 
     </span>
     <span class='ocr_line' id='line_1_87' title="bbox 1360 3108 2105 3189; baseline 0.001 -20"><span class='ocrx_word' id='word_1_485' title='bbox 1360 3108 1509 3187; x_wconf 89' lang='grc'><strong>6666611,</strong></span> <span class='ocrx_word' id='word_1_486' title='bbox 1541 3109 1655 3172; x_wconf 90' lang='lat' dir='ltr'>debent</span> <span class='ocrx_word' id='word_1_487' title='bbox 1675 3110 1709 3171; x_wconf 93' lang='lat' dir='ltr'>in</span> <span class='ocrx_word' id='word_1_488' title='bbox 1729 3108 1875 3172; x_wconf 88' lang='lat' dir='ltr'>omnibns</span> <span class='ocrx_word' id='word_1_489' title='bbox 1898 3110 1986 3189; x_wconf 85' lang='lat' dir='ltr'>sequi</span> <span class='ocrx_word' id='word_1_490' title='bbox 2007 3111 2105 3172; x_wconf 89' lang='lat' dir='ltr'>vitam</span> 
     </span>
     <span class='ocr_line' id='line_1_88' title="bbox 1360 3201 2105 3277; baseline 0.003 -15"><span class='ocrx_word' id='word_1_491' title='bbox 1360 3201 1535 3277; x_wconf 89' lang='lat' dir='ltr'>regularem</span> <span class='ocrx_word' id='word_1_492' title='bbox 1556 3209 1588 3264; x_wconf 91' lang='lat' dir='ltr'>et</span> <span class='ocrx_word' id='word_1_493' title='bbox 1608 3201 1730 3265; x_wconf 89' lang='lat' dir='ltr'>delerre</span> <span class='ocrx_word' id='word_1_494' title='bbox 1758 3218 1903 3264; x_wconf 89' lang='lat' dir='ltr'>coronam</span> <span class='ocrx_word' id='word_1_495' title='bbox 1931 3202 2105 3266; x_wconf 88' lang='lat' dir='ltr'>clericalem</span> 
     </span>
     <span class='ocr_line' id='line_1_89' title="bbox 1360 3290 2103 3368; baseline 0.003 -16"><span class='ocrx_word' id='word_1_496' title='bbox 1360 3290 1395 3352; x_wconf 90' lang='lat' dir='ltr'>ad</span> <span class='ocrx_word' id='word_1_497' title='bbox 1408 3293 1504 3355; x_wconf 90' lang='lat' dir='ltr'>instar</span> <span class='ocrx_word' id='word_1_498' title='bbox 1514 3292 1707 3356; x_wconf 88' lang='lat' dir='ltr'>sacerdotum</span> <span class='ocrx_word' id='word_1_499' title='bbox 1722 3294 1843 3358; x_wconf 89' lang='lat' dir='ltr'>Ordinis</span> <span class='ocrx_word' id='word_1_500' title='bbox 1858 3293 1888 3358; x_wconf 89' lang='lat' dir='ltr'>S.</span> <span class='ocrx_word' id='word_1_501' title='bbox 1900 3293 2022 3358; x_wconf 88' lang='lat' dir='ltr'>loannis</span> <span class='ocrx_word' id='word_1_502' title='bbox 2036 3293 2103 3368; x_wconf 85' lang='lat' dir='ltr'>bet,</span> 
     </span>
     <span class='ocr_line' id='line_1_90' title="bbox 1359 3385 2104 3466; baseline 0 -20"><span class='ocrx_word' id='word_1_503' title='bbox 1359 3393 1391 3446; x_wconf 87' lang='grc'>61</span> <span class='ocrx_word' id='word_1_504' title='bbox 1412 3401 1585 3465; x_wconf 90' lang='lat' dir='ltr'>nunquam,</span> <span class='ocrx_word' id='word_1_505' title='bbox 1598 3402 1655 3449; x_wconf 92' lang='lat' dir='ltr'>nec</span> <span class='ocrx_word' id='word_1_506' title='bbox 1669 3387 1763 3450; x_wconf 90' lang='lat' dir='ltr'>etiam</span> <span class='ocrx_word' id='word_1_507' title='bbox 1777 3403 1832 3466; x_wconf 88' lang='lat' dir='ltr'>per</span> <span class='ocrx_word' id='word_1_508' title='bbox 1845 3389 1941 3450; x_wconf 90' lang='lat' dir='ltr'>breve</span> <span class='ocrx_word' id='word_1_509' title='bbox 1954 3385 2104 3464; x_wconf 88' lang='lat' dir='ltr'>temporis</span> 
     </span>
     <span class='ocr_line' id='line_1_91' title="bbox 1360 3478 2101 3560; baseline 0.003 -21"><span class='ocrx_word' id='word_1_510' title='bbox 1360 3479 1511 3558; x_wconf 90' lang='lat' dir='ltr'>spatium,</span> <span class='ocrx_word' id='word_1_511' title='bbox 1541 3481 1660 3558; x_wconf 89' lang='lat' dir='ltr'>possint</span> <span class='ocrx_word' id='word_1_512' title='bbox 1680 3497 1747 3543; x_wconf 89' lang='lat' dir='ltr'>esse</span> <span class='ocrx_word' id='word_1_513' title='bbox 1767 3480 1910 3560; x_wconf 91' lang='lat' dir='ltr'>praelecti</span> <span class='ocrx_word' id='word_1_514' title='bbox 1931 3478 2101 3558; x_wconf 87' lang='lat' dir='ltr'>generales,</span> 
     </span>
     <span class='ocr_line' id='line_1_92' title="bbox 1361 3573 2105 3654; baseline 0 -20"><span class='ocrx_word' id='word_1_515' title='bbox 1361 3587 1418 3635; x_wconf 92' lang='grc'>666</span> <span class='ocrx_word' id='word_1_516' title='bbox 1438 3573 1535 3635; x_wconf 90' lang='lat' dir='ltr'>ullam</span> <span class='ocrx_word' id='word_1_517' title='bbox 1546 3573 1751 3654; x_wconf 87' lang='lat' dir='ltr'>praelaturam</span> <span class='ocrx_word' id='word_1_518' title='bbox 1772 3576 1805 3638; x_wconf 92' lang='lat' dir='ltr'>in</span> <span class='ocrx_word' id='word_1_519' title='bbox 1826 3575 1977 3652; x_wconf 89' lang='lat' dir='ltr'>religione</span> <span class='ocrx_word' id='word_1_520' title='bbox 1991 3573 2105 3636; x_wconf 79' lang='lat' dir='ltr'>babere</span> 
     </span>
     <span class='ocr_line' id='line_1_93' title="bbox 1360 3666 2104 3745; baseline 0 -18"><span class='ocrx_word' id='word_1_521' title='bbox 1360 3682 1538 3745; x_wconf 87' lang='lat' dir='ltr'>supremam</span> <span class='ocrx_word' id='word_1_522' title='bbox 1558 3683 1613 3731; x_wconf 90' lang='lat' dir='ltr'>sen</span> <span class='ocrx_word' id='word_1_523' title='bbox 1635 3669 1832 3742; x_wconf 88' lang='lat' dir='ltr'>ordinariam,</span> <span class='ocrx_word' id='word_1_524' title='bbox 1846 3685 1903 3731; x_wconf 90' lang='grc'>666</span> <span class='ocrx_word' id='word_1_525' title='bbox 1924 3683 1962 3730; x_wconf 87' lang='lat' dir='ltr'>etr</span> <span class='ocrx_word' id='word_1_526' title='bbox 1982 3666 2104 3744; x_wconf 89' lang='grc'><strong>116666-</strong></span> 
     </span>
     <span class='ocr_line' id='line_1_94' title="bbox 1360 3761 2104 3840; baseline 0 -18"><span class='ocrx_word' id='word_1_527' title='bbox 1360 3761 1477 3822; x_wconf 87' lang='grc'><strong>6611666</strong></span> <span class='ocrx_word' id='word_1_528' title='bbox 1497 3764 1592 3839; x_wconf 87' lang='grc'><strong>661616</strong></span> <span class='ocrx_word' id='word_1_529' title='bbox 1613 3764 1778 3840; x_wconf 87' lang='lat' dir='ltr'>generalis,</span> <span class='ocrx_word' id='word_1_530' title='bbox 1791 3780 1849 3826; x_wconf 89' lang='lat' dir='ltr'>nec</span> <span class='ocrx_word' id='word_1_531' title='bbox 1870 3761 2038 3826; x_wconf 84' lang='lat' dir='ltr'>delinitorii</span> <span class='ocrx_word' id='word_1_532' title='bbox 2052 3775 2104 3836; x_wconf 93' lang='lat' dir='ltr'>ge-</span> 
     </span>
    </p>
   </div>
   <div class='ocr_carea' id='block_1_10' title="bbox 1336 3853 2104 3935">
    <p class='ocr_par' dir='ltr' id='par_1_42' title="bbox 1336 3853 2104 3935">
     <span class='ocr_line' id='line_1_95' title="bbox 1336 3853 2104 3935; baseline 0 -21"><span class='ocrx_word' id='word_1_533' title='bbox 1336 3921 1337 3924; x_wconf 29' lang='grc'><strong>,</strong></span> <span class='ocrx_word' id='word_1_534' title='bbox 1361 3853 1485 3928; x_wconf 89' lang='grc'><strong>6666116,</strong></span> <span class='ocrx_word' id='word_1_535' title='bbox 1498 3870 1556 3916; x_wconf 85' lang='grc'>666</span> <span class='ocrx_word' id='word_1_536' title='bbox 1575 3857 1800 3935; x_wconf 89' lang='lat' dir='ltr'>cuiuscumque</span> <span class='ocrx_word' id='word_1_537' title='bbox 1819 3855 1947 3918; x_wconf 91' lang='lat' dir='ltr'>alterius</span> <span class='ocrx_word' id='word_1_538' title='bbox 1966 3853 2104 3934; x_wconf 85' lang='lat' dir='ltr'>superio-</span> 
     </span>
    </p>
   </div>
   <div class='ocr_carea' id='block_1_11' title="bbox 1360 3943 2106 4136">
    <p class='ocr_par' dir='ltr' id='par_1_43' title="bbox 1360 3943 2106 4136">
     <span class='ocr_line' id='line_1_96' title="bbox 1361 3943 2106 4029; baseline 0 -23"><span class='ocrx_word' id='word_1_539' title='bbox 1361 3946 1414 4022; x_wconf 91' lang='lat' dir='ltr'>ris,</span> <span class='ocrx_word' id='word_1_540' title='bbox 1439 3948 1491 4010; x_wconf 89' lang='lat' dir='ltr'>sed</span> <span class='ocrx_word' id='word_1_541' title='bbox 1522 3947 1716 4012; x_wconf 89' lang='lat' dir='ltr'>solummodo</span> <span class='ocrx_word' id='word_1_542' title='bbox 1743 3949 1860 4029; x_wconf 86' lang='lat' dir='ltr'>possint</span> <span class='ocrx_word' id='word_1_543' title='bbox 1889 3964 1955 4010; x_wconf 84' lang='grc'><strong>6666</strong></span> <span class='ocrx_word' id='word_1_544' title='bbox 1982 3943 2106 4010; x_wconf 85' lang='lat' dir='ltr'>discreti</span> 
     </span>
     <span class='ocr_line' id='line_1_97' title="bbox 1360 4049 2105 4136; baseline 0.003 -26"><span class='ocrx_word' id='word_1_545' title='bbox 1360 4055 1585 4124; x_wconf 85' lang='lat' dir='ltr'>conventuum,</span> <span class='ocrx_word' id='word_1_546' title='bbox 1607 4049 1746 4136; x_wconf 82' lang='lat' dir='ltr'>magistri</span> <span class='ocrx_word' id='word_1_547' title='bbox 1768 4049 1960 4114; x_wconf 89' lang='lat' dir='ltr'>novitiorum</span> <span class='ocrx_word' id='word_1_548' title='bbox 1982 4051 2105 4114; x_wconf 83' lang='grc'><strong>616661-</strong></span> 
     </span>
    </p>
   </div>
   <div class='ocr_carea' id='block_1_12' title="bbox 1336 4141 2103 4224">
    <p class='ocr_par' dir='ltr' id='par_1_44' title="bbox 1336 4141 2103 4224">
     <span class='ocr_line' id='line_1_98' title="bbox 1336 4141 2103 4224; baseline 0.003 -20"><span class='ocrx_word' id='word_1_549' title='bbox 1336 4141 1337 4152; x_wconf 75' lang='grc'>’</span> <span class='ocrx_word' id='word_1_550' title='bbox 1361 4149 1478 4205; x_wconf 75' lang='lat' dir='ltr'>suentes</span> <span class='ocrx_word' id='word_1_551' title='bbox 1509 4144 1700 4222; x_wconf 71' lang='lat' dir='ltr'>provinciae,</span> <span class='ocrx_word' id='word_1_552' title='bbox 1723 4142 1761 4204; x_wconf 87' lang='lat'>8·.</span> <span class='ocrx_word' id='word_1_553' title='bbox 1785 4144 1931 4224; x_wconf 89' lang='lat' dir='ltr'>denique,</span> <span class='ocrx_word' id='word_1_554' title='bbox 1947 4145 1973 4206; x_wconf 92' lang='lat' dir='ltr'>si</span> <span class='ocrx_word' id='word_1_555' title='bbox 1993 4145 2103 4224; x_wconf 90' lang='lat' dir='ltr'>aliquis</span> 
     </span>
    </p>
   </div>
   <div class='ocr_carea' id='block_1_13' title="bbox 1360 4236 2106 4596">
    <p class='ocr_par' dir='ltr' id='par_1_45' title="bbox 1360 4236 2106 4596">
     <span class='ocr_line' id='line_1_99' title="bbox 1360 4236 2105 4317; baseline 0.004 -21"><span class='ocrx_word' id='word_1_556' title='bbox 1360 4237 1499 4298; x_wconf 91' lang='lat' dir='ltr'>sacerdos</span> <span class='ocrx_word' id='word_1_557' title='bbox 1520 4236 1682 4298; x_wconf 87' lang='lat' dir='ltr'>saecularis</span> <span class='ocrx_word' id='word_1_558' title='bbox 1697 4245 1841 4314; x_wconf 88' lang='lat' dir='ltr'>aegrotus</span> <span class='ocrx_word' id='word_1_559' title='bbox 1855 4239 1888 4300; x_wconf 92' lang='lat' dir='ltr'>in</span> <span class='ocrx_word' id='word_1_560' title='bbox 1903 4237 2105 4317; x_wconf 91' lang='lat' dir='ltr'>hospitalibus</span> 
     </span>
     <span class='ocr_line' id='line_1_100' title="bbox 1361 4329 2106 4410; baseline 0 -19"><span class='ocrx_word' id='word_1_561' title='bbox 1361 4329 1477 4405; x_wconf 90' lang='lat' dir='ltr'>degens</span> <span class='ocrx_word' id='word_1_562' title='bbox 1499 4345 1553 4408; x_wconf 93' lang='lat' dir='ltr'>pro</span> <span class='ocrx_word' id='word_1_563' title='bbox 1575 4329 1628 4392; x_wconf 80' lang='lat' dir='ltr'>sui</span> <span class='ocrx_word' id='word_1_564' title='bbox 1649 4331 1815 4394; x_wconf 90' lang='lat' dir='ltr'>devotione</span> <span class='ocrx_word' id='word_1_565' title='bbox 1837 4337 1954 4410; x_wconf 88' lang='lat' dir='ltr'>peteret</span> <span class='ocrx_word' id='word_1_566' title='bbox 1968 4331 2003 4392; x_wconf 90' lang='lat' dir='ltr'>ad</span> <span class='ocrx_word' id='word_1_567' title='bbox 2021 4330 2106 4392; x_wconf 89' lang='lat' dir='ltr'>babi-</span> 
     </span>
     <span class='ocr_line' id='line_1_101' title="bbox 1363 4423 2103 4503; baseline -0.003 -18"><span class='ocrx_word' id='word_1_568' title='bbox 1363 4431 1429 4486; x_wconf 87' lang='grc'>166</span> <span class='ocrx_word' id='word_1_569' title='bbox 1451 4423 1624 4500; x_wconf 90' lang='lat' dir='ltr'>religionis,</span> <span class='ocrx_word' id='word_1_570' title='bbox 1648 4432 1813 4503; x_wconf 91' lang='lat' dir='ltr'>autequam</span> <span class='ocrx_word' id='word_1_571' title='bbox 1835 4424 1949 4498; x_wconf 89' lang='lat' dir='ltr'>obiret,</span> <span class='ocrx_word' id='word_1_572' title='bbox 1971 4423 2103 4497; x_wconf 90' lang='lat' dir='ltr'>admitti,</span> 
     </span>
     <span class='ocr_line' id='line_1_102' title="bbox 1361 4515 2106 4596; baseline -0.001 -19"><span class='ocrx_word' id='word_1_573' title='bbox 1361 4515 1477 4596; x_wconf 90' lang='lat' dir='ltr'>possint</span> <span class='ocrx_word' id='word_1_574' title='bbox 1498 4525 1585 4595; x_wconf 89' lang='lat' dir='ltr'>pater</span> <span class='ocrx_word' id='word_1_575' title='bbox 1599 4517 1752 4593; x_wconf 88' lang='lat' dir='ltr'>generalis</span> <span class='ocrx_word' id='word_1_576' title='bbox 1773 4524 1803 4578; x_wconf 91' lang='lat' dir='ltr'>et</span> <span class='ocrx_word' id='word_1_577' title='bbox 1824 4516 2036 4578; x_wconf 86' lang='lat' dir='ltr'>definitorinm</span> <span class='ocrx_word' id='word_1_578' title='bbox 2050 4531 2106 4595; x_wconf 90' lang='lat' dir='ltr'>pro</span> 
     </span>
    </p>
   </div>
   <div class='ocr_carea' id='block_1_14' title="bbox 1336 4607 2105 4687">
    <p class='ocr_par' dir='ltr' id='par_1_46' title="bbox 1336 4607 2105 4687">
     <span class='ocr_line' id='line_1_103' title="bbox 1336 4607 2105 4687; baseline 0 -18"><span class='ocrx_word' id='word_1_579' title='bbox 1336 4677 1337 4682; x_wconf 11' lang='lat'>1</span> <span class='ocrx_word' id='word_1_580' title='bbox 1361 4609 1538 4671; x_wconf 88' lang='lat' dir='ltr'>huiusmodi</span> <span class='ocrx_word' id='word_1_581' title='bbox 1559 4608 1746 4671; x_wconf 90' lang='lat' dir='ltr'>admissione</span> <span class='ocrx_word' id='word_1_582' title='bbox 1774 4608 1864 4672; x_wconf 89' lang='lat' dir='ltr'>alicui</span> <span class='ocrx_word' id='word_1_583' title='bbox 1887 4611 1925 4672; x_wconf 88' lang='lat' dir='ltr'>de</span> <span class='ocrx_word' id='word_1_584' title='bbox 1945 4607 2105 4687; x_wconf 90' lang='lat' dir='ltr'>praelectis</span> 
     </span>
    </p>
   </div>
   <div class='ocr_carea' id='block_1_15' title="bbox 1361 4693 2322 5154">
    <p class='ocr_par' dir='ltr' id='par_1_47' title="bbox 1361 4693 2322 5154">
     <span class='ocr_line' id='line_1_104' title="bbox 1361 4693 2106 4777; baseline 0.003 -17"><span class='ocrx_word' id='word_1_585' title='bbox 1361 4700 1507 4763; x_wconf 92' lang='lat' dir='ltr'>localibus</span> <span class='ocrx_word' id='word_1_586' title='bbox 1518 4701 1675 4764; x_wconf 88' lang='lat' dir='ltr'>licentiam</span> <span class='ocrx_word' id='word_1_587' title='bbox 1689 4693 1868 4777; x_wconf 76' lang='lat' dir='ltr'>concedere,</span> <span class='ocrx_word' id='word_1_588' title='bbox 1885 4701 2049 4765; x_wconf 90' lang='lat' dir='ltr'>accedente</span> <span class='ocrx_word' id='word_1_589' title='bbox 2063 4708 2106 4762; x_wconf 87' lang='lat' dir='ltr'>ta-</span> 
     </span>
     <span class='ocr_line' id='line_1_105' title="bbox 1361 4792 2105 4869; baseline -0.003 -13"><span class='ocrx_word' id='word_1_590' title='bbox 1361 4792 1435 4856; x_wconf 84' lang='grc'><strong>66616</strong></span> <span class='ocrx_word' id='word_1_591' title='bbox 1457 4811 1608 4859; x_wconf 91' lang='grc'><strong>66666666</strong></span> <span class='ocrx_word' id='word_1_592' title='bbox 1622 4795 1705 4858; x_wconf 89' lang='grc'><strong>111166</strong></span> <span class='ocrx_word' id='word_1_593' title='bbox 1720 4795 1962 4869; x_wconf 85' lang='lat' dir='ltr'>communitatis,</span> <span class='ocrx_word' id='word_1_594' title='bbox 1975 4810 2038 4856; x_wconf 92' lang='grc'>666</span> <span class='ocrx_word' id='word_1_595' title='bbox 2053 4793 2105 4855; x_wconf 89' lang='lat' dir='ltr'>ob-</span> 
     </span>
     <span class='ocr_line' id='line_1_106' title="bbox 1361 4885 2105 4966; baseline 0 -19"><span class='ocrx_word' id='word_1_596' title='bbox 1361 4892 1461 4951; x_wconf 89' lang='lat' dir='ltr'>stante</span> <span class='ocrx_word' id='word_1_597' title='bbox 1486 4891 1567 4966; x_wconf 83' lang='grc'><strong>6661</strong></span> <span class='ocrx_word' id='word_1_598' title='bbox 1593 4889 1625 4950; x_wconf 93' lang='grc'>16</span> <span class='ocrx_word' id='word_1_599' title='bbox 1653 4889 1762 4952; x_wconf 88' lang='grc'><strong>66166</strong></span> <span class='ocrx_word' id='word_1_600' title='bbox 1788 4894 1945 4950; x_wconf 89' lang='lat' dir='ltr'>conventu</span> <span class='ocrx_word' id='word_1_601' title='bbox 1972 4885 2024 4948; x_wconf 91' lang='lat' dir='ltr'>alii</span> <span class='ocrx_word' id='word_1_602' title='bbox 2045 4886 2105 4948; x_wconf 92' lang='lat' dir='ltr'>dno</span> 
     </span>
     <span class='ocr_line' id='line_1_107' title="bbox 1361 4981 1849 5062; baseline 0.002 -20"><span class='ocrx_word' id='word_1_603' title='bbox 1361 4981 1461 5044; x_wconf 91' lang='lat' dir='ltr'>adsint</span> <span class='ocrx_word' id='word_1_604' title='bbox 1482 4981 1665 5056; x_wconf 87' lang='lat' dir='ltr'>sacerdotes,</span> <span class='ocrx_word' id='word_1_605' title='bbox 1689 4989 1849 5062; x_wconf 90' lang='lat' dir='ltr'>utsupra:</span> 
     </span>
     <span class='ocr_line' id='line_1_108' title="bbox 1402 5060 2322 5154; baseline 0.001 -18"><span class='ocrx_word' id='word_1_606' title='bbox 1402 5091 1449 5136; x_wconf 89' lang='lat' dir='ltr'>ru.</span> <span class='ocrx_word' id='word_1_607' title='bbox 1474 5073 1582 5152; x_wconf 89' lang='lat' dir='ltr'>Neque</span> <span class='ocrx_word' id='word_1_608' title='bbox 1606 5074 1778 5152; x_wconf 88' lang='lat' dir='ltr'>praelectus</span> <span class='ocrx_word' id='word_1_609' title='bbox 1806 5075 1973 5152; x_wconf 89' lang='lat' dir='ltr'>generalis,</span> <span class='ocrx_word' id='word_1_610' title='bbox 2003 5091 2106 5154; x_wconf 91' lang='lat' dir='ltr'>neque</span> <span class='ocrx_word' id='word_1_611' title='bbox 2150 5060 2322 5109; x_wconf 65' lang='lat'>⁰⁶³⁰¹¹⁸¹¹⁵⁰³&#39;</span> 
     </span>
    </p>
   </div>
   <div class='ocr_carea' id='block_1_16' title="bbox 1361 5112 2322 5902">
    <p class='ocr_par' dir='ltr' id='par_1_48' title="bbox 1361 5112 2322 5902">
     <span class='ocr_line' id='line_1_109' title="bbox 1362 5112 2321 5268; baseline 0.003 -39"><span class='ocrx_word' id='word_1_612' title='bbox 1362 5168 1439 5230; x_wconf 92' lang='lat' dir='ltr'>alius</span> <span class='ocrx_word' id='word_1_613' title='bbox 1460 5167 1649 5246; x_wconf 90' lang='lat' dir='ltr'>quicumque</span> <span class='ocrx_word' id='word_1_614' title='bbox 1674 5169 1831 5246; x_wconf 88' lang='lat' dir='ltr'>superior,</span> <span class='ocrx_word' id='word_1_615' title='bbox 1862 5168 1931 5230; x_wconf 90' lang='lat' dir='ltr'>ilios</span> <span class='ocrx_word' id='word_1_616' title='bbox 1952 5168 2047 5248; x_wconf 92' lang='lat' dir='ltr'>possit</span> <span class='ocrx_word' id='word_1_617' title='bbox 2071 5112 2321 5268; x_wconf 49' lang='lat' dir='ltr'>ing3133333333tr33r3</span> 
     </span>
     <span class='ocr_line' id='line_1_110' title="bbox 1362 5231 2322 5340; baseline -0.004 -16"><span class='ocrx_word' id='word_1_618' title='bbox 1362 5262 1546 5339; x_wconf 88' lang='lat' dir='ltr'>religionem</span> <span class='ocrx_word' id='word_1_619' title='bbox 1566 5261 1739 5339; x_wconf 90' lang='lat' dir='ltr'>suscipere,</span> <span class='ocrx_word' id='word_1_620' title='bbox 1761 5261 1814 5340; x_wconf 89' lang='lat' dir='ltr'>qui</span> <span class='ocrx_word' id='word_1_621' title='bbox 1835 5262 1936 5324; x_wconf 90' lang='lat' dir='ltr'>eidem</span> <span class='ocrx_word' id='word_1_622' title='bbox 1961 5261 2104 5336; x_wconf 85' lang='lat' dir='ltr'>religioni</span> <span class='ocrx_word' id='word_1_623' title='bbox 2123 5231 2322 5333; x_wconf 47' lang='lat' dir='ltr'>&amp;diffiditis</span> 
     </span>
     <span class='ocr_line' id='line_1_111' title="bbox 1362 5331 2213 5432; baseline -0.005 -14"><span class='ocrx_word' id='word_1_624' title='bbox 1362 5355 1587 5428; x_wconf 90' lang='lat' dir='ltr'>inservierunt,</span> <span class='ocrx_word' id='word_1_625' title='bbox 1603 5355 1655 5416; x_wconf 91' lang='grc'>661</span> <span class='ocrx_word' id='word_1_626' title='bbox 1675 5353 1804 5428; x_wconf 90' lang='grc'><strong>1666161,</strong></span> <span class='ocrx_word' id='word_1_627' title='bbox 1820 5361 1855 5416; x_wconf 89' lang='grc'>61</span> <span class='ocrx_word' id='word_1_628' title='bbox 1869 5355 1964 5432; x_wconf 90' lang='lat' dir='ltr'>vulgo</span> <span class='ocrx_word' id='word_1_629' title='bbox 1979 5354 2104 5428; x_wconf 89' lang='lat' dir='ltr'>dicitur,</span> <span class='ocrx_word' id='word_1_630' title='bbox 2123 5331 2213 5378; x_wconf 55' lang='grc' dir='ltr'>ΜΟ*</span> 
     </span>
     <span class='ocr_line' id='line_1_112' title="bbox 1362 5447 2106 5526; baseline 0 -14"><span class='ocrx_word' id='word_1_631' title='bbox 1362 5449 1513 5522; x_wconf 60' lang='lat' dir='ltr'>dotandos</span> <span class='ocrx_word' id='word_1_632' title='bbox 1535 5448 1616 5526; x_wconf 92' lang='lat' dir='ltr'>quod</span> <span class='ocrx_word' id='word_1_633' title='bbox 1638 5448 1664 5510; x_wconf 91' lang='lat' dir='ltr'>si</span> <span class='ocrx_word' id='word_1_634' title='bbox 1685 5464 1772 5510; x_wconf 90' lang='lat' dir='ltr'>secus</span> <span class='ocrx_word' id='word_1_635' title='bbox 1793 5447 1909 5510; x_wconf 89' lang='lat' dir='ltr'>lactum</span> <span class='ocrx_word' id='word_1_636' title='bbox 1929 5447 2035 5524; x_wconf 85' lang='lat' dir='ltr'>inerit,</span> <span class='ocrx_word' id='word_1_637' title='bbox 2056 5450 2106 5512; x_wconf 90' lang='lat' dir='ltr'>ad-</span> 
     </span>
     <span class='ocr_line' id='line_1_113' title="bbox 1362 5541 2107 5622; baseline 0.001 -17"><span class='ocrx_word' id='word_1_638' title='bbox 1362 5545 1478 5618; x_wconf 90' lang='lat' dir='ltr'>missio,</span> <span class='ocrx_word' id='word_1_639' title='bbox 1494 5559 1550 5622; x_wconf 89' lang='lat' dir='ltr'>per</span> <span class='ocrx_word' id='word_1_640' title='bbox 1570 5544 1721 5606; x_wconf 90' lang='lat' dir='ltr'>eiusmodi</span> <span class='ocrx_word' id='word_1_641' title='bbox 1736 5543 1855 5618; x_wconf 88' lang='lat' dir='ltr'>emissa,</span> <span class='ocrx_word' id='word_1_642' title='bbox 1873 5541 1989 5605; x_wconf 88' lang='grc'><strong>6611166</strong></span> <span class='ocrx_word' id='word_1_643' title='bbox 2004 5544 2044 5605; x_wconf 90' lang='grc'>611</span> <span class='ocrx_word' id='word_1_644' title='bbox 2058 5559 2107 5606; x_wconf 90' lang='grc'>66-</span> 
     </span>
     <span class='ocr_line' id='line_1_114' title="bbox 1361 5637 2108 5699; baseline -0.003 0"><span class='ocrx_word' id='word_1_645' title='bbox 1361 5637 1443 5699; x_wconf 89' lang='lat' dir='ltr'>boris</span> <span class='ocrx_word' id='word_1_646' title='bbox 1470 5637 1521 5699; x_wconf 89' lang='lat' dir='ltr'>vel</span> <span class='ocrx_word' id='word_1_647' title='bbox 1549 5637 1715 5698; x_wconf 91' lang='lat' dir='ltr'>momenti:</span> <span class='ocrx_word' id='word_1_648' title='bbox 1748 5637 1902 5698; x_wconf 79' lang='lat' dir='ltr'>reservati</span> <span class='ocrx_word' id='word_1_649' title='bbox 1930 5643 2034 5698; x_wconf 88' lang='grc'><strong>16666</strong></span> <span class='ocrx_word' id='word_1_650' title='bbox 2060 5651 2108 5698; x_wconf 90' lang='grc'>66-</span> 
     </span>
     <span class='ocr_line' id='line_1_115' title="bbox 1361 5728 2108 5810; baseline -0.001 -19"><span class='ocrx_word' id='word_1_651' title='bbox 1361 5729 1459 5810; x_wconf 90' lang='grc'><strong>611616</strong></span> <span class='ocrx_word' id='word_1_652' title='bbox 1482 5730 1619 5807; x_wconf 89' lang='lat' dir='ltr'>generali</span> <span class='ocrx_word' id='word_1_653' title='bbox 1639 5729 1783 5792; x_wconf 85' lang='lat' dir='ltr'>facultate</span> <span class='ocrx_word' id='word_1_654' title='bbox 1804 5729 1943 5792; x_wconf 84' lang='grc'><strong>1666166</strong></span> <span class='ocrx_word' id='word_1_655' title='bbox 1966 5729 2003 5792; x_wconf 90' lang='grc'>61</span> <span class='ocrx_word' id='word_1_656' title='bbox 2023 5728 2108 5792; x_wconf 88' lang='lat' dir='ltr'>babi-</span> 
     </span>
     <span class='ocr_line' id='line_1_116' title="bbox 1362 5821 2107 5902; baseline 0.004 -19"><span class='ocrx_word' id='word_1_657' title='bbox 1362 5829 1429 5885; x_wconf 91' lang='lat' dir='ltr'>tum</span> <span class='ocrx_word' id='word_1_658' title='bbox 1457 5821 1656 5898; x_wconf 89' lang='lat' dir='ltr'>admittendi,</span> <span class='ocrx_word' id='word_1_659' title='bbox 1684 5829 1837 5901; x_wconf 88' lang='lat' dir='ltr'>quatenus</span> <span class='ocrx_word' id='word_1_660' title='bbox 1864 5821 2009 5902; x_wconf 79' lang='lat' dir='ltr'>expedire</span> <span class='ocrx_word' id='word_1_661' title='bbox 2036 5839 2107 5886; x_wconf 92' lang='grc'><strong>666-</strong></span> 
     </span>
    </p>
   </div>
   <div class='ocr_carea' id='block_1_17' title="bbox 1361 5917 1475 5979">
    <p class='ocr_par' dir='ltr' id='par_1_49' title="bbox 1361 5917 1475 5979">
     <span class='ocr_line' id='line_1_117' title="bbox 1361 5917 1475 5979; baseline -0.009 -1"><span class='ocrx_word' id='word_1_662' title='bbox 1361 5917 1475 5979; x_wconf 85' lang='lat' dir='ltr'>suerit:</span> 
     </span>
    </p>
   </div>
   <div class='ocr_carea' id='block_1_18' title="bbox 0 0 2427 6996">
    <p class='ocr_par' dir='ltr' id='par_1_50' title="bbox 0 0 2427 6996">
     <span class='ocr_line' id='line_1_118' title="bbox 0 0 2427 6996; baseline 0 0"><span class='ocrx_word' id='word_1_663' title='bbox 0 0 2427 6996; x_wconf 95' lang='lat' dir='ltr'> </span> 
     </span>
    </p>
   </div>
  </div>
 </body>
</html>
