4844 6990
1008 597 1150 644 GLEMBNS
1170 596 1228 644 xli.

345 717 394 792 lis,
410 715 446 780 ad
461 731 538 793 quos
552 722 667 795 spectat
682 722 712 779 et
727 734 782 796 pro
798 723 939 796 tempore
954 686 1091 794 quando:

345 827 481 890 cumque
500 811 659 888 spectabit,
682 811 715 871 in
737 811 882 872 omnibus
904 819 934 872 et
956 826 1010 888 per
1025 825 1096 872 om-.

345 905 396 966 nia
418 904 596 982 plenissime
616 903 788 980 suflragari,
817 903 921 981 sicque
948 904 980 964 in
1007 919 1090 980 prae·

345 997 448 1058 missis
468 1013 524 1075 per
544 1012 758 1075 quoscumque
784 995 901 1058 iudices
922 995 1091 1059 ordinarios

346 1097 377 1152 el
391 1090 557 1167 delegatos,
572 1089 666 1151 etiam
682 1106 842 1152 cansarum
858 1089 960 1168 palatii
975 1098 1093 1166 aposto-

345 1183 397 1245 lici
418 1185 588 1257 auditores,
615 1183 744 1246 iudicari
765 1189 796 1244 et
817 1183 940 1246 deliniri
962 1182 1090 1256 debere,

346 1293 378 1338 ac
391 1277 516 1339 irritum
531 1284 562 1338 et
575 1277 668 1338 inane
681 1277 706 1338 si
720 1293 807 1339 secus
821 1293 915 1356 super
929 1276 1002 1337 hisa
1017 1291 1092 1353 quo·

346 1387 451 1449 quam,
474 1372 582 1449 quavis
603 1371 795 1444 auctoritate,
818 1371 952 1431 scienter
972 1369 1024 1430 vel
1045 1368 1092 1430 in·

347 1471 528 1540 gnoranter,
550 1464 716 1540 contigerit
737 1465 892 1526 attentari.

120 1569 268 1633 ,contrane
282 1569 329 1616 tor·
387 1557 405 1630 ἓ
426 1556 457 1618 ii.
471 1554 540 1617 Non
564 1557 755 1619 obstantibus
769 1555 957 1634 praemissis
973 1571 1007 1617 ae
1021 1570 1092 1616 con·

109 1624 146 1671 ¹¹⁸·
347 1650 561 1714 stitutionibus
586 1657 616 1710 et
638 1649 883 1711 ordinationibus
907 1649 1097 1727 apostolicis,

347 1760 470 1807 necnon
501 1742 678 1821 provinciae
710 1749 740 1804 et
771 1741 894 1804 Ordinis
924 1743 1093 1819 praedicto·

347 1855 430 1913 rum,
454 1838 546 1900 etiam
568 1838 756 1910 iuramento,
773 1835 1009 1897 confirmatione
1023 1849 1093 1912 apo-

347 1931 464 2006 stolica,
480 1930 532 1992 rel
553 1929 662 2007 quavis
683 1929 830 1990 firmitate
852 1928 907 1989 alia
930 1927 1091 2002 roboratis,

347 2023 469 2086 statutis
487 2029 518 2084 et
529 2021 816 2096 consuetudinibus,
834 2021 1004 2100 privilegiis
1019 2037 1094 2098 quo-

348 2133 420 2197 qne,
444 2115 573 2178 indultis
594 2123 625 2176 et
646 2114 758 2176 litteris
773 2114 945 2193 apostolicis
968 2114 1000 2175 in
1022 2129 1095 2175 con·

349 2210 479 2273 trarium
501 2210 741 2288 praemissorum
766 2207 998 2286 quomodolibet
1022 2224 1095 2270 con-

348 2304 461 2379 cessis,
490 2303 682 2364 confirmatis
713 2311 744 2364 et
775 2302 950 2380 innovatis;
983 2303 1095 2380 quibus

347 2397 492 2460 omnibus
513 2403 545 2457 et
566 2396 707 2474 singulis,
724 2395 850 2458 illorum
868 2405 990 2457 tenores
1010 2413 1096 2475 prae·

347 2489 488 2553 sentibus
509 2505 565 2567 pro
586 2489 676 2567 plene
691 2495 722 2549 et
733 2487 923 2549 sufficienter
944 2489 1096 2566 expressis

348 2600 382 2645 ac
402 2583 441 2644 de
462 2583 557 2644 verbo
579 2585 614 2644 ad
636 2583 768 2644 verbum
791 2582 914 2644 insertis
935 2583 1094 2656 habentes,

348 2674 409 2736 illis
430 2675 502 2736 aliis
524 2675 557 2736 in
584 2691 640 2737 suo
670 2675 781 2737 robore
808 2677 1034 2753 permansuris,
1059 2675 1095 2736 ad

348 2768 589 2846 praemissorum
604 2768 761 2842 ellectum,
773 2767 827 2830 hac
842 2768 909 2829 vice
924 2769 1094 2841 dumtaxat,

346 2859 519 2939 specialiter
540 2867 570 2922 et
591 2877 734 2940 expresse
755 2863 954 2938 deroganxus3
974 2861 1096 2922 ceteris-

348 2969 408 3034 que
429 2954 590 3016 contrariis
611 2953 869 3032 quibuscumque.
946 2977 949 2984 f

129 3063 330 3110 aarumnnera-
388 3048 407 3123 5
427 3049 456 3110 6.
481 3047 633 3110 Volumus
655 3053 759 3108 autem
781 3048 861 3124 quod
885 3049 1095 3126 praesentium

117 3122 329 3218 ffiffifflffl
349 3141 524 3204 litterarum
540 3139 752 3218 transumptis,
763 3155 819 3201 seu
830 3140 990 3219 exemplis,
1002 3142 1096 3202 etiam.

348 3235 524 3314 impressis,
548 3249 642 3296 manu
664 3233 776 3294 notarii
808 3234 923 3312 publici
942 3236 1097 3314 subscrip·

347 3322 402 3405 tis,
426 3337 457 3391 et
477 3329 578 3406 sigillo
594 3327 721 3390 alicuius
737 3343 887 3405 personae
902 3329 934 3391 in
957 3330 1096 3392 ecclesia-

349 3425 422 3488 stici
449 3423 600 3500 dignitate
625 3423 828 3497 constitutae,
855 3439 910 3485 sen
937 3423 1096 3486 secretarii

352 3517 505 3598 generalis
526 3516 666 3578 eiusdem
688 3514 809 3578 Ordinis
830 3517 972 3592 munitis,
988 3518 1095 3580 eadem

349 3628 477 3691 prorsus
498 3608 573 3670 iides
598 3608 713 3686 ubique
737 3607 898 3683 habeatur,
921 3626 999 3687 quae
1023 3611 1095 3688 ipsis

348 3703 562 3784 praesentibus
582 3701 761 3777 baberetur,
776 3701 802 3763 si
817 3702 920 3764 lorent
940 3704 1096 3766 exhibitae

349 3796 400 3859 rel
422 3803 573 3858 ostensae.

389 3891 500 3952 Datum
528 3889 655 3963 Romae,
683 3889 763 3966 apud
795 3889 826 3950 S.
851 3889 974 3951 Mariam
1005 3891 1097 3954 Maio·

349 3999 429 4058 rem,
452 3982 509 4044 sub
533 3981 650 4043 annulo
678 3981 853 4056 Piscatoris,
884 3984 933 4045 die
955 3999 1003 4044 nr.
1028 3985 1096 4046 iulii

350 4091 591 4149 unccxxxvnx,
604 4073 801 4152 pontificatus
814 4076 911 4138 nostri
926 4093 1008 4138 anno
1024 4094 1093 4138 vrri.

651 4457 653 4461 Ι
678 4359 769 4423 XLll.

353 4545 528 4625 Confirmet
562 4545 593 4608 S.
628 4547 894 4626 concremationis
926 4549 964 4609 de
991 4550 1027 4611 P.
1055 4550 1092 4610 l'.

394 4640 556 4702 decretnnt
571 4657 630 4718 qno
643 4639 809 4722 Praefecto
825 4639 1004 4718 Mequincz,
1021 4645 1094 4706 Ord.

393 4733 510 4797 Minor.
533 4731 637 4796 Obser.
655 4733 691 4794 in
707 4750 802 4812 repno
828 4735 999 4808 Merocbii,
1027 4754 1098 4798 con-

390 4827 528 4901 stituere
540 4827 747 4903 permittitur
760 4827 889 4890 Metriti
902 4828 1100 4893 Procurato-

391 4935 469 4991 rem,
493 4919 713 4996 dependentem
737 4928 842 4983 tomen
861 4937 933 4982 cnm
954 4924 1038 4984 secio
1059 4923 1098 4988 nli

393 5011 499 5074 eddom
523 5012 555 5074 S.
581 5013 844 5091 conprobatione,
869 5015 909 5076 od
930 5016 1098 5078 solicitan-

392 5104 448 5167 dos
478 5104 687 5181 eleemosynas
709 5106 750 5167 ed
772 5105 888 5168 bonnm
916 5110 1097 5170 eorundem

392 5197 583 5257 missionem
605 5198 824 5274 eopendendns
845 5199 900 5280 (l).

545 5365 730 5434 clemens
754 5369 814 5435 ΡΡ.
840 5369 897 5436 llll.

473 5490 510 5556 ad
532 5496 704 5574 perpetuant
727 5492 770 5558 rei
793 5492 973 5558 nenoriarn.

122 5667 335 5778 molv’fggiigesiessiie
371 5668 411 5771 ,ἓ
435 5667 461 5727 i.
487 5667 593 5746 Nuper
615 5683 669 5746 pro
690 5677 778 5748 parte
799 5667 903 5731 dilecti
926 5669 981 5730 lilii
1003 5671 1099 5732 Fran-

124 5776 178 5822 caer
194 5777 333 5833 congrega·
352 5760 422 5824 ctsci
444 5762 576 5823 llomero
598 5779 614 5822 a
635 5761 666 5824 S.
686 5763 821 5824 Antonio
836 5763 939 5824 iratris
954 5777 1099 5840 expresse

394 5973 424 6029 (l)
440 5975 476 6018 Ex
491 5973 557 6018 Bull.
573 5977 598 6022 P.
614 5975 645 6018 de
659 5977 732 6032 Prop.
749 5975 810 6020 Fide
825 5975 873 6021 vol.
889 5979 928 6032 11,
938 5987 995 6034 pag.
1011 5980 1057 6020 214.

1814 573 1873 638 493
1923 568 2023 624 ase.
2044 567 2112 622 nae

1147 714 1274 792 professi
1296 732 1330 777 ae
1350 715 1487 777 ministri
1504 712 1702 793 provincialis
1717 708 1893 790 provinciae
1912 727 1977 774 atoni
1993 726 2125 783 ‹terrona-

1148 809 1179 872 s.
1213 808 1314 871 uiuaci
1346 809 1378 870 sn
1409 810 1554 871 asernai
1585 805 1706 870 orans
1736 804 1893 866 nixorum
1912 779 2126 890 {nitidant

1149 903 1179 966 S·
1203 903 1355 966 Francisci
1372 902 1628 964 Oiscalccatorum
1641 903 1892 976 nuncupatorum
1911 887 2126 998 {fimffigtlglffigj

1148 1004 1179 1059 et
1209 995 1353 1074 praelecti
1379 995 1536 1073 apostolici
1568 995 1751 1056 missionum
1778 991 1893 1068 blequi-
1912 999 2056 1093 epracoraffi
2068 995 2126 1058 nns-

1149 1105 1206 1150 nez
1229 1089 1318 1166 regni
1340 1089 1497 1164 llaroclrii,
1525 1087 1766 1166 congregationi
1795 1104 1890 1148 venn.
1912 1059 2016 1148 {itanum
2056 1058 2126 1105 “¹⁰¹¹

1148 1182 1280 1245 fratrum
1303 1193 1481 1246 nostrorum
1505 1185 1535 1247 S.
1563 1185 1598 1246 R.
1617 1186 1652 1246 E.
1684 1183 1894 1246 cardinalium

1149 1276 1281 1352 negotiis
1304 1277 1519 1354 Propagandae
1534 1277 1619 1340 Fidei
1638 1277 1828 1356 praepositae
1843 1292 1894 1337 ex-

1148 1370 1258 1448 posito,
1280 1371 1373 1432 dictas
1395 1371 1557 1433 missiones
1578 1371 1676 1448 quoad
1699 1385 1847 1447 expensas
1862 1369 1894 1430 in

1088 1509 1090 1514 .
1149 1461 1264 1524 eisdem
1287 1473 1485 1526 occurrentes
1508 1473 1569 1525 tam
1586 1479 1641 1541 pro
1656 1462 1895 1525 manutentione

1150 1555 1428 1631 missionariornm‚
1446 1573 1539 1636 quam
1561 1557 1639 1634 regii
1661 1555 1819 1633 hospitalis
1834 1555 1896 1616 ille·

1149 1648 1309 1724 quinereci
1330 1650 1491 1712 existentis
1511 1651 1569 1712 snb
1583 1651 1656 1712 curi
1670 1649 1808 1711 eiusdem
1823 1647 1896 1708 mis-

1148 1743 1243 1803 sionis
1265 1744 1440 1820 dependere
1461 1744 1624 1822 praecipne
1644 1761 1659 1804 a
1681 1742 1765 1818 regia
1788 1741 1897 1802 libera·

1150 1835 1235 1898 litate
1256 1837 1486 1900 carissimorum
1503 1838 1535 1899 in
1554 1837 1674 1900 Christo
1697 1835 1834 1897 filiorum
1849 1849 1895 1894 ca-

1150 1928 1338 1992 tholicorum
1359 1931 1577 2011 Hispaniarum
1602 1930 1734 2006 llegum,
1758 1927 1811 2005 qui
1833 1927 1894 1986 iam

1150 2041 1166 2082 a
1180 2023 1321 2100 pluribus
1332 2033 1416 2086 retro
1431 2025 1519 2087 annis
1534 2025 1670 2102 copiosas
1685 2021 1896 2097 eleemosynas

1150 2116 1185 2177 ad
1208 2117 1236 2178 id
1258 2117 1330 2180 dare
1351 2127 1588 2194 consueverant,
1612 2117 1817 2180 nibilominus
1831 2114 1897 2192 ipse

1151 2215 1327 2276 Franciscus
1347 2215 1561 2291 experimento
1583 2212 1740 2284 didicerat,
1758 2209 1897 2286 aliquan-

1151 2309 1188 2371 do
1210 2316 1399 2371 eventurum
1422 2325 1498 2382 esse,
1512 2317 1547 2368 ut
1561 2307 1620 2368 nisi
1641 2306 1751 2384 aliquis
1772 2302 1897 2379 religio-

1150 2421 1202 2464 sus
1223 2403 1297 2465 dieti
1318 2402 1440 2466 Ordinis
1462 2403 1493 2463 in
1516 2400 1626 2480 oppido
1642 2398 1754 2462 llatriti
1777 2397 1896 2458 Toleta-

1151 2513 1209 2557 nae
1231 2497 1375 2559 dioecesis
1396 2496 1525 2569 assistat,
1548 2493 1602 2572 qui
1624 2492 1752 2554 nomine
1769 2490 1895 2568 provin·

1151 2590 1214 2650 ciae
1242 2595 1272 2650 et
1303 2590 1487 2650 missionum
1518 2605 1589 2663 enm
1621 2586 1714 2662 regiis
1744 2582 1896 2646 ministris

1152 2683 1319 2760 praedictas
1340 2682 1552 2760 eleemosynas
1572 2681 1717 2752 solicitet,
1729 2679 1832 2756 sitque
1846 2676 1896 2736 iis·

1152 2777 1222 2838 dem
1244 2777 1387 2852 cognitus
1402 2785 1433 2838 et
1448 2784 1563 2852 gratus,
1579 2773 1750 2852 praedictae
1762 2772 1896 2833 eleemo-

1152 2887 1245 2946 synae
1268 2871 1299 2930 in
1312 2876 1377 2931 toto
1399 2869 1448 2930 rel
1464 2869 1496 2929 in
1513 2869 1623 2944 magna
1637 2875 1723 2944 parte
1738 2865 1893 2928 deficiant.

1152 2964 1343 3040 Quapropter
1364 2961 1428 3038 ipse
1449 2961 1628 3022 Franciscus
1653 2973 1724 3020 cnm
1745 2974 1803 3020 suo
1824 2955 1898 3016 delr-

1153 3057 1266 3118 nitorio
1281 3055 1470 3134 prospiciens
1482 3053 1726 3114 benedictarum
1740 3064 1897 3112 sacrarum

1153 3151 1352 3222 missionum,
1382 3155 1416 3209 ut
1443 3165 1483 3210 ne
1513 3148 1639 3209 eaedem
1671 3145 1898 3208 detrimentum

1152 3245 1320 3320 patiantur,
1347 3242 1520 3319 plurimum
1548 3239 1754 3312 desiderabat,
1778 3244 1813 3298 ut
1839 3235 1897 3296 sibi

1153 3335 1328 3398 facultatem
1351 3334 1535 3397 instituendi
1557 3334 1590 3394 in
1611 3331 1765 3410 praedicto
1787 3329 1897 3408 oppido

1152 3428 1267 3490 llatriti
1292 3428 1426 3506 aliquem
1448 3443 1487 3488 ex
1508 3427 1570 3488 suis
1598 3425 1750 3501 religiosis
1772 3424 1804 3484 in
1826 3437 1897 3500 pro-

1151 3529 1337 3596 curatorem,
1365 3521 1420 3598 qui
1442 3521 1591 3583 continuo
1613 3517 1727 3580 ibidem
1753 3517 1897 3578 assistens

1152 3614 1318 3691 praedictas
1346 3614 1558 3690 eleemosynas
1584 3613 1737 3676 solicitare
1762 3618 1793 3673 et
1815 3609 1898 3670 lavo-

1152 3721 1218 3766 rem
1249 3705 1431 3767 eorumdem
1458 3705 1579 3781 llegum
1607 3705 1639 3764 in
1666 3702 1898 3766 necessitatibus

1152 3807 1183 3861 et
1205 3799 1481 3877 persecutionibus
1499 3815 1575 3876 quae
1590 3797 1771 3875 frequenter
1792 3796 1897 3858 barba·
1978 3830 1984 3840 ·

1152 3893 1194 3954 ris
1215 3893 1364 3954 Airicanis
1380 3899 1486 3954 contra
1503 3891 1569 3952 illas
1584 3891 1770 3964 excitantur,
1787 3889 1898 3966 duplo-

1153 4001 1221 4047 rare
1242 3985 1358 4062 valeat3
1381 4003 1414 4046 ac
1436 3986 1563 4062 insuper
1587 3983 1756 4046 collocandi
1778 3982 1897 4044 dietum

1152 4085 1385 4157 procuratorem
1406 4094 1477 4138 cum
1498 4077 1579 4139 socio
1601 4076 1646 4137 illi
1669 4075 1898 4151 designandum

1154 4173 1206 4251 (ob
1217 4173 1421 4236 deficientiam
1437 4179 1609 4234 conventus
1621 4170 1798 4248 provinciae
1812 4186 1897 4248 prae-

1153 4266 1250 4328 dictae
1265 4267 1297 4326 in
1312 4265 1486 4345 supradicto
1507 4263 1630 4343 oppido)
1652 4263 1684 4324 in
1699 4279 1899 4341 quocumque

1153 4376 1193 4422 ex
1214 4359 1313 4422 tribus
1335 4359 1540 4422 conventibus
1561 4358 1757 4419 diversarum
1772 4356 1900 4433 provin-

1154 4453 1272 4516 ciarum
1305 4453 1427 4516 Ordinis
1455 4451 1592 4516 eiusdem
1622 4450 1654 4514 S.
1683 4449 1838 4513 Francisci
1865 4449 1899 4511 in

1154 4549 1265 4630 oppido
1286 4549 1462 4611 huiusmodi
1484 4547 1699 4621 existentibus,
1719 4561 1814 4624 quem
1835 4545 1900 4623 ipse

1154 4643 1333 4707 Franciscus
1365 4641 1547 4704 iudicaverit
1576 4641 1835 4718 opportuniorem
1863 4639 1899 4698 ad

1155 4739 1339 4816 praedictam
1367 4736 1633 4813 procurationem,
1662 4735 1827 4795 accedente
1856 4742 1899 4795 ta·

1156 4847 1229 4893 men
1254 4846 1406 4892 consensu
1439 4829 1624 4890 dilectorum
1646 4826 1784 4886 tiliorum
1810 4842 1900 4903 supe-

1156 4925 1245 4984 rioris
1267 4923 1350 4984 illius
1371 4928 1544 4984 conventus
1564 4935 1618 4981 seu
1641 4920 1735 4981 etiam
1763 4919 1899 4980 ministri

1155 5015 1308 5092 generalis
1329 5031 1385 5093 pro
1406 5023 1545 5093 tempore
1566 5013 1899 5087 existentiumoonce

1155 5108 1261 5184 deret3
1294 5108 1450 5170 emanavit
1471 5109 1506 5170 ad
1533 5107 1790 5185 supplicationem
1815 5120 1901 5182 prae·

1155 5203 1228 5264 dicti
1259 5201 1412 5264 Francisci
1444 5201 1482 5261 ab
1508 5201 1614 5262 eadem
1651 5197 1901 5275 dangregatione

1156 5295 1365 5358 Cardinalium
1386 5293 1544 5356 decretum
1578 5293 1694 5354 tenoris
1723 5293 1777 5370 qui
1799 5291 1900 5368 sequi-

1155 5397 1217 5464 tur,
1234 5389 1397 5451 videlicet:

1195 5579 1359 5639 Decretum
1372 5578 1479 5640 Sacrae
1495 5579 1748 5655 congregationis
1768 5581 1901 5643 Genera·
1929 5593 2132 5638 nociatumcon·

1155 5671 1192 5731 lis
1214 5673 1251 5734 de
1273 5671 1466 5748 Propaganda
1487 5671 1561 5734 Fide
1583 5673 1683 5733 babita
1711 5673 1760 5734 die
1781 5689 1823 5734 tv.
1847 5691 1898 5735 an·
1917 5651 2014 5748 ,⁸223ss
2035 5646 2131 5704 praera-

1156 5765 1239 5840 gusti
1260 5779 1485 5826 uncoxxxvnr.
