4836 6998
128 591 183 641 Au.
199 591 229 642 O.
251 589 319 642 1732

128 3341 329 3395 Derogatiocon·

112 3393 262 3440 trariorum.

1017 601 1158 646 ctiuueds
1181 603 1237 647 xli.

349 738 397 784 res
419 729 549 797 nostros,
578 739 611 786 ac
639 723 732 784 etiam
763 739 817 802 per
848 739 904 784 nos
933 729 963 784 et
986 719 1097 782 Sedem

348 817 553 894 Apostolicam
575 817 740 895 praelatam
763 833 817 894 pro
833 825 972 894 tempore
988 814 1098 876 lacien-

348 909 394 971 dis
415 919 446 972 et
468 912 681 984 concedendis,
706 911 926 988 comprehendi
946 927 1031 988 posse
1047 907 1096 968 vel

349 1004 476 1080 debere3
499 995 550 1066 sed
572 1021 695 1082 semper
709 1005 746 1065 ab
762 1003 822 1064 illis
837 1005 947 1082 excipi,
964 1013 1006 1078 et,
1023 1019 1099 1080 quo-

350 1099 406 1158 ties
428 1097 497 1158 illae
525 1097 727 1172 emanabant,
752 1098 841 1158 toties
863 1099 894 1158 in
918 1098 1095 1176 pristinum,

349 1199 379 1252 et
400 1206 473 1252 eum
496 1191 526 1251 in
550 1206 611 1268 quo
633 1199 704 1252 ante
725 1191 888 1269 praemissa
907 1187 1099 1268 quomodoli-

349 1283 401 1344 bet
426 1291 514 1344 erant
545 1291 658 1346 statum
693 1284 864 1357 restitutas,
898 1283 1044 1360 repositas
1066 1289 1098 1342 et

349 1375 487 1454 plenarie
519 1377 735 1454 reintegratis,
763 1393 796 1436 ac
823 1375 861 1436 de
890 1390 971 1436 novo
1004 1374 1096 1436 etiam

348 1469 406 1530 sub
426 1485 624 1548 quacumque
645 1469 808 1548 posteriori
830 1469 896 1530 dati
910 1485 965 1545 per
979 1467 1096 1528 dictum

349 1564 536 1624 modernum
552 1570 583 1623 et
600 1581 655 1642 pro
671 1570 809 1640 tempore
824 1563 1010 1622 existentem
1027 1560 1096 1638 Epi-

348 1671 476 1734 scopum
498 1655 753 1734 bisignanensem
769 1653 1027 1733 quandocumque
1042 1653 1098 1714 eli-

349 1750 448 1826 genda
462 1765 630 1826 concessas,
643 1752 820 1828 validasque
834 1756 866 1810 et
882 1749 1017 1810 edicaces
1033 1746 1098 1806 lore

348 1851 380 1904 et
401 1858 478 1917 esse,
500 1859 633 1921 suosque
661 1844 815 1922 plenarios
836 1851 866 1904 et
896 1843 1034 1916 integros
1053 1838 1098 1900 el-

348 1937 445 1998 ieotns
466 1937 571 1998 sortiri
591 1943 622 1998 et
643 1937 796 2010 obtinere,
819 1935 940 2012 illisque
960 1951 993 1996 ac
1007 1931 1099 1994 colle-

349 2030 399 2106 gio
420 2045 476 2090 seu
497 2029 662 2091 seminario
685 2047 699 2090 a
722 2030 809 2090 nobis
831 2045 886 2107 per
905 2033 1095 2108 praesentes,

350 2131 384 2184 ut
406 2122 589 2201 praefertur,
612 2132 714 2184 erecto
739 2121 928 2195 huiusmodi,
953 2120 1096 2196 illiusque

349 2217 463 2295 pueris,
486 2216 653 2292 magistris,
675 2215 867 2289 officialibus,
890 2214 1018 2290 aliisque
1042 2212 1098 2272 mi-

349 2309 455 2370 nistris
471 2310 503 2370 in
519 2325 555 2370 eo
570 2325 625 2388 pro
642 2316 778 2388 tempore
793 2305 999 2382 existentibus
1010 2319 1097 2382 prae-

349 2401 429 2475 latis,
459 2409 609 2479 perpetuo
636 2401 813 2477 sullragari,
842 2400 945 2476 sicque
972 2404 1003 2458 et
1032 2413 1096 2458 non

349 2494 439 2556 aliter
463 2509 518 2570 per
546 2510 758 2572 quoscumque
784 2491 898 2554 iudices
926 2491 1097 2552 ordinarios

349 2593 380 2648 et
401 2585 567 2662 delegatos,
591 2589 683 2648 etiam
714 2601 876 2648 causarum
904 2584 1005 2663 palatii
1026 2599 1095 2662 apo-

348 2679 447 2742 stolici
469 2679 640 2754 auditores,
670 2697 704 2740 ac
732 2677 761 2740 S.
787 2679 822 2740 R.
848 2679 883 2740 E.
908 2677 1095 2752 cardinales,

348 2773 441 2835 etiam
462 2774 500 2835 de
521 2773 616 2835 latere
648 2773 774 2848 legatos,
798 2771 1012 2847 vice-legatos,
1036 2772 1097 2834 dic·

347 2873 459 2945 taeque
487 2865 574 2928 Sedis
602 2867 744 2942 nuncios,
767 2865 893 2929 iudicari
914 2875 946 2926 et
972 2865 1096 2927 definiri

348 2959 472 3035 debere,
489 2961 678 3038 irritumque
694 2968 724 3022 et
745 2960 838 3021 inane
859 2959 1055 3021 decernimus
1070 2960 1096 3020 si

347 3068 434 3116 secus
454 3069 548 3132 super
570 3055 616 3114 bis
637 3070 652 3114 a
673 3069 841 3132 quoquam,
864 3051 950 3129 qnasi
965 3053 1097 3113 auctori-

348 3155 428 3223 tate,
450 3149 603 3222 scienter,
637 3147 687 3208 vel
710 3147 908 3224 ignoranter,
929 3145 1096 3222 eontigerit

347 3241 501 3304 attentari.

387 3337 406 3411 5
427 3336 456 3397 8.
480 3334 548 3398 Non
570 3335 761 3396 obstantibus
776 3333 1050 3395 constitutionibus
1065 3341 1095 3394 et

346 3428 591 3491 ordinationibus
618 3427 805 3505 apostolicis,
836 3441 957 3510 necnon
981 3426 1095 3504 primo·

345 3522 420 3585 dicti
441 3521 633 3594 monasterii,
650 3528 680 3582 et
701 3520 823 3583 Ordinis
837 3520 925 3582 cuius
939 3518 1014 3581 illud
1032 3519 1095 3579 exi-

345 3617 410 3691 stit,
434 3617 527 3678 etiam
556 3617 745 3688 iuramento,
768 3613 1005 3675 confirmatione
1025 3629 1095 3691 apo-

345 3711 463 3783 stolica,
486 3709 536 3771 vel
558 3709 664 3786 quavis
686 3707 832 3769 sumitate
854 3707 909 3768 alib
931 3707 1092 3778 roboratis,

345 3804 467 3866 statutis
482 3809 512 3862 et
527 3800 817 3872 consuetudinibus,
833 3799 1005 3876 privilegiis
1020 3815 1094 3875 quo-

346 3914 419 3976 que,
441 3896 570 3958 indultis
592 3903 622 3956 et
644 3894 741 3956 literis
763 3893 946 3972 apostolicis,
970 3893 1096 3970 quibus·

346 3992 393 4052 vis
414 3989 624 4068 superioribus
646 3996 676 4049 et
704 3987 854 4065 personis,
878 4003 911 4047 ac
932 3986 1094 4063 quibusvis

346 4083 484 4159 collegiis
504 4099 559 4142 seu
581 4080 766 4153 seminariis,
789 4079 977 4156 illorumque
996 4087 1095 4140 recto·

346 4177 443 4252 ribus,
471 4176 599 4252 aliisque
630 4173 782 4252 personis,
811 4172 869 4233 sub
896 4171 1094 4250 quibuscum-

346 4287 408 4350 que
429 4269 588 4332 tenoribus
610 4274 639 4327 et
662 4263 778 4339 lormis,
800 4283 833 4326 ac
848 4281 919 4326 oum
934 4266 1094 4342 quibusvis

346 4363 609 4440 derogatoriarum
637 4359 850 4436 derogatoriis,
879 4359 1007 4437 aliisque
1029 4359 1093 4419 etli-

345 4457 526 4528 cacioribus,
548 4453 764 4516 efficacissimis
779 4460 810 4513 et
829 4452 959 4514 insolitis
974 4453 1093 4514 clausu-

347 4552 395 4626 lis,
418 4567 452 4611 ac
472 4549 565 4610 etiam
594 4546 788 4608 irritantibus
809 4553 840 4607 et
862 4545 928 4606 aliis
950 4547 1092 4618 decretis,

346 4643 379 4704 in
402 4657 517 4718 genere
532 4640 579 4702 vel
597 4641 629 4701 in
643 4641 756 4718 specie,
773 4639 866 4699 etiam
884 4647 969 4700 motu
983 4639 1093 4713 simili,

346 4753 379 4798 ac
399 4736 470 4796 aliis
491 4734 523 4795 in
545 4735 736 4794 contrarium
757 4731 996 4810 praemissorum
1019 4749 1093 4808 quo-

347 4827 515 4890 modolibet
542 4826 692 4888 concessis
720 4837 751 4886 et
780 4825 952 4899 innovatis3
982 4823 1094 4902 quibus

346 4922 491 4984 omnibus
519 4927 549 4981 et
576 4918 718 4993 singulis,
748 4917 868 4978 etiamsi
898 4918 933 4978 de
962 4917 1021 4978 illis
1043 4932 1095 4978 eo-

346 5029 481 5091 rumque
504 5013 574 5074 totis
598 5011 755 5072 tenoribus
776 5009 926 5088 specialis,
942 5011 1092 5087 specifica,

346 5124 487 5187 expressa
508 5116 540 5167 et
563 5106 728 5178 individua,
750 5121 783 5165 ac
804 5106 841 5166 de
864 5104 959 5164 verbo
974 5106 1008 5166 ad
1026 5121 1094 5165 ver-

346 5203 433 5277 bum,
457 5207 645 5262 nouantem
674 5216 730 5277 per
756 5197 908 5259 clausulas
936 5197 1094 5272 generales

346 5297 428 5357 idem
450 5295 665 5372 importantes,
689 5293 808 5353 mentio
835 5299 888 5352 aut
915 5292 1016 5368 aliqua
1037 5291 1094 5350 alia

348 5389 498 5466 exquisita
520 5387 618 5448 forma
639 5387 675 5448 ad
697 5387 755 5446 lroc
774 5385 924 5446 servanda
946 5385 1037 5458 leret,
1061 5384 1094 5444 il-

348 5483 449 5544 lorum
477 5491 598 5542 tenores
626 5480 838 5557 praesentibus
866 5496 921 5555 pro
950 5477 1041 5556 plene
1063 5485 1094 5538 et

347 5575 537 5637 sufficienter
559 5573 709 5649 expressis
726 5572 884 5645 babentes,
901 5569 959 5632 illis
974 5570 1046 5630 aliis
1062 5571 1093 5630 in

348 5685 403 5730 suo
426 5668 536 5729 robore
562 5665 783 5744 permansuris,
813 5666 958 5726 latissime
980 5673 1010 5726 et
1032 5664 1094 5742 ple-

348 5762 475 5823 nissime
496 5769 526 5822 et
548 5775 690 5838 expresse
711 5759 767 5821 hac
788 5759 855 5820 vice
870 5759 1029 5819 dumtaxat
1044 5759 1094 5819 de·

1155 737 1315 798 rogamus3
1338 723 1511 802 ceterisque
1526 723 1687 785 contrariis
1702 723 1902 800 quibuscum-

1154 832 1225 890 que.

1194 911 1212 982 ἓ
1233 910 1262 972 9.
1288 909 1372 970 Nulli
1394 925 1469 985 ergo
1487 911 1619 972 omniuo
1635 911 1798 972 bominum
1814 909 1903 970 liceat
1923 923 2062 1024 naisignino
2079 935 2136 981 poa-

1154 1002 1231 1062 laanc
1251 1003 1393 1081 paginam
1410 1011 1533 1065 nostrae
1549 1003 1841 1076 dismembrationis,
1858 1019 1902 1062 se·

1154 1095 1330 1172 parationis‚
1353 1098 1585 1172 segregationis,
1617 1097 1791 1171 erectionis,
1816 1097 1903 1158 insti·

1155 1187 1294 1262 tutionis,
1319 1189 1456 1263 unionis,
1472 1191 1654 1250 annexionis
1676 1198 1706 1250 et
1729 1191 1902 1268 incorpora-

1156 1280 1256 1355 tionis,
1282 1282 1500 1354 translationis,
1525 1283 1735 1360 applicationis
1757 1293 1789 1345 et
1810 1283 1904 1344 dona-

1153 1374 1259 1447 tionis,
1282 1375 1518 1449 commissionis,
1550 1377 1696 1452 mandati,
1720 1377 1901 1450 voluntatis

1154 1468 1268 1528 decreti
1295 1475 1325 1528 et
1354 1469 1561 1544 derogationis
1589 1469 1773 1546 intringere,
1804 1471 1851 1532 vel
1875 1472 1904 1531 ei

1154 1577 1230 1621 ausu
1259 1563 1422 1623 temerario
1449 1564 1619 1638 contraire;
1650 1565 1674 1624 si
1701 1564 1770 1641 quis
1798 1573 1904 1626 autem

1154 1654 1211 1715 lroc
1239 1661 1391 1716 attentare
1424 1658 1683 1733 praesumpserit,
1718 1657 1904 1732 indignatio·

1155 1764 1227 1808 nem
1250 1749 1475 1828 omnipotentis
1503 1749 1556 1810 Oei
1579 1767 1611 1811 ac
1635 1750 1795 1810 beatorum
1822 1750 1903 1810 Petri

1154 1849 1185 1901 et
1206 1841 1290 1902 Pauli
1317 1841 1535 1918 Apostolorum
1564 1843 1630 1903 eius
1651 1859 1684 1902 se
1712 1843 1835 1904 noverit
1857 1843 1904 1903 in·

1154 1951 1331 1996 cursurum.

1194 2029 1305 2090 Datum
1320 2028 1446 2102 llomae,
1459 2027 1537 2106 apud
1555 2027 1585 2092 S.
1600 2028 1727 2090 llariam
1743 2029 1902 2104 Maiorem,

1153 2138 1235 2182 anno
1258 2121 1477 2184 incarnationis
1500 2121 1677 2182 Dominicae
1693 2138 1903 2197 uocoxxmx,

1155 2233 1183 2275 v.
1207 2215 1275 2277 illus
1296 2215 1440 2287 octobris,
1463 2213 1575 2292 pontii.
1599 2216 1694 2276 nostri
1718 2232 1800 2276 anno
1823 2233 1870 2276 ur.

1503 2499 1554 2560 Xl.

1155 2684 1329 2764 Gorafirmat
1363 2685 1488 2748 decreto
1522 2685 1823 2747 Commissariorum
1853 2703 1902 2764 pc-

1193 2779 1353 2840 aei-attunt
1380 2779 1549 2841 indiarum
1579 2777 1711 2840 Ordinis
1738 2780 1901 2841 Minorem

1193 2870 1305 2932 Sancti
1328 2870 1491 2931 Frnrtrisri
1508 2870 1795 2940 Discalrentorom,
1813 2870 1901 2930 circa

1192 2963 1374 3022 missionem
1411 2963 1593 3024 visitatoris
1624 2963 1665 3024 od
1700 2962 1901 3038 provinciam

1193 3055 1224 3118 S.
1252 3057 1397 3134 Gregorii
1427 3056 1462 3116 in
1492 3056 1613 3118 literalis
1642 3055 1839 3132 Philippicis
1860 3072 1900 3115 aa

1192 3151 1301 3213 otianti
1321 3149 1488 3227 proriaeid
1509 3157 1567 3211 etc.
1592 3149 1647 3229 (l).

1259 3381 1262 3390 .
1352 3317 1538 3385 elidetis
1560 3318 1619 3384 ΡΡ.
1640 3317 1697 3383 llll.

1292 3440 1328 3507 ad
1350 3440 1479 3507 laturam
1502 3441 1545 3507 rei
1575 3441 1756 3508 memoriam.

1191 3619 1259 3696 §l
1286 3617 1404 3694 Exponi
1433 3617 1520 3678 nobis
1547 3635 1649 3696 nuper
1678 3619 1749 3681 lecit
1771 3617 1901 3679 dilectus
1952 3648 2134 3693 neppam,

1152 3714 1233 3774 blius
1257 3711 1415 3773 Vicentius
1437 3711 1550 3786 ingles,
1567 3711 1709 3773 minister
1728 3711 1900 3791 provincia·
1920 3704 2021 3746 summ.

1151 3808 1186 3867 lis
1208 3805 1385 3884 provinciae
1414 3804 1444 3866 S.
1474 3805 1613 3880 Gregorii
1637 3806 1667 3866 in
1694 3805 1806 3866 Insulis
1832 3805 1900 3865 Plri-

1153 3899 1276 3977 lippinis
1304 3897 1425 3958 Ordinis
1459 3896 1591 3958 fratrum
1617 3897 1773 3959 llinorum
1797 3897 1900 3960 Sancti

1153 3991 1303 4054 Francisci
1336 3989 1591 4051 Discalceatorum
1624 3999 1898 4068 nuncupatorum,

1151 4085 1231 4162 quod
1261 4081 1362 4146 dilecti
1392 4081 1447 4141 srlii
1477 4083 1605 4143 loannes
1627 4083 1664 4143 de
1690 4081 1763 4144 Soto
1789 4091 1818 4144 et
1844 4085 1901 4145 Do-

1150 4178 1285 4238 minicus
1319 4173 1467 4248 Lossada,
1504 4176 1633 4236 ultimus
1665 4192 1699 4236 ac
1732 4177 1899 4238 modernus

1150 4269 1319 4355 respective
1340 4269 1539 4330 commissarii
1563 4269 1723 4344 generales
1741 4270 1898 4330 indiarum

1150 4365 1222 4425 dicti
1250 4362 1386 4434 Ordinis,
1416 4361 1563 4438 quaedam
1592 4363 1714 4423 decreta
1741 4379 1797 4440 pro
1818 4363 1898 4424 bono

1150 4459 1246 4519 diotae
1268 4455 1444 4534 provinciae
1465 4456 1619 4530 regimine
1641 4455 1815 4530 ediderunt,
1832 4457 1900 4534 qui·

1151 4552 1223 4624 bus,
1255 4548 1536 4610 commissariorum
1569 4549 1763 4624 generalium
1793 4551 1898 4610 liuius-

1151 4643 1232 4705 modi
1266 4649 1496 4702 antecessorum
1526 4658 1656 4702 suorum
1688 4641 1899 4704 ordinationes

1150 4735 1373 4807 conlirmando,
1401 4733 1589 4796 mandarunt
1617 4736 1825 4796 commissario
1847 4751 1899 4810 ge-

1150 4829 1247 4891 nerali
1270 4827 1372 4888 Novae
1390 4827 1549 4903 Hispaniae
1564 4827 1686 4888 Ordinis
1702 4827 1826 4906 praelati
1844 4844 1899 4905 pro

1152 4933 1290 5000 tempore
1322 4920 1479 4994 existenti,
1504 4929 1538 4980 ut
1566 4921 1746 4982 nullatenus
1775 4921 1900 4982 mittere

1152 5017 1250 5077 valeat
1268 5015 1303 5076 ad
1319 5013 1431 5074 dictam
1447 5013 1637 5090 provinciam
1655 5013 1845 5074 visitatorem
1861 5029 1900 5072 ex

1151 5109 1247 5169 alieni
1269 5107 1436 5186 provincia,
1461 5122 1562 5183 neque
1583 5106 1677 5181 eligat
1693 5106 1742 5166 vel
1759 5107 1901 5168 nominet

1151 5217 1187 5261 ex
1209 5202 1315 5261 eidem
1344 5195 1501 5276 provincial
1530 5199 1624 5260 alium
1652 5209 1774 5276 praeter
1802 5209 1899 5260 tresa

1149 5311 1205 5354 suo
1227 5292 1401 5353 delinitorlo
1423 5292 1593 5370 propositos
1615 5291 1650 5350 ad
1673 5292 1898 5366 visitationem3

1150 5386 1294 5446 similiter
1317 5401 1357 5445 ne
1379 5385 1515 5445 detineat
1537 5379 1655 5445 vocales
1677 5393 1707 5444 et
1724 5393 1901 5461 procurato-

1151 5495 1199 5539 res
1222 5479 1328 5538 missos
1350 5477 1387 5538 ab
1404 5479 1509 5538 eidem
1526 5477 1694 5554 provincia,
1713 5493 1792 5538 neve
1806 5495 1838 5537 se
1854 5478 1900 5536 in-

1152 5572 1304 5632 tromittat
1326 5571 1357 5630 in
1380 5586 1490 5631 eorum
1512 5571 1728 5648 eleemosynis,
1748 5585 1850 5647 neque
1866 5571 1898 5629 in

1151 5663 1284 5739 negotiis
1298 5663 1355 5724 sibi
1369 5665 1554 5724 commissis:
1573 5673 1603 5725 et
1617 5663 1700 5738 aliis,
1718 5671 1809 5740 prout
1825 5663 1898 5724 ube-

1150 5757 1216 5817 rius
1237 5756 1417 5816 continetur
1439 5757 1470 5817 in
1492 5757 1630 5833 ipsorum
1652 5756 1774 5817 loannis
1796 5763 1826 5815 et
1842 5757 1897 5815 lla-

863 5897 947 5904 -·.-..
956 5897 1106 5904 -..--—-.-
1115 5899 1143 5902 —
1164 5897 1182 5902 ..
1194 5895 1392 5903 .——-.—-—-.-

391 5973 420 6028 (l)
437 5974 474 6016 Ex
487 5973 591 6028 aegest.
608 5971 634 6016 in
650 5972 725 6016 Arcti.
742 5975 814 6015 Brer.

1825 585 1884 648 439
1935 582 1989 635 An.
2004 585 2033 636 O.
2057 585 2123 636 1732
