4878 6982
98 5599 313 5664 ita-numerarat-

91 5655 230 5755 ididia
250 5655 313 5702 ⁵³¹¹·

973 621 1183 680 1111111111
1203 619 1262 679 xit.

340 754 414 816 1111
429 751 518 827 vixit,
534 749 749 830 Hispaniarum
762 751 844 828 regis
860 752 999 816 catholici
1014 767 1086 815 con-

338 861 443 920 sensu,
466 852 622 908 reservato
649 852 754 906 tamen
779 845 808 907 ei
828 845 967 924 ipsorum
995 847 1086 907 semi-

339 939 499 1002 nariorum
513 938 757 1016 iurepatronatu,
775 938 887 1012 erexit,
903 938 1040 1000 instituit
1054 945 1086 1000 et

338 1031 497 1105 laudarit,
520 1045 629 1093 earum
651 1031 840 1093 erectionem
871 1031 1049 1094 huiusmodi
1070 1047 1085 1092 a

338 1123 435 1186 ielicis
448 1121 669 1186 recordationis
684 1122 864 1184 Innocentio
878 1122 933 1184 ΡΡ.
947 1124 985 1184 11.
1000 1139 1085 1202 prae·

338 1219 496 1280 decessore
526 1223 646 1292 nostro,
676 1231 733 1294 per
753 1216 819 1276 eius
852 1215 967 1278 litteras
998 1216 1085 1278 dosu-

338 1325 395 1389 per
415 1310 448 1372 in
469 1309 562 1371 simili
584 1309 682 1370 111111
708 1310 816 1370 Brevis
838 1310 886 1372 die
908 1323 987 1370 xxu.
1013 1309 1084 1371 maii

338 1415 517 1464 1111111111.
540 1401 709 1481 expeditas,
725 1401 902 1464 confirmari
925 1408 957 1464 et
978 1417 1086 1481 appro-

337 1496 404 1557 bari
425 1495 571 1570 obtinuit,
588 1501 680 1572 prout
701 1494 734 1555 in
756 1493 878 1572 publico
892 1511 985 1573 super
999 1509 1086 1572 prae-

338 1589 439 1651 missis
459 1587 598 1650 coniecto
619 1585 941 1650 instrumentoiusius
962 1602 1084 1664 appare·

338 1695 372 1742 re
392 1697 426 1744 ac
456 1681 490 1742 in
521 1681 610 1742 dictis
640 1680 814 1743 innocentii
845 1679 1085 1758 praedecessoris

337 1773 449 1836 litteris
464 1773 589 1836 uberius
603 1774 775 1853 respective
789 1772 902 1835 dicitur
915 1772 1081 1834 contineri.

337 1868 538 1930 Postmodum
553 1881 627 1928 vero
648 1867 747 1929 dictus
762 1866 947 1928 Emmanuel
964 1865 1084 1943 Episco-

336 1977 395 2040 pus
416 1960 608 2039 praedictum
629 1960 833 2022 seminarium
852 1960 882 2021 S.
900 1959 996 2034 Pauli,
1011 1958 1084 2036 quia

336 2053 415 2116 iliud
436 2051 576 2116 nondum
598 2051 772 2130 perlectum
786 2053 1010 2131 reperiebatur,
1026 2067 1084 2112 nec

336 2146 366 2209 ei
386 2151 425 2210 de
453 2147 633 2209 necessariis
658 2163 712 2224 pro
740 2146 906 2208 sufficienti
931 2146 1081 2208 iuvenum

335 2241 368 2302 in
389 2255 426 2302 eo
445 2240 680 2304 educandorum
707 2238 897 2301 habitatione
917 2255 950 2300 ao
975 2237 1084 2300 ceteris

336 2335 373 2396 ad
393 2334 513 2396 victum
534 2339 565 2394 et
587 2335 729 2395 decorem
757 2331 986 2409 pertinentibus
1014 2345 1082 2408 pro-

335 2427 439 2490 visum
460 2433 537 2501 erat,
559 2427 665 2504 perfici
687 2426 817 2499 curarit,
833 2426 925 2503 eique
946 2437 1084 2500 congrue

334 2520 481 2600 providit,
504 2535 637 2594 necnon,
659 2535 715 2598 pro
735 2519 898 2580 ordinariis
912 2533 967 2580 scu
982 2525 1084 2577 extra-

336 2612 499 2674 ordinariis
514 2611 598 2674 iliius
612 2612 756 2689 expensis
769 2610 996 2688 supportandis,
1013 2609 1082 2670 mii-

335 2705 366 2768 11
386 2713 418 2767 11
449 2705 635 2783 quingentas
666 2712 782 2782 patacas
809 2705 877 2765 auri
907 2703 1082 2765 communis

335 2805 480 2861 monetae
500 2797 624 2859 illarum
646 2798 781 2876 partium
801 2797 896 2876 ipsius
916 2796 1028 2858 rectori
1043 2811 1082 2856 ex

334 2891 554 2954 communibus
580 2889 748 2952 redditibus
780 2890 1008 2968 praedictorum
1035 2905 1082 2949 se-

335 2985 542 3047 minariorum
564 2983 609 3046 Ss.
627 2983 709 3044 Petri
729 2989 761 3043 et
784 2983 905 3044 ioannis
920 2983 1081 3044 abeorum

335 3077 583 3140 administratore
593 3081 626 3136 et
641 3075 831 3137 thesaurario
846 3075 937 3137 annis
950 3075 1081 3154 singulis

334 3170 562 3248 persolvendas,
585 3183 654 3230 cum
680 3167 808 3228 cautelis
829 3175 860 3228 et
881 3168 1083 3230 circumstan-

335 3263 386 3324 tiis
409 3261 441 3324 in
463 3261 615 3324 similibus
637 3261 748 3339 apponi
769 3259 883 3336 solitis,
906 3261 1079 3339 applicavit,

334 3369 367 3418 ac
388 3355 516 3433 insuper
537 3353 702 3416 declaravit
723 3359 754 3414 et
774 3351 912 3414 decrevit
933 3355 1014 3430 quod
1035 3359 1081 3415 to-

335 3455 385 3510 tus
405 3447 481 3510 dicti
502 3446 659 3509 seminarii
674 3445 705 3510 S.
724 3445 808 3508 Pauli
830 3445 907 3507 situs
928 3461 1000 3508 oum
1015 3446 1081 3507 eius

335 3540 468 3603 terrenis
489 3545 520 3601 et
541 3539 727 3611 conlinibus,
743 3546 834 3616 prout
849 3555 887 3599 ex
902 3537 1016 3617 planti,
1034 3539 1081 3600 in·

333 3633 519 3696 strumentis
540 3640 570 3694 et
591 3631 691 3693 titulis
712 3632 789 3693 situs
812 3632 990 3694 huiusmodi
1012 3647 1080 3710 pro-

334 3726 498 3805 prietatem
509 3725 795 3788 demonstrantibus
806 3725 1078 3800 constaredicitar,

333 3819 493 3898 adipsum
515 3817 718 3879 seminarium
739 3817 770 3881 S.
788 3817 875 3880 Pauli
896 3818 1035 3894 legitimo
1050 3825 1081 3880 et

333 3911 536 3991 proprietario
558 3911 649 3972 titulo
670 3917 833 3988 spectaret,
849 3927 883 3972 ac
904 3911 1033 3988 proinde
1048 3911 1080 3972 in

332 4021 380 4080 11,
404 4011 562 4083 tamquam
577 4004 610 4064 in
625 4005 749 4082 proprio
764 4005 905 4066 eiusdem
921 4004 1080 4064 seminarii

333 4099 441 4172 lando,
457 4097 610 4160 aedificari
632 4104 733 4176 posset
753 4097 903 4176 quidquid
926 4099 964 4160 de
978 4105 1081 4160 cetero

331 4205 387 4270 pro
408 4191 517 4252 maiori
537 4190 621 4252 iilius
635 4192 798 4252 commodo
813 4197 844 4252 et
860 4189 994 4252 utilitate
1008 4207 1081 4252 con·

332 4284 410 4346 strui
431 4283 598 4364 expediens
619 4283 736 4346 luisset.
754 4283 902 4346 Ceterum
922 4299 978 4360 pro
999 4280 1080 4345 ielici

332 4392 541 4456 prosperoque
573 4377 645 4439 dicti
674 4375 832 4438 seminarii
864 4376 895 4439 S.
922 4375 1019 4449 Pauli,
1047 4383 1080 4436 11

330 4469 541 4548 collegiaiium
556 4470 588 4532 in
603 4485 641 4532 eo
655 4485 710 4548 pro
726 4477 866 4547 tempore
887 4483 1080 4530 commoran-

331 4565 424 4638 tium,
448 4579 571 4625 necnon
592 4562 819 4641 praedictorum
840 4561 1080 4624 seminariorum

332 4657 379 4720 Ss.
403 4657 486 4718 Petri
508 4663 538 4717 et
560 4655 683 4717 loannis
700 4657 852 4733 regimine
868 4663 898 4718 et
914 4655 1078 4732 gubernio,

331 4753 394 4809 tam
416 4748 498 4810 idem
520 4747 706 4810 Emmanuel
729 4747 896 4825 Episcopus
911 4763 1002 4825 quam
1020 4747 1080 4808 dic·

331 4849 381 4903 tus
402 4841 531 4903 loannes
552 4841 696 4902 similiter
718 4840 885 4918 Episcopus
906 4842 972 4902 eius
994 4849 1080 4901 ante·

330 4949 432 4996 cessar
453 4933 605 4996 nonnulla
625 4941 739 4995 statuta
762 4942 792 4996 et
808 4933 1016 4996 ordinationes
1032 4951 1079 4995 re-

330 5026 467 5104 spective
488 5025 630 5087 iecerunt
660 5041 715 5086 seu
737 5025 912 5100 ediderunt,
941 5043 1019 5105 quae
1040 5044 1079 5089 ex

330 5118 453 5197 publico
479 5118 529 5180 die
556 5130 645 5178 xxxx.
674 5119 777 5196 aprilis
809 5133 929 5180 nocxc.
958 5129 988 5181 et
1013 5121 1079 5181 aliis

329 5210 575 5290 itidempubiicis
587 5211 718 5288 desuper
729 5211 875 5273 conlectis
887 5213 1078 5275 instrumen-

330 5305 387 5380 tis,
411 5304 444 5366 in
464 5304 578 5382 quibus
603 5304 729 5366 uberius
755 5305 910 5366 contineri
931 5305 1079 5367 dicuntur

329 5398 509 5475 desumpta,
532 5403 562 5458 et
585 5397 617 5457 in
646 5397 777 5475 capitula
803 5398 982 5474 distributa,
1005 5408 1078 5461 sunt

328 5492 446 5552 tenoris
468 5490 522 5568 qui
543 5491 696 5568 sequitur,
719 5490 877 5552 videlicet:

369 5599 392 5646 1.
415 5583 500 5658 Quod
527 5583 734 5660 collegiaiium
767 5599 916 5645 numerus
943 5585 975 5646 in
997 5585 1077 5647 dicto

328 5677 497 5738 seminario
514 5675 545 5739 S.
560 5676 643 5738 Pauli
658 5693 714 5755 pro
731 5685 871 5756 tempore
885 5693 1079 5740 commoran-

329 5770 409 5833 tium
431 5785 495 5832 noa
517 5769 642 5833 excedat
663 5777 818 5832 octavum.

1143 751 1314 830 politanum
1333 767 1387 832 pro
1404 760 1544 832 tempore
1565 753 1750 815 existentem
1771 751 1889 829 eligen-

1142 844 1208 920 dae,
1231 852 1299 908 1111
1321 861 1377 925 111
1398 845 1544 924 obsequio
1565 861 1768 924 personarum
1789 844 1824 906 ad
1845 845 1889 906 bi-

1142 937 1327 1000 bliothecam
1359 939 1590 1013 accedentium,
1619 955 1690 1002 cum
1721 955 1776 1017 pro
1804 938 1889 1000 iilius

1141 1032 1386 1107 conservatione,
1400 1031 1550 1094 librorum
1566 1033 1685 1106 1111111,
1702 1031 1891 1094 1111111111-

1141 1123 1194 1198 tia,
1216 1125 1431 1199 demandetur,
1454 1140 1531 1202 quae
1552 1131 1698 1186 teneatur
1718 1125 1825 1188 diebus
1846 1123 1889 1185 ie-

1140 1215 1266 1279 riaiibus
1287 1217 1568 1296 indispensahiliter
1595 1217 1797 1279 bibliothecae
1817 1217 1888 1279 assi·

1140 1315 1232 1369 stere.

1182 1417 1229 1462 111.
1252 1402 1336 1477 Quod
1358 1403 1532 1479 collegiales
1562 1403 1592 1466 S.
1616 1403 1700 1465 Pauli
1722 1411 1889 1466 tencantur
1907 1409 2120 1524 coffiffler‘riffi

1140 1492 1349 1570 collegialibus
1371 1497 1416 1559 Ss.
1434 1496 1516 1558 Petri
1531 1503 1562 1558 et
1574 1497 1695 1558 ioannis
1716 1496 1888 1573 theologiae
1907 1515 1993 1560 senen
2009 1516 2090 1562 11111.

1139 1586 1335 1650 scholasticae
1349 1595 1380 1650 et
1396 1589 1521 1651 moralis
1542 1589 1756 1652 conclusiones
1777 1590 1888 1669 praesi-

1141 1693 1235 1754 gnare
1262 1697 1340 1758 quae
1360 1682 1398 1742 ab
1418 1681 1534 1744 eisdem
1562 1682 1760 1744 sustinendae
1782 1691 1886 1759 11111,

1140 1777 1170 1832 11
1192 1772 1356 1834 deficiente
1377 1775 1527 1852 collegiati
1551 1775 1693 1852 theologo
1710 1775 1741 1836 in
1756 1775 1886 1852 collegio

1141 1864 1172 1926 S.
1186 1863 1305 1926 loannis
1320 1867 1435 1929 artium
1450 1867 1699 1930 conclusionibus
1711 1867 1887 1946 praesiden-

1141 1967 1186 2031 te,
1216 1974 1295 2035 quae
1326 1959 1539 2021 conclusiones
1567 1968 1616 2022 ter
1637 1961 1669 2021 in
1697 1961 1887 2023 hebdomada

1139 2051 1339 2113 sustinendae
1366 2061 1477 2127 erunt,
1500 2070 1535 2114 ac
1555 2053 1645 2116 toties
1669 2055 1790 2132 quoties
1811 2069 1887 2131 opus

1140 2141 1246 2217 luerit,
1262 2144 1306 2204 eis
1321 2144 1494 2222 praesidere
1513 2146 1659 2222 debeant3
1677 2162 1799 2208 necnon
1814 2145 1887 2208 dicti

1139 2235 1311 2312 collegiales
1333 2236 1363 2301 S.
1387 2237 1472 2299 Pauli
1493 2237 1620 2314 obligati
1639 2239 1703 2299 sint
1724 2237 1758 2300 ad
1781 2239 1886 2316 legen·

1139 2329 1225 2403 dum,
1248 2330 1468 2408 cathedrasque
1487 2331 1696 2410 philosophiae
1717 2337 1748 2392 et
1769 2331 1886 2393 theolo-

1140 2422 1205 2497 giae
1227 2426 1412 2499 regendum,
1428 2441 1461 2486 ac
1476 2426 1708 2501 grammaticam
1730 2432 1761 2486 et
1782 2425 1886 2486 rheto-

1138 2515 1233 2576 ricam
1254 2532 1306 2576 eos
1333 2517 1527 2579 edocendum
1553 2533 1675 2595 semper
1696 2525 1727 2579 et
1747 2520 1886 2596 quando-

1138 2623 1272 2686 cumque
1283 2609 1322 2670 ob
1332 2610 1511 2684 absentiam,
1525 2611 1752 2684 infirmitatem,
1762 2610 1886 2672 aliudve

1139 2699 1313 2776 legitimum
1326 2704 1587 2780 impedimentum
1598 2703 1825 2782 praedictorum
1839 2719 1885 2764 se·

1139 2795 1345 2856 minariorum
1375 2796 1570 2858 cathedratici
1603 2805 1633 2857 et
1662 2797 1883 2873 magistrorum

1136 2887 1191 2964 qui
1222 2888 1450 2964 praedictarum
1481 2889 1698 2951 cathedrarum
1732 2888 1884 2965 gubernio

1138 2980 1279 3041 assistere
1294 2981 1511 3058 nequiverint;
1528 2999 1543 3042 a
1560 2997 1619 3060 qua
1640 2982 1809 3042 assistentia
1824 2981 1883 3043 col·

1139 3072 1262 3148 iegiales
1284 3073 1314 3136 S.
1327 3073 1412 3136 Pauli
1433 3075 1579 3152 praedicti
1596 3074 1778 3138 nullatenus
1792 3091 1885 3137 excu-

1137 3172 1260 3242 sentur3
1284 3166 1419 3244 dictique
1439 3167 1613 3244 collegiales
1634 3167 1666 3231 S.
1687 3167 1784 3243 Pauli,
1809 3184 1884 3246 quo-

1138 3259 1331 3337 tiescumque
1346 3261 1590 3336 grammaticam,
1604 3261 1801 3336 rhetoricam,
1818 3261 1886 3339 phi-

1138 3350 1306 3429 losophiam
1320 3351 1371 3412 vei
1386 3353 1573 3429 theologiam
1594 3353 1765 3432 supplendo
1786 3354 1884 3416 deiec-

1138 3451 1206 3506 tam
1219 3451 1249 3505 et
1263 3445 1434 3507 absentiam
1448 3447 1669 3522 magistrorum
1685 3447 1752 3508 aliis
1766 3447 1885 3510 duobus

1137 3537 1276 3614 collegiis
1298 3538 1440 3615 legerint,
1456 3547 1488 3600 11
1503 3540 1677 3616 collegiales
1692 3540 1883 3616 edocuerint,

1137 3631 1279 3709 prorata
1309 3633 1454 3711 temporis
1480 3633 1706 3712 suppleverint,
1736 3649 1885 3712 expensas

1135 3726 1202 3786 sive
1229 3725 1378 3788 alimenta
1398 3725 1528 3802 collegio
1559 3727 1725 3789 restituere
1755 3743 1819 3788 non
1841 3735 1884 3789 11-

1137 3825 1281 3893 neantur,
1304 3819 1426 3880 etiamsi
1447 3819 1594 3882 beneficia
1610 3821 1815 3896 obtinuerint,
1831 3821 1886 3884 sed

1136 3909 1441 3989 proportionabiliter
1463 3929 1519 3990 pro
1545 3913 1688 3976 mercede
1708 3912 1820 3974 laboris
1841 3913 1885 3974 eis

1136 4001 1329 4066 condonetur
1350 4003 1516 4066 restitutio.

1177 4113 1218 4156 xv.
1241 4097 1327 4171 Quod
1340 4097 1366 4158 si
1380 4095 1453 4158 dicti
1465 4096 1639 4174 collegiales
1655 4099 1693 4160 ob
1707 4097 1884 4160 huiusmodi

1135 4187 1341 4250 assistentiam
1362 4188 1489 4250 cuilibet
1510 4189 1599 4252 alteri
1621 4190 1801 4268 obligationi
1821 4191 1884 4251 sint

1136 4282 1292 4356 adstricti,
1321 4281 1525 4360 imposterum
1554 4282 1674 4346 liberati
1695 4291 1727 4344 at
1748 4284 1885 4362 exempti

1135 4375 1265 4436 omnino
1286 4383 1480 4437 remaneant.

1176 4484 1205 4528 v.
1229 4468 1312 4530 idem
1334 4469 1502 4548 Episcopus
1516 4477 1631 4544 111111,
1648 4470 1838 4532 1111111111
1852 4485 1885 4531 e·
1919 4489 1954 4536 ne
1969 4492 2115 4549 receptione

1903 4545 1929 4588 et
1942 4554 2049 4591 numero
2065 4547 2116 4592 coi·

1902 4595 2035 4652 legiaiium
2049 4600 2113 4647 san-

1136 4653 1241 4728 lactae,
1264 4653 1372 4716 statuit
1393 4653 1526 4716 formam
1547 4656 1580 4716 in
1602 4656 1681 4718 11111
1702 4655 1883 4718 fundatione
1902 4651 1935 4697 111
1951 4651 2026 4698 aaut.

1136 4561 1267 4623 rectioni
1295 4577 1349 4638 per
1380 4562 1499 4624 dictum
1527 4563 1791 4640 praedecessorem
1812 4563 1884 4625 alias

1133 4755 1293 4821 statutam,
1312 4762 1435 4810 necnon
1458 4749 1695 4810 constitutiones
1716 4749 1883 4810 abeodem

1135 4841 1366 4916 praedecessore
1388 4850 1553 4915 emanatas,
1568 4847 1631 4902 tam
1645 4841 1789 4904 videlicet
1802 4842 1883 4904 circa

1135 4933 1345 5009 receptionem
1366 4931 1576 5008 collegialium
1597 4933 1758 4994 seminarii
1779 4935 1810 4998 S.
1828 4935 1884 4995 Pe-

1136 5024 1187 5100 tri,
1210 5025 1264 5102 qui
1285 5039 1383 5101 usque
1405 5025 1442 5086 ad
1458 5026 1585 5101 triginta
1600 5025 1882 5103 circiterreoipian·

1136 5125 1197 5192 tur,
1221 5117 1337 5194 quique
1358 5115 1519 5195 praecipue
1543 5133 1689 5196 pauperes
1711 5118 1767 5178 iiiii
1789 5119 1883 5195 patri-

1135 5209 1285 5270 moniales
1307 5209 1439 5285 legitimi
1461 5217 1492 5270 et
1513 5211 1679 5285 naturales,
1695 5227 1729 5272 ac
1750 5211 1882 5272 1111111

1135 5319 1288 5364 novarum
1310 5303 1539 5380 Hispaniarum,
1556 5313 1587 5364 11
1608 5303 1778 5382 praedictae
1799 5303 1882 5365 dioe-

1134 5396 1221 5470 cesis,
1244 5396 1270 5456 si
1292 5397 1442 5472 existant,
1464 5398 1514 5460 sin
1542 5399 1661 5473 minus,
1684 5397 1814 5458 aliarum
1836 5399 1881 5460 vi·

1132 5488 1288 5550 ciniorum
1309 5489 1493 5550 dioecesum.

1174 5597 1216 5642 vr.
1241 5583 1323 5643 idem
1346 5585 1559 5660 praedecessor
1580 5585 1653 5645 alias
1664 5585 1782 5658 statuit,
1798 5585 1879 5662 quod

1134 5675 1252 5736 nobiles
1273 5683 1304 5736 et
1326 5677 1437 5738 divites
1462 5681 1524 5738 non
1548 5679 1768 5752 excludantur,
1792 5680 1880 5740 dum·

1134 5769 1224 5828 modo
1245 5769 1367 5830 solvant
1388 5777 1517 5831 centum
1543 5771 1655 5847 viginti
1676 5779 1794 5848 patacas
1815 5787 1882 5832 mo-

118 5885 153 5929 oa
172 5877 313 5930 uictamne
370 5882 404 5926 11.
427 5864 513 5938 Quod
545 5862 767 5925 bibliothecarii
788 5881 904 5926 munus
929 5879 1077 5944 personae
1133 5869 1223 5924 notae
1245 5862 1368 5923 illarum
1389 5863 1785 5942 partiumquoiibetanno,
1802 5864 1879 5925 etin

91 5937 168 5984 cario.

330 5959 425 6022 habili
446 5966 477 6019 11
498 5957 636 6034 idoneae,
649 5973 705 6035 per
725 5957 921 6021 Ordinarium
942 5959 1078 6036 Angelo-

1133 5959 1178 6020 eis
1199 5965 1384 6020 concurrant
1405 5958 1567 6036 qualitates
1589 5957 1712 6024 relatae·

1760 6143 1780 6178 ᾗ

1813 601 1869 680 171
1920 615 1975 670 An.
1989 617 2019 672 0.
2041 603 2110 671 1'69‘7
