4848 6990
936 597 1143 643 tunecuttvtds
1166 597 1210 640 tlt.

299 717 423 779 audient
445 717 568 779 missam
590 719 626 779 ad
647 718 811 780 arbitrium
832 717 934 780 iratris
955 729 1042 794 prae-

300 809 378 872 lecti.
413 809 524 872 Diebus
553 810 630 872 iovis
657 819 687 872 et
714 810 876 873 dominicis
907 807 1041 870 cuiusvis

299 901 504 966 hebdomadae
524 919 639 964 sacram
665 901 888 966 Eucharistiam
914 907 1041 964 sument

298 1012 404 1057 omnes
426 996 536 1058 iratres
551 997 583 1058 in
599 997 770 1070 communi,
786 1003 817 1058 et
831 997 856 1056 si
871 997 953 1058 inter
968 995 1041 1056 heb-

188 1157 191 1166 ,
298 1089 455 1152 donandam
469 1091 578 1154 accidit
591 1089 692 1168 aliqua
713 1089 860 1152 solemnis
880 1089 1039 1164 festivitas,

297 1183 409 1262 poterit
436 1184 615 1246 communio
643 1183 797 1246 anteverti
818 1199 872 1244 seu
899 1183 1040 1261 postponi

297 1275 389 1338 leriae
409 1276 548 1354 quintae,
565 1275 649 1336 illam
670 1277 705 1338 ad
727 1275 925 1337 lestivitatem
943 1281 1041 1337 trans·

296 1367 433 1430 terendo.

335 1465 396 1525 «2.
421 1464 501 1526 liora
515 1463 647 1526 secunda
662 1464 869 1542 pomeridiana
884 1479 993 1524 omnes
1008 1463 1039 1524 in

293 1557 420 1620 ecclesii
455 1558 633 1634 congregati
668 1557 842 1619 recitabunt
875 1556 1039 1618 stationem

296 1651 348 1715 SS.
373 1652 575 1726 sacramenti,
591 1659 622 1714 et
636 1659 703 1730 post
725 1651 791 1712 eius
805 1650 1039 1712 venerationem

295 1747 416 1824 legetur
437 1761 538 1808 unum
559 1745 728 1824 capitulum
744 1761 782 1806 es
797 1743 875 1806 libro
896 1744 944 1805 cui
967 1743 1040 1804 titu-

295 1841 344 1903 lus
367 1841 574 1916 Contemptus
595 1839 721 1910 muudi,
745 1845 775 1900 et
797 1837 908 1900 deinde
928 1851 1038 1898 omnes

294 1932 434 1995 ordinate
455 1933 621 2010 procedent
643 1932 796 2010 psalmum
821 1929 969 1993 Miserere
990 1946 1038 1991 re-

293 2027 423 2088 citantes
451 2041 550 2102 usque
577 2025 613 2087 ad
635 2025 896 2086 valetudinarium
924 2023 1040 2102 princi-

293 2119 373 2198 pale,
396 2127 427 2181 et
447 2119 504 2180 hoc
525 2119 615 2180 linito
644 2118 780 2196 partitim
803 2120 838 2182 ad
860 2119 917 2180 alia
938 2117 1038 2178 diver-

292 2219 362 2276 tent
382 2214 418 2275 ad
445 2214 637 2274 verrentium
659 2223 690 2274 et
710 2213 916 2275 sternendum
944 2211 1039 2272 lectos

292 2307 493 2369 intirmorum
513 2315 546 2369 et
566 2306 860 2370 convalescentium.

334 2421 352 2462 a
369 2401 397 2462 3.
419 2401 498 2462 liora
513 2401 622 2478 quarti
636 2417 708 2462 curn
723 2399 847 2461 dimidii
862 2407 930 2479 post
944 2399 1039 2462 meri-

290 2494 375 2558 diem
391 2493 570 2556 recitabitur
583 2509 695 2554 corona
710 2493 819 2555 Beatae
833 2493 973 2570 Virginis
987 2491 1038 2552 do-

291 2590 397 2652 minae
418 2595 541 2650 nostrae
561 2595 681 2668 septem
703 2588 936 2666 mysteriorum,
950 2595 983 2648 et
1004 2587 1039 2648 fi-

291 2683 399 2744 nietur
413 2697 485 2743 cum
499 2682 642 2743 examine
656 2681 861 2743 conscientiae
875 2680 1038 2759 quadranti

290 2779 387 2837 horae
397 2775 558 2850 duraturo,
569 2784 600 2836 et
611 2773 882 2853 advesperascente
893 2773 955 2848 die,
968 2773 1037 2834 dato

289 2869 327 2930 ad
342 2869 496 2932 orationes
506 2885 671 2947 campanae
684 2869 785 2946 signo,
797 2869 962 2931 habebitur
976 2883 1037 2952 upa

289 2963 367 3024 hora
387 2963 534 3024 orationis
561 2961 721 3037 mentalis,
743 2963 780 3024 ad
801 2979 895 3040 quam
922 2971 1037 3040 puncta

290 3055 375 3118 dabit
396 3056 493 3118 irater
519 3055 691 3135 praelectus
711 3072 750 3118 ex
776 3071 839 3118 uno
870 3056 1033 3132 librorum,

290 3151 345 3230 qui
367 3149 405 3211 de
425 3151 481 3212 hac
508 3157 607 3225 agunt
634 3150 778 3224 materia,
801 3158 832 3211 et
852 3158 926 3212 sunt
950 3159 1038 3229 pater

289 3243 386 3305 trater
407 3243 583 3305 Ludovicus
610 3241 827 3316 Granatensis,
849 3250 935 3321 pater
957 3243 1036 3306 'lbo-

289 3353 355 3398 mas
375 3337 414 3398 de
435 3335 625 3411 Villacastin,
648 3335 820 3409 Falcouius,
837 3343 889 3398 aut
910 3335 979 3412 alii;
1002 3338 1038 3398 h-

289 3445 428 3508 ueusque
449 3431 611 3508 imponent
631 3437 701 3492 actu
721 3429 926 3491 contritionis.

331 3525 392 3586 «l.
416 3522 602 3586 Duodecima
616 3523 769 3585 nocturni
782 3531 913 3600 surgent
928 3539 1037 3586 omnes

289 3617 440 3698 (exceptis
460 3616 535 3691 illis,
559 3616 612 3693 qui
632 3616 802 3694 superioris
827 3616 939 3679 iudicio
961 3616 1037 3693 legi-

288 3711 367 3773 time
387 3709 505 3773 luerint
526 3707 693 3787 impediti),
709 3717 741 3770 et
754 3709 848 3770 simul
862 3710 894 3771 in
910 3711 1035 3772 ecclesia

289 3805 464 3866 recitabunt
485 3819 630 3866 eoronam
645 3803 754 3864 Beatae
768 3803 878 3864 Mariae
898 3802 1035 3879 Virginis

288 3913 360 3959 cum
383 3895 574 3958 orationihus
600 3895 772 3974 approbatis
794 3897 831 3956 de
860 3895 1035 3969 imitatione

289 3989 440 4052 Passionis
453 3989 521 4050 lesu
537 3987 662 4062 Christi,
678 3996 770 4064 prout
784 3995 858 4049 sunt
873 3987 906 4048 in
921 3990 1034 4052 diurno

288 4082 406 4144 tenoris
427 4079 598 4158 sequentis,
620 4079 778 4142 videlicet:

329 4193 348 4236 ‹
369 4174 393 4238 0
413 4175 545 4236 Domine
565 4172 632 4236 lesu
664 4173 801 4249 Christe,
833 4175 927 4236 adoro
949 4182 979 4236 te
1000 4176 1032 4238 in

287 4284 379 4332 cruce
400 4269 599 4346 pendentem,
623 4275 655 4329 et
675 4283 821 4330 coronam
838 4269 979 4346 spineam
1000 4269 1032 4330 in

287 4361 384 4439 capite
410 4367 601 4440 portantem:
625 4362 774 4439 deprecor
796 4371 827 4423 te
848 4369 883 4423 ut
907 4375 959 4422 me
981 4369 1032 4424 tua

287 4472 363 4518 crux
385 4455 495 4516 liberet
508 4454 545 4515 ab
558 4455 670 4532 angelo
691 4455 895 4532 percutiente.
918 4456 1029 4518 limen.

288 4548 548 4620 paternoster,
572 4549 634 4612 alce
657 4549 776 4612 Μανία.

327 4635 542 4706 ‹O'Domine
574 4643 642 4704 lesu
664 4643 802 4718 Christe,
830 4645 922 4706 adoro
949 4653 978 4708 te
1000 4646 1031 4708 in

287 4753 378 4799 cruce
398 4736 610 4812 vulneratum,
628 4735 699 4798 lelle
719 4744 750 4798 et
772 4744 857 4800 aceto
878 4745 1030 4816 potatum;

286 4832 433 4908 deprecor
454 4839 486 4892 te
505 4839 541 4892 ut
561 4830 692 4892 vulnera
716 4839 765 4892 tua
786 4831 850 4893 sint
872 4833 904 4893 in
932 4847 1031 4894 reme-

286 4924 373 4986 dium
393 4923 516 4986 auimae
537 4938 633 4986 meae.
657 4923 767 4986 Amen.
790 4923 889 4988 Pater
909 4933 1030 5000 noster,

286 5023 349 5079 Aee
370 5019 489 5082 Μανία.

325 5129 343 5172 a
364 5112 387 5175 0
408 5111 539 5174 Domine
560 5111 627 5174 lesu
650 5111 782 5188 Christe,
799 5123 925 5192 propter
945 5115 1030 5176 illam

285 5205 541 5279 amaritudinem,
574 5219 668 5284 quam
695 5221 823 5284 prome
853 5209 1030 5270 miserrimo

284 5298 458 5360 sustinuisti
481 5297 513 5359 in
535 5315 644 5374 cruce,
667 5300 802 5362 manime
824 5301 856 5362 in
882 5301 933 5362 illa
955 5302 1028 5363 hori

285 5392 405 5470 quando
420 5391 523 5454 anima
539 5398 590 5452 tua
604 5407 724 5468 egressa
746 5401 793 5454 est
807 5394 845 5454 de
867 5393 1029 5456 benedicto

285 5499 412 5562 corpore
434 5492 499 5558 tuo,
522 5483 670 5562 deprecor
685 5492 725 5560 te,
741 5485 891 5548 miserere
907 5487 1029 5549 animae

285 5591 370 5638 meae
392 5577 423 5638 in
455 5591 582 5652 egressu
610 5594 686 5652 suo,
708 5585 739 5640 et
760 5581 874 5656 perduc
906 5595 972 5640 eam
995 5580 1027 5640 in

285 5670 379 5732 vitam
401 5677 571 5732 aeternam.
590 5672 700 5734 Amen.
718 5671 817 5734 Peter
832 5679 951 5744 uester,
967 5678 1028 5734 Ave

287 5761 402 5826 Μανία.

323 5855 536 5920 ‹Ollomine
557 5857 625 5920 lesu
647 5858 784 5934 Christe,
813 5860 904 5921 adoro
928 5868 955 5921 te
977 5861 1029 5921 de-

284 5951 484 6014 scendentem
499 5951 534 6012 ad
557 5949 671 6014 inleros
687 5959 717 6014 et
736 5952 919 6015 liberantem
936 5953 1028 6032 capti·

1096 730 1165 774 vos:
1199 716 1348 794 deprecor
1374 723 1414 790 te,
1438 733 1479 778 ne
1507 717 1666 796 permittas
1695 733 1746 778 me
1768 716 1841 780 illuc

1097 807 1237 870 introire.
1256 811 1366 870 Amen.
1391 811 1491 873 Peter
1504 819 1624 883 πανίαν,
1642 815 1703 874 Aee
1719 811 1837 876 Murio.

1136 919 1155 962 c
1176 903 1200 964 d
1221 903 1352 966 Domine
1373 905 1440 967 lesu
1468 905 1600 980 Christe,
1623 907 1714 968 adoro
1740 911 1772 968 te
1793 921 1841 966 re-

1095 1002 1277 1073 surgentem
1293 1015 1308 1056 a
1324 999 1465 1072 mortuis,
1488 1001 1705 1061 ascendentem
1724 998 1759 1060 ad
1775 1014 1839 1060 cae-

1097 1087 1152 1162 los,
1173 1089 1397 1168 sedentemque
1417 1092 1453 1152 ad
1474 1089 1633 1154 ‹lexteram
1655 1092 1765 1154 Patris:
1788 1089 1840 1154 de-

1096 1197 1205 1260 precor
1227 1190 1267 1257 te,
1297 1193 1333 1246 ut
1364 1184 1436 1248 illuc
1458 1193 1490 1247 te
1509 1187 1598 1263 sequi
1626 1193 1657 1247 et
1679 1186 1734 1248 tibi
1755 1203 1841 1271 prae-

1095 1275 1210 1336 sentari
1226 1292 1357 1338 merear.
1376 1281 1486 1340 Amen.
1511 1277 1611 1342 Peter
1633 1287 1751 1350 uester,
1777 1277 1840 1339 Atre

1096 1365 1215 1430 Μανία.
1254 1405 1256 1421 .

1135 1479 1154 1520 a
1175 1461 1199 1526 Ο
1219 1464 1349 1527 Domine
1372 1467 1439 1528 lesu
1461 1467 1593 1542 Christe,
1623 1475 1726 1546 pastor
1746 1467 1837 1540 bone,

1095 1555 1190 1617 iustos
1204 1573 1364 1630 conserva,
1380 1567 1553 1636 peccatores
1574 1562 1839 1652 iustificafflomni-

1096 1649 1151 1710 bus
1184 1651 1325 1713 fidelibus
1356 1653 1515 1728 miserere,
1539 1663 1569 1716 et
1591 1655 1742 1733 propitius
1773 1663 1839 1716 esto

1095 1742 1172 1802 mihi
1193 1745 1329 1806 maximo
1350 1747 1511 1824 peccatori.
1530 1749 1640 1810 hmen.
1665 1749 1763 1810 Pater
1785 1765 1837 1810 uo·

1093 1842 1170 1906 ster,
1193 1837 1256 1900 Ave
1278 1838 1397 1902 Μανία.

1133 1949 1152 1990 a
1174 1932 1197 1993 0
1217 1931 1347 1994 Domine
1378 1935 1445 1996 lesu
1474 1923 1606 2010 Christe,
1639 1937 1731 1997 adoro
1753 1945 1783 2000 te
1806 1939 1837 2000 in

1093 2024 1256 2102 sepulchro
1277 2026 1424 2103 positum,
1447 2028 1563 2088 mirrbal
1592 2037 1623 2092 et
1651 2031 1838 2092 aromatibus

1093 2118 1265 2178 conditum:
1282 2119 1430 2197 deprecor
1445 2128 1485 2196 te,
1501 2128 1536 2182 ut
1552 2129 1604 2183 tua
1619 2137 1702 2183 mors
1721 2123 1760 2184 sit
1775 2125 1837 2184 vita

1094 2225 1172 2270 mea.
1196 2213 1306 2274 limen.
1331 2212 1656 2285 holocaustauma
1681 2215 1786 2278 Μανία
1806 2235 1835 2276 ί.

1134 2321 1152 2364 tt
1174 2305 1212 2365 ut
1233 2304 1364 2366 dilatatis
1384 2307 1419 2367 ad
1442 2307 1540 2368 crucis
1561 2307 1691 2370 formam
1707 2309 1838 2370 brachiis

1094 2397 1272 2460 recitabitur
1291 2397 1383 2460 statio
1405 2397 1458 2461 SS.
1476 2399 1676 2476 sacramenti,
1693 2402 1771 2464 etin
1786 2418 1838 2462 ve·

1091 2491 1189 2568 speris
1202 2491 1407 2554 festivitatum
1421 2494 1539 2555 domini
1554 2497 1652 2556 nostri
1667 2495 1734 2558 lesu
1751 2497 1839 2558 tlhri-

1092 2584 1143 2659 sti,
1165 2591 1196 2646 et
1216 2585 1325 2648 Beatae
1347 2585 1458 2647 Μανίαν
1484 2585 1635 2664 Virginis,
1652 2589 1835 2652 Sanctorum

1093 2677 1321 2755 apostotorum,
1338 2687 1368 2740 et
1390 2677 1495 2742 Sancti
1516 2682 1669 2744 dominici
1683 2700 1717 2744 ac
1733 2683 1837 2746 Sancti

1092 2770 1254 2845 Francisci,
1277 2771 1426 2834 Omnium
1448 2773 1643 2850 Sanctorum,
1663 2775 1693 2839 S.
1706 2777 1835 2855 losephi,

1093 2863 1123 2926 S.
1138 2863 1498 2943 michaelisarchangeli,
1512 2867 1543 2930 S.
1557 2868 1705 2932 Gabrielis
1719 2879 1750 2932 et
1762 2871 1837 2934 San-

1091 2963 1158 3019 ctae
1178 2957 1343 3020 Therasiae
1357 2975 1372 3019 a
1386 2960 1466 3034 lesu,
1489 2961 1662 3024 recitabunt
1677 2963 1836 3040 integrum

1092 3049 1243 3112 rosarium
1264 3051 1443 3128 quindecim
1464 3055 1697 3133 mysteriorum,
1713 3065 1744 3120 et
1761 3059 1836 3120 dila-

1092 3142 1162 3206 tatis
1183 3143 1216 3206 in
1237 3160 1362 3208 crucem
1383 3146 1526 3222 brachiis,
1552 3151 1757 3227 supradictam
1777 3157 1838 3212 sta·

1092 3236 1226 3314 tionem;
1248 3244 1291 3312 et,
1314 3240 1434 3318 quoties
1454 3241 1628 3304 recitabunt
1648 3242 1726 3305 dicta
1746 3245 1837 3322 quin-

1091 3330 1168 3392 dena
1188 3333 1345 3409 mysteria,
1362 3334 1496 3396 arelatis
1517 3335 1668 3398 Passionis
1690 3338 1835 3400 orationi·

1092 3421 1147 3484 bus
1167 3426 1429 3502 supersedebitur.

1130 3517 1192 3578 «l.
1216 3519 1276 3580 'ier
1298 3519 1330 3582 in
1351 3519 1551 3597 hebdomada,
1572 3539 1685 3602 nempe
1699 3524 1772 3586 ierit
1787 3541 1835 3588 se·
1879 3527 2029 3627 Essgggffi
2047 3581 2065 3626 i·

1090 3613 1201 3688 oundi,
1234 3616 1341 3694 quartd
1366 3623 1397 3676 et
1424 3618 1519 3693 sexti,
1549 3617 1713 3680 habebitur
1744 3621 1833 3724 disci?
1852 3591 2066 3736 Ινίνὲιθιίιίὲἓῶἓξέἶ

1090 3706 1173 3785 plina
1194 3708 1425 3770 communitatis
1446 3710 1478 3772 in
1501 3711 1746 3790 ecclesiamque
1766 3715 1832 3776 den
1852 3741 1906 3787 aa„

1090 3800 1203 3878 poterit
1224 3809 1291 3879 post
1312 3805 1482 3865 orationem
1511 3806 1679 3868 mentalem
1709 3815 1833 3870 noctur-

1090 3909 1176 3954 nam:
1200 3893 1363 3956 habebitur
1385 3903 1448 3958 toto
1472 3905 1621 3976 tempore,
1645 3915 1705 3976 quo
1727 3901 1834 3964 recita·

1089 3984 1207 4048 buntur
1235 3987 1344 4065 psalmi
1369 3987 1519 4052 Miserere
1539 3999 1570 4054 et
1602 3993 1832 4073 Deprosundis,

1075 4077 1295 4158 -adiunctoque
1309 4087 1379 4144 actu
1393 4084 1600 4160 contritionis,
1612 4087 1739 4162 signum
1751 4088 1833 4151 dabit

1088 4172 1239 4251 superior,
1262 4181 1293 4235 et
1313 4174 1441 4238 cessabit
1462 4177 1630 4257 disciplina.

1128 4265 1191 4328 «2.
1214 4266 1417 4346 cappellanus
1439 4271 1617 4335 nominatus
1633 4289 1688 4353 pro
1702 4274 1834 4338 admini-

1087 4359 1236 4420 stratione
1257 4368 1533 4439 sacramentorum,
1549 4365 1683 4443 singulis
1703 4369 1833 4446 quinde-

1087 4451 1148 4512 cim
1169 4451 1288 4528 diebuS,
1304 4453 1377 4516 horai
1391 4457 1520 4534 septima
1535 4475 1606 4521 cum
1621 4462 1747 4525 dimidia
1762 4479 1833 4525 noc-

1089 4545 1196 4620 turni,
1219 4546 1341 4610 habebit
1368 4549 1404 4612 ad
1429 4549 1537 4613 iratres
1568 4555 1750 4618 concionem
1781 4558 1832 4618 vel

1085 4653 1262 4701 sermonem
1284 4641 1494 4721 spiritualem,
1518 4655 1549 4710 et
1570 4649 1692 4726 quaudo
1714 4650 1744 4712 id
1765 4653 1829 4728 fiet,

1086 4731 1186 4794 medii
1207 4732 1282 4796 hora
1303 4735 1520 4816 anticipabitur
1541 4757 1653 4804 corona
1668 4752 1699 4807 et
1720 4749 1829 4822 oratio,

1086 4839 1126 4887 ne
1147 4825 1226 4888 desit
1248 4835 1369 4906 tempus
1384 4835 1656 4909 prucouscientiae
1675 4841 1828 4902 examine.

1126 4939 1145 4980 a
1159 4919 1188 4982 3.
1211 4921 1325 4984 Omnes
1339 4921 1449 4986 iratres
1464 4927 1577 4992 debent
1592 4931 1731 4994 ieiunare
1745 4936 1830 4998 iuxta

1085 5011 1216 5076 lormam
1247 5023 1369 5078 sanctae
1395 5021 1504 5082 matris
1532 5023 1683 5108 Ecclesiae
1704 5035 1734 5090 et
1755 5028 1830 5092 ierit

1084 5107 1170 5168 sexta
1191 5107 1356 5172 Parasceve
1376 5110 1535 5178 dumtaxat
1557 5133 1636 5195 pane
1650 5127 1682 5183 et
1697 5124 1774 5200 aqui
1789 5123 1830 5186 ie·

1085 5200 1248 5264 iuuabunt.

1125 5295 1188 5356 «l.
1212 5296 1325 5361 Omnes
1347 5300 1476 5376 pedibus
1496 5303 1610 5366 debent
1632 5306 1774 5371 incedere
1796 5312 1828 5373 in

1085 5387 1157 5450 locis
1178 5390 1341 5468 hahitatis3
1365 5392 1417 5454 sed
1439 5410 1494 5473 per
1521 5397 1644 5474 itinera,
1667 5403 1742 5464 dnm
1765 5403 1830 5466 lon·

1084 5483 1198 5562 ginqua
1221 5483 1348 5561 luerint,
1361 5488 1500 5565 equitare
1521 5499 1685 5571 poterunt;
1709 5495 1831 5576 illisque

1083 5575 1121 5637 de
1142 5580 1322 5642 necessariis
1349 5583 1385 5643 ad
1407 5598 1441 5643 ea
1466 5587 1676 5663 prosequenda
1707 5605 1830 5670 semper

1083 5671 1307 5748 providebitur.

1124 5769 1189 5828 «5.
1212 5769 1341 5831 Attento
1362 5771 1444 5848 quod
1465 5771 1708 5839 efficacissimum
1725 5778 1760 5840 ad
1777 5781 1828 5842 ob-

1082 5861 1270 5924 servantiam
1300 5863 1476 5939 regularem
1507 5882 1677 5947 pacemque
1708 5872 1828 5948 animae

1082 5953 1265 6016 interiorem
1286 5959 1530 6022 conservandam
1556 5961 1762 6026 medium-est
1782 5982 1830 6028 se-

1766 580 1819 642 tot
1872 578 1926 632 sn.
1940 579 1970 630 α.
1992 579 2061 630 1os⁷
