4866 6980
892 571 893 576 ’
965 569 1175 616 innocentius
1197 570 1240 614 lll.

326 689 421 750 iuniis
449 695 535 750 extra
561 689 721 766 regulam,
745 669 886 767 capitulis
910 687 1073 766 culparum

327 790 358 844 et
371 780 438 844 aliis
452 781 693 858 austeritatibus,
710 783 881 860 ceterisque
897 782 933 842 ad
948 780 1073 858 regulae

327 873 408 935 vitae
439 873 626 936 monasticae
653 881 684 935 et
711 873 862 950 regularis
897 872 1073 951 disciplinae

326 966 573 1028 observationem
594 966 854 1040 conducentibus,
880 964 1074 1028 constitutio·

327 1059 418 1120 nibus
439 1058 633 1134 generalibus
659 1058 781 1122 Ordinis
802 1075 835 1120 se
856 1057 1063 1120 conforment.

368 1167 431 1212 xxv.
462 1150 547 1226 Quod
579 1150 765 1227 guardianus
796 1151 847 1213 vel
876 1151 908 1212 in
936 1149 1072 1212 absentia

327 1260 457 1323 praeses,
480 1243 673 1323 temporibus
688 1243 870 1322 opportunis
884 1249 937 1304 aiut
951 1242 1073 1320 quando

328 1336 536 1398 necessarium
562 1335 761 1406 iudicaverit,
784 1335 887 1397 mittat
915 1333 1073 1396 missiona-

328 1429 388 1488 rios
410 1428 498 1490 binos
518 1438 549 1490 et
571 1427 671 1501 binos,
695 1435 747 1490 aut
763 1428 795 1488 in
811 1428 920 1488 maiori
942 1441 1075 1488 nurnero

328 1527 420 1597 prout
430 1521 672 1582 conversionum
683 1521 856 1582 necessitati
870 1518 1007 1582 viderint
1022 1534 1075 1580 ex-

327 1612 443 1690 pedire,
465 1613 676 1689 consignando
696 1613 740 1673 eis
764 1611 884 1692 oppida,
907 1618 1022 1674 tractus
1043 1617 1075 1672 et

328 1711 435 1778 terras,
448 1705 480 1766 in
502 1705 614 1782 quibus
628 1703 745 1780 singuli
766 1721 836 1766 suas
855 1703 1017 1765 missiones
1033 1702 1074 1762 la·

327 1812 398 1858 cere
417 1797 541 1858 debent.
563 1796 754 1874 Relinquunt
777 1803 879 1858 tamen
902 1795 1019 1874 aliquos
1040 1795 1074 1855 in

328 1887 512 1963 Seminario,
534 1889 589 1966 qui
608 1889 842 1950 communitatis
864 1888 1007 1950 exercitia
1023 1903 1074 1947 ex-

327 1980 442 2058 pleant,
455 1989 486 2042 et
498 1981 541 2055 bi,
556 1979 623 2043 aliis
640 1981 881 2054 revertentibus,
897 1981 1072 2042 mittantur.

367 2089 419 2134 xv.
441 2073 527 2147 Quod
548 2073 573 2134 si
594 2073 704 2152 aliquis
725 2072 993 2134 missionariorum
1007 2072 1075 2134 sine

327 2165 465 2242 legitima
486 2167 584 2242 causa,
606 2183 621 2226 a
643 2166 782 2228 discretis
809 2163 1020 2244 approbanda,
1042 2179 1074 2224 se

327 2257 564 2332 amissionibus,
576 2257 662 2320 iuxta
677 2258 900 2337 praescriptum
915 2256 1074 2334 guardiam

327 2349 493 2425 iaciendis,
525 2352 734 2424 excusaverit,
756 2351 807 2412 vel
828 2351 862 2412 in
889 2351 932 2411 eis
957 2349 1073 2426 aliquid

328 2443 409 2526 ultra
429 2443 549 2506 victum
560 2441 755 2506 moderatum
769 2442 931 2522 acceperit,
948 2441 997 2502 vel
1012 2457 1074 2502 ma·

329 2536 394 2598 lum
415 2537 538 2615 aliquod
559 2537 740 2615 exemplum
754 2536 885 2612 dederit,
898 2545 951 2598 aut
969 2535 1005 2597 in
1021 2534 1073 2598 Se-

328 2629 461 2691 minario
488 2644 595 2707 pacem
625 2629 857 2692 communitatis
890 2629 1073 2702 turbaverit,

327 2723 434 2785 autin
456 2723 625 2785 assistendo
653 2723 928 2786 communitatibus
955 2730 985 2784 et
1007 2723 1073 2784 aliis

327 2815 482 2878 exercitiis
501 2831 594 2894 supra
614 2816 720 2894 positis
752 2815 913 2895 explendis
935 2814 1076 2878 notabili·

327 2914 375 2970 ter
396 2907 589 2972 defectuosus
610 2908 716 2984 inerit,
733 2915 764 2970 et
784 2909 880 2970 semel
902 2925 936 2970 ac
958 2909 1074 2970 iterum

327 3016 344 3060 a
358 3003 527 3078 guardiano
544 3001 752 3079 reprehensus
766 3017 875 3064 nense
889 3001 1074 3062 emendave-

328 3095 385 3169 rit3
408 3094 595 3169 guardianus
617 3095 681 3172 ipse
701 3109 774 3156 cum
803 3094 930 3155 consilio
952 3099 983 3154 et
1003 3107 1075 3154 con·

326 3201 419 3248 sensu
433 3187 637 3248 discretorum
648 3188 754 3265 possit,
770 3187 795 3246 si
810 3185 938 3248 alicuius
949 3185 1076 3264 provin-

326 3279 389 3340 ciae
411 3278 493 3342 tilius
514 3279 620 3356 luerit,
642 3295 717 3342 eum
737 3297 753 3340 a
775 3279 950 3342 Seminario
971 3276 1077 3356 expel-

327 3370 392 3432 lere
412 3379 443 3432 et
463 3373 499 3434 ad
520 3387 608 3432 suam
630 3371 822 3450 provinciam
844 3371 981 3445 mittere,
998 3385 1076 3448 quae

326 3463 429 3543 ipsum
456 3463 594 3542 recipere
620 3464 777 3526 tenebitur
800 3463 859 3526 sub
888 3479 986 3542 poena
1014 3461 1076 3540 pri-

326 3557 459 3620 vationis
489 3557 581 3618 officii
606 3556 804 3634 provincialis
827 3555 1013 3632 renuentis3
1047 3555 1075 3616 si

327 3666 402 3712 vero
422 3651 455 3712 in
479 3649 653 3714 Seminario
678 3650 833 3729 protessus
854 3651 905 3725 sit,
932 3657 1075 3711 teneatur

327 3757 456 3806 monere
485 3743 732 3806 commissarium
761 3743 939 3820 generalem
971 3741 1075 3804 Novae

327 3837 489 3916 Hispaniae
509 3853 583 3900 cum
603 3845 676 3912 voto
701 3837 907 3900 discretorum
928 3836 960 3898 in
981 3835 1074 3914 scrip

328 3931 377 4006 tis,
402 3939 435 3993 ut
457 3929 503 3992 illi
524 3933 560 3994 de
587 3930 756 4008 provincia,
779 3929 812 3990 in
840 3945 899 4007 qua
921 3937 1073 4004 moretur,

327 4025 497 4102 provideat.

367 4133 432 4179 xvi.
455 4118 541 4193 Quod
568 4115 742 4196 praedictus
768 4114 996 4178 commissarius
1023 4129 1074 4191 ge

328 4211 440 4273 neralis
463 4219 606 4274 teneatur
620 4225 733 4289 perse,
749 4208 800 4270 vel
814 4224 976 4288 persuum
991 4224 1075 4270 com-

327 4303 503 4366 missarium
517 4306 554 4366 ad
569 4305 627 4366 boc
640 4302 812 4382 specialiter
822 4301 1015 4376 institutum,
1029 4302 1073 4362 vi·

327 4398 422 4460 sitare
442 4398 634 4474 praedictum
656 4397 867 4460 Seminarium
891 4395 936 4457 bis
957 4395 989 4456 in
1010 4396 1073 4456 sin-

328 4489 409 4566 gulis
432 4491 592 4565 trienniis,
614 4497 645 4552 et
672 4491 705 4552 in
732 4489 864 4566 singulis
892 4489 1073 4551 visitationi·

328 4586 386 4648 bus
407 4585 584 4663 inquiratur
604 4583 786 4661 singillatim
801 4585 839 4644 de
858 4583 1073 4644 observatione

328 4677 565 4757 praemissarum
598 4678 741 4739 omnium
772 4675 1005 4750 conditionum,
1039 4681 1073 4738 ut

328 4769 483 4845 delectus,
511 4770 614 4849 siqui
643 4771 777 4844 luerint,
805 4769 1019 4845 corrigantur,
1042 4774 1073 4829 et

327 4864 414 4926 iuxta
428 4879 536 4927 eorum
558 4864 718 4942 qualitates
730 4862 824 4941 possit
846 4862 1073 4925 commissarius

326 4959 392 5036 ipse
423 4957 576 5034 generalis
602 4955 769 5034 procedere
793 4957 830 5018 ad
857 4955 1072 5036 expulsionem

328 5053 593 5116 missionariorum
616 5060 648 5113 et
669 5051 830 5127 guardiaui
853 5050 1071 5130 privationem.

328 5147 491 5224 Delegatus
505 5155 609 5208 autem
619 5145 715 5225 ipsius
728 5145 822 5223 possit
833 5151 957 5206 tanturn
971 5143 1073 5222 ipsum

329 5242 536 5320 guardianum
562 5239 751 5319 suspendere
775 5247 819 5313 et,
847 5239 992 5300 adbibitis
1019 5253 1073 5299 ne-

328 5335 464 5398 cessariis
485 5333 739 5407 correctionibus
755 5333 1001 5394 commissarium
1022 5349 1074 5409 ge-

329 5430 467 5493 neralem
481 5431 519 5492 de
533 5429 640 5490 maiori
657 5427 796 5490 remedio
810 5429 992 5506 apponendo
1008 5443 1072 5488 mo-

329 5540 415 5588 nere.
433 5523 472 5584 Et
485 5525 557 5602 quia
571 5537 730 5602 speramus
745 5521 839 5599 quod,
852 5521 906 5582 Dei
920 5523 1073 5600 aspirante

328 5622 434 5700 gratia,
457 5635 512 5698 per
532 5621 588 5681 bos
608 5619 658 5680 sui
678 5619 766 5680 verbi
787 5618 946 5680 ministros
970 5616 1073 5696 plures

329 5715 494 5793 gentilium
506 5713 610 5793 populi
625 5714 661 5775 ad
672 5713 766 5775 iidem
781 5714 843 5775 sint
857 5713 1071 5786 convertendi,

1129 694 1186 762 est,
1197 686 1367 762 ordinatur,
1378 693 1411 749 ut
1423 687 1455 748 in
1467 686 1626 748 conversis
1637 682 1872 764 populis,aliqui

1129 797 1167 842 ex
1188 779 1330 860 praelatis
1350 779 1567 854 missionariis,
1590 781 1625 840 ad
1648 777 1798 855 praedicta
1820 776 1872 837 ob-

1129 875 1228 936 eunda
1243 873 1418 950 necessarii,
1430 879 1624 946 remaneant,
1641 871 1762 932 monito
1783 885 1874 946 guar·

1128 964 1218 1026 diano
1239 965 1406 1028 seminarii
1427 973 1457 1026 et
1478 965 1516 1026 ab
1536 979 1573 1026 eo
1594 963 1718 1025 licentia
1736 961 1872 1036 obtenta,

1128 1058 1180 1136 qui
1202 1073 1326 1136 semper
1347 1059 1485 1120 eiusdem
1507 1056 1666 1133 guardiani
1688 1053 1801 1116 subditi
1828 1068 1875 1114 re-

1129 1151 1299 1213 manebunt
1321 1157 1351 1212 et
1377 1152 1444 1213 eius
1475 1149 1676 1223 correctioni,
1710 1154 1873 1225 utsupra,

1128 1243 1269 1305 subiecti.
1296 1244 1456 1305 blanentes
1484 1249 1589 1304 autem
1610 1242 1642 1302 in
1664 1241 1783 1319 oppidis
1804 1253 1874 1299 con-

1129 1336 1226 1398 versis
1246 1351 1310 1398 non
1332 1334 1598 1414 computabuntur
1619 1334 1651 1396 in
1678 1347 1812 1395 numero
1832 1347 1877 1390 as-
1953 1329 1958 1338 ‘

1128 1429 1250 1504 signato
1271 1429 1540 1490 missionariorum
1562 1425 1737 1500 seminarii,
1752 1423 1805 1486 sed
1826 1440 1877 1486 eo-

1129 1537 1201 1582 rum
1223 1521 1290 1584 loco
1311 1522 1362 1584 alii
1384 1522 1415 1584 in
1440 1520 1614 1584 seminario
1629 1519 1747 1598 possint
1769 1517 1872 1596 recipi.

1130 1615 1164 1675 ln
1185 1616 1257 1676 cura
1278 1622 1382 1676 autern
1404 1615 1579 1675 animarum
1595 1611 1638 1674 sic
1655 1627 1875 1673 conversarum

1129 1709 1165 1768 ad
1186 1705 1280 1768 fidem
1301 1706 1418 1768 tamdiu
1445 1707 1639 1768 solummodo
1660 1711 1808 1782 poterunt
1829 1719 1876 1764 re-

1129 1815 1279 1873 manere,
1305 1799 1504 1877 quoadusque
1537 1797 1703 1874 Episcopo,
1725 1797 1760 1858 ad
1783 1811 1875 1873 quern

1131 1899 1211 1954 terra
1231 1893 1366 1970 pertinet
1386 1891 1438 1953 vel
1458 1891 1491 1952 in
1513 1897 1673 1969 posterum
1695 1887 1875 1968 pertinebit,

1129 1985 1280 2062 placuerit
1310 1985 1505 2065 presbyteros
1542 1982 1733 2056 saeculares,
1765 1981 1877 2060 quibus

1129 2079 1306 2141 animarum
1340 2093 1445 2139 curam
1484 2075 1677 2148 committat,
1710 2074 1874 2136 destinare.

1129 2171 1281 2246 Quamdiu
1296 2186 1370 2231 vero
1385 2169 1531 2247 praedicti
1546 2166 1732 2230 missionarii
1747 2167 1780 2228 in
1791 2181 1878 2244 prae-

1130 2264 1209 2326 dicta
1230 2263 1303 2325 cura
1324 2262 1544 2338 remanserint,
1562 2259 1642 2322 nibil
1659 2275 1697 2322 ex
1719 2258 1810 2320 titulo
1824 2275 1878 2322 cu-

1129 2363 1267 2418 ratorum
1290 2355 1340 2418 vel
1355 2355 1566 2417 doctrinarum
1588 2353 1704 2431 possint
1725 2351 1875 2430 recipere,

1129 2449 1182 2511 sed
1213 2449 1348 2527 praecise
1379 2465 1417 2510 ex
1445 2447 1642 2510 emendicatis
1672 2444 1877 2523 eleemosynis

1130 2543 1180 2604 vel
1202 2541 1285 2605 ultro
1314 2541 1424 2604 oblatis
1448 2541 1556 2602 vivere
1576 2539 1699 2602 debent.
1724 2538 1875 2600 Poterant

1132 2641 1244 2710 tamen,
1264 2635 1394 2696 stabilita
1422 2633 1527 2696 nostra
1548 2632 1607 2693 lide
1629 2639 1660 2692 et
1679 2630 1793 2693 curatis
1813 2644 1878 2690 sae·

1130 2728 1283 2790 cularibus
1305 2727 1381 2789 inibi
1404 2725 1613 2800 manentibus,
1630 2725 1662 2784 in
1683 2723 1800 2802 oppidis
1815 2737 1878 2784 ma·

1131 2821 1199 2897 gnis
1220 2829 1272 2882 aut
1297 2820 1455 2899 capacibus
1477 2820 1515 2881 de
1535 2817 1656 2880 licentia
1686 2814 1826 2894 Episcopi
1846 2822 1877 2876 et

1130 2913 1257 2994 praelati
1278 2912 1480 2976 commissarii
1504 2909 1665 2988 generalis,
1682 2909 1769 2985 regio
1783 2906 1876 2969 etiam

1130 3021 1281 3068 consensu
1303 3004 1481 3079 accedente,
1509 3009 1681 3064 conventus
1703 2999 1803 3062 nostri
1822 2997 1876 3062 Or·

1130 3098 1211 3160 dinis
1232 3097 1373 3173 laudare,
1389 3097 1422 3158 in
1444 3095 1555 3174 quibus
1576 3095 1662 3156 iuxta
1683 3092 1825 3169 regulam
1846 3097 1876 3152 et

1130 3197 1242 3252 statuta
1267 3207 1305 3252 ex
1326 3189 1530 3267 eleemosynis
1551 3187 1610 3248 sub
1631 3185 1766 3263 regulari
1788 3183 1877 3246 disci·

1131 3283 1213 3361 plina
1234 3282 1343 3346 iratres
1368 3282 1590 3363 convenientes
1611 3281 1718 3341 vivere
1741 3277 1873 3356 possintz

1131 3383 1162 3438 et
1182 3383 1355 3438 conventus
1376 3375 1422 3436 illi
1446 3374 1615 3450 guardiano
1643 3369 1770 3448 praelati
1791 3369 1876 3447 priu-

1130 3469 1234 3548 cipalis
1255 3468 1423 3532 Seminarii
1444 3473 1539 3530 erunt
1553 3465 1692 3540 subiecti,
1715 3477 1875 3541 quousque

1130 3578 1169 3622 ex
1190 3562 1251 3624 illis
1276 3561 1414 3624 custodia
1434 3561 1528 3639 possit
1555 3557 1694 3632 lormarl,
1717 3555 1768 3618 vel
1788 3555 1877 3617 aliter

1130 3655 1163 3716 in
1185 3655 1319 3732 capitulo
1340 3653 1479 3730 generali
1492 3652 1531 3715 de
1551 3652 1613 3714 iilis
1628 3649 1794 3730 provideri.

1171 3763 1249 3810 xvn.
1273 3749 1358 3823 Quod
1375 3748 1400 3807 si
1415 3747 1578 3824 aliquando
1598 3745 1780 3808 Conventus
1800 3741 1876 3804 rela-

1131 3849 1233 3918 xetur,
1256 3848 1286 3903 et
1307 3858 1323 3900 a
1344 3839 1546 3920 perfectione,
1569 3839 1604 3900 ad
1627 3853 1720 3916 quam
1740 3835 1876 3898 institui·

1131 3942 1193 4009 tur,
1215 3933 1373 4010 deiecerit,
1390 3941 1444 3996 aut
1463 3949 1527 3994 non
1548 3931 1655 4006 luerit,
1677 3945 1750 3992 cum
1765 3928 1876 3990 ellectu

1129 4035 1160 4089 et
1183 4029 1340 4105 exercitio,
1364 4027 1548 4089 missionum
1578 4023 1805 4100 Seminarium,
1834 4023 1876 4084 ei·

1130 4121 1200 4184 dem
1228 4121 1404 4200 provinciae
1430 4119 1467 4180 de
1488 4117 1681 4193 blecboacan,
1704 4133 1720 4176 a
1745 4132 1805 4195 qua
1826 4132 1875 4179 su-

1130 4215 1248 4289 mitur,
1270 4215 1386 4276 iterum
1414 4213 1646 4290 incorporetur,
1675 4211 1877 4289 eiusdemque

1129 4308 1288 4384 regimini,
1310 4306 1390 4370 sicut
1410 4305 1506 4368 ceteri
1526 4303 1667 4368 eiusdem
1687 4313 1874 4380 conventus,

1128 4401 1317 4464 subiiciatur.

1169 4499 1234 4564 Sub
1253 4497 1301 4560 bis
1327 4497 1423 4574 igitur
1449 4495 1678 4559 conditionibus
1702 4501 1734 4556 et
1755 4493 1875 4556 ordina·

1131 4595 1265 4657 tionibus
1285 4594 1465 4672 praemissas
1493 4591 1547 4653 tibi
1569 4589 1728 4652 facultates
1752 4595 1782 4650 et
1804 4603 1875 4650 con-

1127 4705 1236 4751 sensus
1259 4687 1437 4761 tribuimus,
1465 4698 1692 4760 monemusque
1714 4689 1743 4743 te
1765 4682 1797 4744 in
1819 4681 1877 4742 llo-

1129 4787 1226 4861 mino,
1241 4789 1278 4844 ut
1292 4781 1327 4843 ad
1342 4796 1419 4859 opus
1433 4779 1495 4840 ileo
1510 4777 1584 4840 adeo
1598 4775 1759 4856 placitum,
1777 4773 1874 4836 tideli-

1128 4881 1185 4943 bus
1205 4880 1380 4958 proficuum
1391 4885 1422 4939 et
1440 4885 1545 4938 nostro
1560 4876 1706 4938 instituto
1717 4873 1875 4936 conlorme

1128 4983 1160 5036 te
1179 4975 1330 5050 accingas,
1353 4971 1387 5034 ad
1410 4971 1491 5048 quod
1515 4969 1569 5030 tibi
1587 4976 1619 5030 et
1639 4968 1728 5029 sociis
1748 4967 1811 5028 tuis
1830 4982 1877 5028 se-

1129 5067 1242 5148 raphici
1253 5067 1348 5145 patris
1360 5064 1458 5126 nostri
1466 5062 1616 5126 Francisci
1629 5060 1876 5123 benedictionem

1128 5161 1335 5240 impartimur.

1169 5257 1279 5318 Datum
1316 5253 1348 5314 in
1379 5258 1536 5314 conventu
1573 5255 1679 5312 nostro
1711 5249 1741 5312 S.
1775 5249 1875 5310 Fran-

1128 5351 1197 5413 cisci
1220 5347 1334 5410 llatriti
1355 5346 1404 5406 die
1431 5361 1487 5406 xxx.
1510 5343 1613 5405 martii
1642 5358 1724 5404 anno
1753 5341 1877 5403 Domini

1129 5455 1319 5504 uncuxxxu.
1344 5437 1394 5500 Fr.
1419 5437 1524 5515 lesepb
1545 5435 1686 5498 Minister
1707 5435 1874 5498 Generalis.

1128 5533 1207 5593 Loco
1220 5531 1242 5608 †
1255 5527 1359 5606 sigilli.
1385 5528 1427 5588 lle
1447 5525 1592 5588 mandato
1617 5527 1712 5588 limae
1739 5525 1875 5588 Paterni-

1130 5623 1198 5684 tatis
1218 5637 1303 5697 suae,
1326 5621 1376 5682 Fr.
1400 5619 1608 5696 Hieronymus
1624 5619 1661 5680 de
1676 5617 1749 5680 Susa
1771 5619 1875 5681 Secre-

1129 5716 1225 5776 tarius
1246 5713 1401 5790 generalis
1421 5712 1585 5776 Ordinis.»

1814 546 1853 610 55
1903 547 1957 600 An.
1971 551 2001 602 d.
2023 550 2090 604 1682

1168 5807 1236 5882 §2-
1261 5809 1340 5870 (lum
1362 5813 1476 5880 autern,
1498 5805 1578 5866 sicut
1596 5803 1703 5866 eadem
1725 5801 1875 5882 expositio
1907 5823 2038 5871 ronttuus
2051 5833 2109 5871 eon-

328 5825 405 5888 quos
426 5809 597 5888 neophytos
618 5807 784 5885 inaccepta
803 5807 863 5868 lude
877 5821 1072 5880 conservare,

1129 5901 1345 5977 subiungebat,
1367 5897 1520 5977 praelatus
1541 5897 1680 5975 angelus
1695 5903 1875 5976 procurator
1893 5873 2015 5926 flmm-

329 5901 435 5984 eisque
454 5909 643 5972 sacramenta
667 5902 844 5963 ministrare
864 5897 1074 5963 necessarium
