<?xml version="1.0" encoding="UTF-8"?>
<!DOCTYPE html PUBLIC "-//W3C//DTD XHTML 1.0 Transitional//EN"
    "http://www.w3.org/TR/xhtml1/DTD/xhtml1-transitional.dtd">
<html xmlns="http://www.w3.org/1999/xhtml" xml:lang="en" lang="en">
 <head>
  <title>
</title>
<meta http-equiv="Content-Type" content="text/html;charset=utf-8" />
  <meta name='ocr-system' content='tesseract 3.04.00' />
  <meta name='ocr-capabilities' content='ocr_page ocr_carea ocr_par ocr_line ocrx_word'/>
</head>
<body>
  <div class='ocr_page' id='page_1' title='image "./iurispontificii04martgoog_0537.png"; bbox 0 0 4844 6990; ppageno 0'>
   <div class='ocr_carea' id='block_1_1' title="bbox 944 541 1860 604">
    <p class='ocr_par' dir='ltr' id='par_1_1' title="bbox 944 541 1860 604">
     <span class='ocr_line' id='line_1_1' title="bbox 944 541 1860 604; baseline 0.002 -2"><span class='ocrx_word' id='word_1_1' title='bbox 944 557 1039 603; x_wconf 75' lang='lat' dir='ltr'>runnu</span> <span class='ocrx_word' id='word_1_2' title='bbox 1060 557 1273 604; x_wconf 83' lang='lat' dir='ltr'>nurnrcanuu</span> <span class='ocrx_word' id='word_1_3' title='bbox 1801 541 1860 604; x_wconf 73' lang='lat'>529</span> 
     </span>
    </p>
   </div>
   <div class='ocr_carea' id='block_1_2' title="bbox 333 674 1950 2351">
    <p class='ocr_par' dir='ltr' id='par_1_2' title="bbox 333 674 1950 2351">
     <span class='ocr_line' id='line_1_2' title="bbox 395 674 1879 756; baseline -0.001 -18"><span class='ocrx_word' id='word_1_4' title='bbox 395 676 642 741; x_wconf 89' lang='lat' dir='ltr'>Praedicatornm</span> <span class='ocrx_word' id='word_1_5' title='bbox 670 677 702 740; x_wconf 93' lang='lat' dir='ltr'>in</span> <span class='ocrx_word' id='word_1_6' title='bbox 727 675 894 756; x_wconf 91' lang='lat' dir='ltr'>provinciis</span> <span class='ocrx_word' id='word_1_7' title='bbox 920 675 1077 738; x_wconf 87' lang='lat' dir='ltr'>indiarum</span> <span class='ocrx_word' id='word_1_8' title='bbox 1134 674 1207 738; x_wconf 91' lang='lat' dir='ltr'>Llll.</span> <span class='ocrx_word' id='word_1_9' title='bbox 1233 677 1404 739; x_wconf 83' lang='lat' dir='ltr'>Confirmat</span> <span class='ocrx_word' id='word_1_10' title='bbox 1432 678 1593 740; x_wconf 88' lang='lat' dir='ltr'>decretum</span> <span class='ocrx_word' id='word_1_11' title='bbox 1622 676 1879 754; x_wconf 79' lang='lat' dir='ltr'>congregationis</span> 
     </span>
     <span class='ocr_line' id='line_1_3' title="bbox 392 767 1879 848; baseline -0.001 -16"><span class='ocrx_word' id='word_1_12' title='bbox 392 767 645 848; x_wconf 88' lang='lat' dir='ltr'>Occidentalinm‚</span> <span class='ocrx_word' id='word_1_13' title='bbox 669 785 734 833; x_wconf 93' lang='lat' dir='ltr'>non</span> <span class='ocrx_word' id='word_1_14' title='bbox 762 769 903 832; x_wconf 87' lang='lat' dir='ltr'>obstante</span> <span class='ocrx_word' id='word_1_15' title='bbox 929 767 1079 830; x_wconf 90' lang='lat' dir='ltr'>constitu·</span> <span class='ocrx_word' id='word_1_16' title='bbox 1194 768 1416 846; x_wconf 82' lang='lat' dir='ltr'>Episcoporum</span> <span class='ocrx_word' id='word_1_17' title='bbox 1438 777 1468 832; x_wconf 88' lang='lat' dir='ltr'>et</span> <span class='ocrx_word' id='word_1_18' title='bbox 1490 770 1693 848; x_wconf 86' lang='lat' dir='ltr'>Regularium</span> <span class='ocrx_word' id='word_1_19' title='bbox 1721 785 1814 848; x_wconf 89' lang='lat' dir='ltr'>super</span> <span class='ocrx_word' id='word_1_20' title='bbox 1835 785 1879 830; x_wconf 90' lang='lat' dir='ltr'>as-</span> 
     </span>
     <span class='ocr_line' id='line_1_4' title="bbox 392 862 1880 940; baseline 0.001 -18"><span class='ocrx_word' id='word_1_21' title='bbox 392 862 477 924; x_wconf 90' lang='lat' dir='ltr'>tione</span> <span class='ocrx_word' id='word_1_22' title='bbox 498 864 583 928; x_wconf 90' lang='lat' dir='ltr'>Pauli</span> <span class='ocrx_word' id='word_1_23' title='bbox 600 865 638 928; x_wconf 70' lang='lat' dir='ltr'>¹V.</span> <span class='ocrx_word' id='word_1_24' title='bbox 663 863 732 928; x_wconf 91' lang='grc'><strong>300.</strong></span> <span class='ocrx_word' id='word_1_25' title='bbox 1192 863 1355 925; x_wconf 80' lang='lat' dir='ltr'>sociatione</span> <span class='ocrx_word' id='word_1_26' title='bbox 1377 865 1559 926; x_wconf 87' lang='lat' dir='ltr'>cadaverum</span> <span class='ocrx_word' id='word_1_27' title='bbox 1581 865 1616 926; x_wconf 88' lang='lat' dir='ltr'>ad</span> <span class='ocrx_word' id='word_1_28' title='bbox 1632 863 1773 926; x_wconf 87' lang='lat' dir='ltr'>ecclesias</span> <span class='ocrx_word' id='word_1_29' title='bbox 1788 879 1880 940; x_wconf 90' lang='lat' dir='ltr'>regu·</span> 
     </span>
     <span class='ocr_line' id='line_1_5' title="bbox 333 953 1950 1038; baseline -0.001 -18"><span class='ocrx_word' id='word_1_30' title='bbox 333 953 439 1020; x_wconf 85' lang='lat' dir='ltr'>xtvr.</span> <span class='ocrx_word' id='word_1_31' title='bbox 462 957 625 1022; x_wconf 81' lang='lat' dir='ltr'>Maronitas</span> <span class='ocrx_word' id='word_1_32' title='bbox 646 959 759 1035; x_wconf 90' lang='lat' dir='ltr'>laudat,</span> <span class='ocrx_word' id='word_1_33' title='bbox 782 958 862 1038; x_wconf 91' lang='lat' dir='ltr'>quod</span> <span class='ocrx_word' id='word_1_34' title='bbox 876 959 914 1019; x_wconf 90' lang='lat' dir='ltr'>ab</span> <span class='ocrx_word' id='word_1_35' title='bbox 927 957 1079 1037; x_wconf 76' lang='lat' dir='ltr'>apostoli·</span> <span class='ocrx_word' id='word_1_36' title='bbox 1193 955 1306 1017; x_wconf 89' lang='lat' dir='ltr'>larium</span> <span class='ocrx_word' id='word_1_37' title='bbox 1327 973 1382 1035; x_wconf 92' lang='lat' dir='ltr'>pro</span> <span class='ocrx_word' id='word_1_38' title='bbox 1403 957 1560 1036; x_wconf 80' lang='lat' dir='ltr'>provincial</span> <span class='ocrx_word' id='word_1_39' title='bbox 1583 957 1612 1020; x_wconf 87' lang='lat' dir='ltr'>S.</span> <span class='ocrx_word' id='word_1_40' title='bbox 1637 957 1760 1020; x_wconf 91' lang='lat' dir='ltr'>loannis</span> <span class='ocrx_word' id='word_1_41' title='bbox 1780 958 1881 1036; x_wconf 91' lang='lat' dir='ltr'>Bapti-</span> <span class='ocrx_word' id='word_1_42' title='bbox 1948 953 1950 960; x_wconf 87' lang='lat'>&#39;</span> 
     </span>
     <span class='ocr_line' id='line_1_6' title="bbox 392 1049 1880 1134; baseline 0.001 -23"><span class='ocrx_word' id='word_1_43' title='bbox 392 1065 442 1111; x_wconf 90' lang='lat' dir='ltr'>cae</span> <span class='ocrx_word' id='word_1_44' title='bbox 466 1050 551 1113; x_wconf 93' lang='lat' dir='ltr'>Sedis</span> <span class='ocrx_word' id='word_1_45' title='bbox 572 1053 727 1115; x_wconf 81' lang='lat' dir='ltr'>sententia</span> <span class='ocrx_word' id='word_1_46' title='bbox 741 1053 858 1114; x_wconf 91' lang='lat' dir='ltr'>iterum</span> <span class='ocrx_word' id='word_1_47' title='bbox 873 1052 1076 1114; x_wconf 89' lang='lat' dir='ltr'>Patrfarcham</span> <span class='ocrx_word' id='word_1_48' title='bbox 1193 1057 1257 1110; x_wconf 89' lang='lat' dir='ltr'>stae</span> <span class='ocrx_word' id='word_1_49' title='bbox 1277 1050 1398 1113; x_wconf 78' lang='lat' dir='ltr'>Ordinis</span> <span class='ocrx_word' id='word_1_50' title='bbox 1419 1049 1552 1113; x_wconf 79' lang='lat' dir='ltr'><strong>fratrum</strong></span> <span class='ocrx_word' id='word_1_51' title='bbox 1578 1051 1824 1134; x_wconf 83' lang='lat' dir='ltr'>Praedicatorum</span> <span class='ocrx_word' id='word_1_52' title='bbox 1846 1051 1880 1113; x_wconf 90' lang='lat' dir='ltr'>in</span> 
     </span>
     <span class='ocr_line' id='line_1_7' title="bbox 391 1144 1881 1224; baseline 0.003 -22"><span class='ocrx_word' id='word_1_53' title='bbox 391 1145 595 1221; x_wconf 83' lang='lat' dir='ltr'>susceperint,</span> <span class='ocrx_word' id='word_1_54' title='bbox 618 1147 803 1224; x_wconf 87' lang='lat' dir='ltr'>quinniens</span> <span class='ocrx_word' id='word_1_55' title='bbox 826 1147 857 1208; x_wconf 91' lang='lat' dir='ltr'>in</span> <span class='ocrx_word' id='word_1_56' title='bbox 873 1153 938 1208; x_wconf 90' lang='lat' dir='ltr'>teto</span> <span class='ocrx_word' id='word_1_57' title='bbox 953 1145 1077 1209; x_wconf 90' lang='lat' dir='ltr'>Oriente</span> <span class='ocrx_word' id='word_1_58' title='bbox 1194 1158 1292 1219; x_wconf 88' lang='lat' dir='ltr'>regno</span> <span class='ocrx_word' id='word_1_59' title='bbox 1323 1144 1513 1221; x_wconf 90' lang='lat' dir='ltr'>Peruvianc‚</span> <span class='ocrx_word' id='word_1_60' title='bbox 1545 1152 1651 1208; x_wconf 89' lang='lat' dir='ltr'>contra</span> <span class='ocrx_word' id='word_1_61' title='bbox 1683 1146 1829 1224; x_wconf 78' lang='lat' dir='ltr'>parochos</span> <span class='ocrx_word' id='word_1_62' title='bbox 1851 1152 1881 1206; x_wconf 92' lang='lat' dir='ltr'>et</span> 
     </span>
     <span class='ocr_line' id='line_1_8' title="bbox 392 1233 1624 1316; baseline 0.002 -21"><span class='ocrx_word' id='word_1_63' title='bbox 392 1233 531 1310; x_wconf 80' lang='lat' dir='ltr'>legitime</span> <span class='ocrx_word' id='word_1_64' title='bbox 561 1237 598 1298; x_wconf 90' lang='lat' dir='ltr'>ab</span> <span class='ocrx_word' id='word_1_65' title='bbox 629 1239 665 1300; x_wconf 93' lang='lat' dir='ltr'>iis</span> <span class='ocrx_word' id='word_1_66' title='bbox 696 1239 841 1316; x_wconf 87' lang='lat' dir='ltr'>eligitur;</span> <span class='ocrx_word' id='word_1_67' title='bbox 875 1237 1006 1300; x_wconf 90' lang='lat' dir='ltr'>declarat</span> <span class='ocrx_word' id='word_1_68' title='bbox 1037 1244 1079 1297; x_wconf 91' lang='lat' dir='ltr'>ta·</span> <span class='ocrx_word' id='word_1_69' title='bbox 1193 1237 1312 1299; x_wconf 91' lang='lat' dir='ltr'>clerum</span> <span class='ocrx_word' id='word_1_70' title='bbox 1332 1238 1531 1300; x_wconf 87' lang='lat' dir='ltr'>saecularem.</span> <span class='ocrx_word' id='word_1_71' title='bbox 1556 1238 1624 1302; x_wconf 82' lang='grc'><strong>310.</strong></span> 
     </span>
     <span class='ocr_line' id='line_1_9' title="bbox 393 1329 1881 1412; baseline 0.003 -23"><span class='ocrx_word' id='word_1_72' title='bbox 393 1343 478 1402; x_wconf 91' lang='lat' dir='ltr'>men,</span> <span class='ocrx_word' id='word_1_73' title='bbox 501 1329 526 1390; x_wconf 92' lang='lat' dir='ltr'>si</span> <span class='ocrx_word' id='word_1_74' title='bbox 548 1331 600 1409; x_wconf 89' lang='lat' dir='ltr'>qui</span> <span class='ocrx_word' id='word_1_75' title='bbox 621 1331 684 1394; x_wconf 91' lang='lat' dir='ltr'>sint</span> <span class='ocrx_word' id='word_1_76' title='bbox 704 1332 804 1394; x_wconf 90' lang='lat' dir='ltr'>adhuc</span> <span class='ocrx_word' id='word_1_77' title='bbox 824 1339 1004 1406; x_wconf 83' lang='lat' dir='ltr'>renuentes,</span> <span class='ocrx_word' id='word_1_78' title='bbox 1028 1346 1078 1390; x_wconf 91' lang='lat' dir='ltr'>eos</span> <span class='ocrx_word' id='word_1_79' title='bbox 1135 1330 1209 1394; x_wconf 84' lang='lat' dir='ltr'>LlV.</span> <span class='ocrx_word' id='word_1_80' title='bbox 1235 1333 1405 1395; x_wconf 85' lang='lat' dir='ltr'>Confirmat</span> <span class='ocrx_word' id='word_1_81' title='bbox 1433 1333 1550 1396; x_wconf 89' lang='lat' dir='ltr'>litteras</span> <span class='ocrx_word' id='word_1_82' title='bbox 1578 1341 1717 1412; x_wconf 90' lang='lat' dir='ltr'>patentes</span> <span class='ocrx_word' id='word_1_83' title='bbox 1739 1332 1881 1396; x_wconf 88' lang='lat' dir='ltr'>commis·</span> 
     </span>
     <span class='ocr_line' id='line_1_10' title="bbox 393 1420 1881 1502; baseline 0.005 -21"><span class='ocrx_word' id='word_1_84' title='bbox 393 1420 537 1484; x_wconf 80' lang='lat' dir='ltr'>incidisse</span> <span class='ocrx_word' id='word_1_85' title='bbox 557 1423 590 1485; x_wconf 95' lang='lat' dir='ltr'>in</span> <span class='ocrx_word' id='word_1_86' title='bbox 611 1441 755 1487; x_wconf 90' lang='lat' dir='ltr'>censuras</span> <span class='ocrx_word' id='word_1_87' title='bbox 776 1425 916 1487; x_wconf 85' lang='lat' dir='ltr'>Romano</span> <span class='ocrx_word' id='word_1_88' title='bbox 937 1423 1078 1484; x_wconf 85' lang='lat' dir='ltr'>Pontifici</span> <span class='ocrx_word' id='word_1_89' title='bbox 1193 1425 1264 1486; x_wconf 89' lang='lat' dir='ltr'>sarii</span> <span class='ocrx_word' id='word_1_90' title='bbox 1286 1425 1438 1502; x_wconf 89' lang='lat' dir='ltr'>generalis</span> <span class='ocrx_word' id='word_1_91' title='bbox 1460 1427 1617 1490; x_wconf 90' lang='lat' dir='ltr'>indiarum</span> <span class='ocrx_word' id='word_1_92' title='bbox 1638 1426 1881 1491; x_wconf 89' lang='lat' dir='ltr'>Occidentalinm</span> 
     </span>
     <span class='ocr_line' id='line_1_11' title="bbox 394 1517 1882 1585; baseline 0.003 -9"><span class='ocrx_word' id='word_1_93' title='bbox 394 1524 576 1580; x_wconf 90' lang='lat' dir='ltr'>reservatas.</span> <span class='ocrx_word' id='word_1_94' title='bbox 601 1517 669 1580; x_wconf 77' lang='lat'>302.</span> <span class='ocrx_word' id='word_1_95' title='bbox 1194 1517 1315 1581; x_wconf 84' lang='lat' dir='ltr'>Ordinis</span> <span class='ocrx_word' id='word_1_96' title='bbox 1336 1519 1492 1582; x_wconf 88' lang='lat' dir='ltr'>Minorum</span> <span class='ocrx_word' id='word_1_97' title='bbox 1514 1523 1551 1582; x_wconf 92' lang='lat' dir='ltr'>de</span> <span class='ocrx_word' id='word_1_98' title='bbox 1569 1521 1769 1585; x_wconf 79' lang='lat' dir='ltr'>Observantid</span> <span class='ocrx_word' id='word_1_99' title='bbox 1785 1520 1822 1582; x_wconf 91' lang='lat' dir='ltr'>de</span> <span class='ocrx_word' id='word_1_100' title='bbox 1836 1519 1882 1580; x_wconf 94' lang='lat' dir='ltr'>vi-</span> 
     </span>
     <span class='ocr_line' id='line_1_12' title="bbox 334 1606 1799 1693; baseline 0.001 -22"><span class='ocrx_word' id='word_1_101' title='bbox 334 1606 453 1672; x_wconf 83' lang='lat' dir='ltr'>XLVll.</span> <span class='ocrx_word' id='word_1_102' title='bbox 477 1609 603 1673; x_wconf 82' lang='lat' dir='ltr'>Decreta</span> <span class='ocrx_word' id='word_1_103' title='bbox 632 1613 887 1690; x_wconf 83' lang='lat' dir='ltr'>congregationis</span> <span class='ocrx_word' id='word_1_104' title='bbox 918 1611 1080 1691; x_wconf 88' lang='lat' dir='ltr'>particula·</span> <span class='ocrx_word' id='word_1_105' title='bbox 1194 1613 1321 1675; x_wconf 89' lang='lat' dir='ltr'>sitature</span> <span class='ocrx_word' id='word_1_106' title='bbox 1342 1613 1517 1693; x_wconf 91' lang='lat' dir='ltr'>provinciae</span> <span class='ocrx_word' id='word_1_107' title='bbox 1543 1614 1706 1677; x_wconf 82' lang='lat' dir='ltr'>Obilensis.</span> <span class='ocrx_word' id='word_1_108' title='bbox 1731 1613 1799 1675; x_wconf 74' lang='lat' dir='ltr'>tat.</span> 
     </span>
     <span class='ocr_line' id='line_1_13' title="bbox 393 1704 1884 1786; baseline 0.001 -22"><span class='ocrx_word' id='word_1_109' title='bbox 393 1704 446 1779; x_wconf 93' lang='lat' dir='ltr'>ris,</span> <span class='ocrx_word' id='word_1_110' title='bbox 462 1720 496 1766; x_wconf 90' lang='lat' dir='ltr'>ac</span> <span class='ocrx_word' id='word_1_111' title='bbox 511 1704 731 1786; x_wconf 87' lang='lat' dir='ltr'>Episcoporum</span> <span class='ocrx_word' id='word_1_112' title='bbox 746 1713 776 1770; x_wconf 92' lang='lat' dir='ltr'>et</span> <span class='ocrx_word' id='word_1_113' title='bbox 791 1706 993 1784; x_wconf 82' lang='lat' dir='ltr'>Regularinm</span> <span class='ocrx_word' id='word_1_114' title='bbox 1008 1721 1079 1767; x_wconf 92' lang='lat' dir='ltr'>con·</span> <span class='ocrx_word' id='word_1_115' title='bbox 1135 1704 1198 1767; x_wconf 87' lang='lat' dir='ltr'>LV.</span> <span class='ocrx_word' id='word_1_116' title='bbox 1222 1707 1371 1769; x_wconf 83' lang='lat' dir='ltr'>Concedit</span> <span class='ocrx_word' id='word_1_117' title='bbox 1392 1707 1570 1770; x_wconf 81' lang='lat' dir='ltr'>facultatem</span> <span class='ocrx_word' id='word_1_118' title='bbox 1590 1706 1725 1784; x_wconf 88' lang='lat' dir='ltr'>eligendi</span> <span class='ocrx_word' id='word_1_119' title='bbox 1740 1705 1884 1768; x_wconf 90' lang='lat' dir='ltr'>commis-</span> 
     </span>
     <span class='ocr_line' id='line_1_14' title="bbox 394 1797 1884 1878; baseline 0.001 -21"><span class='ocrx_word' id='word_1_120' title='bbox 394 1797 508 1873; x_wconf 89' lang='lat' dir='ltr'>firmat,</span> <span class='ocrx_word' id='word_1_121' title='bbox 524 1801 562 1862; x_wconf 92' lang='lat' dir='ltr'>de</span> <span class='ocrx_word' id='word_1_122' title='bbox 582 1801 778 1864; x_wconf 86' lang='lat' dir='ltr'>revocatione</span> <span class='ocrx_word' id='word_1_123' title='bbox 792 1802 987 1864; x_wconf 89' lang='lat' dir='ltr'>decretorum</span> <span class='ocrx_word' id='word_1_124' title='bbox 1001 1797 1081 1877; x_wconf 90' lang='lat' dir='ltr'>capi·</span> <span class='ocrx_word' id='word_1_125' title='bbox 1195 1800 1290 1860; x_wconf 89' lang='lat' dir='ltr'>sarios</span> <span class='ocrx_word' id='word_1_126' title='bbox 1321 1801 1495 1864; x_wconf 83' lang='lat' dir='ltr'>visitatores</span> <span class='ocrx_word' id='word_1_127' title='bbox 1523 1818 1561 1863; x_wconf 82' lang='lat' dir='ltr'>er</span> <span class='ocrx_word' id='word_1_128' title='bbox 1589 1801 1693 1862; x_wconf 82' lang='lat' dir='ltr'>eadem</span> <span class='ocrx_word' id='word_1_129' title='bbox 1724 1799 1884 1878; x_wconf 74' lang='lat' dir='ltr'>provincii</span> 
     </span>
     <span class='ocr_line' id='line_1_15' title="bbox 394 1889 1884 1976; baseline 0.001 -26"><span class='ocrx_word' id='word_1_130' title='bbox 394 1889 453 1951; x_wconf 91' lang='lat' dir='ltr'>tuli</span> <span class='ocrx_word' id='word_1_131' title='bbox 479 1893 631 1968; x_wconf 90' lang='lat' dir='ltr'>generalis</span> <span class='ocrx_word' id='word_1_132' title='bbox 659 1911 794 1956; x_wconf 84' lang='lat' dir='ltr'>nuccrn.</span> <span class='ocrx_word' id='word_1_133' title='bbox 826 1892 1080 1970; x_wconf 81' lang='lat' dir='ltr'>Gangregationis</span> <span class='ocrx_word' id='word_1_134' title='bbox 1196 1895 1429 1971; x_wconf 78' lang='lat' dir='ltr'>proprovincia</span> <span class='ocrx_word' id='word_1_135' title='bbox 1461 1895 1678 1976; x_wconf 78' lang='lat' dir='ltr'>conceptionis</span> <span class='ocrx_word' id='word_1_136' title='bbox 1706 1895 1740 1956; x_wconf 91' lang='grc' dir='ltr'>Β.</span> <span class='ocrx_word' id='word_1_137' title='bbox 1764 1893 1802 1954; x_wconf 88' lang='lat' dir='ltr'>ill.</span> <span class='ocrx_word' id='word_1_138' title='bbox 1827 1891 1884 1952; x_wconf 93' lang='lat' dir='ltr'>flu·</span> 
     </span>
     <span class='ocr_line' id='line_1_16' title="bbox 394 1983 1883 2069; baseline 0.001 -25"><span class='ocrx_word' id='word_1_139' title='bbox 394 1983 692 2050; x_wconf 86' lang='lat' dir='ltr'>Bethlehemitarum</span> <span class='ocrx_word' id='word_1_140' title='bbox 721 1988 752 2048; x_wconf 94' lang='lat' dir='ltr'>in</span> <span class='ocrx_word' id='word_1_141' title='bbox 781 1987 875 2069; x_wconf 90' lang='lat' dir='ltr'>indiis</span> <span class='ocrx_word' id='word_1_142' title='bbox 906 1987 1080 2051; x_wconf 90' lang='lat' dir='ltr'>Occidenta·</span> <span class='ocrx_word' id='word_1_143' title='bbox 1196 1987 1290 2048; x_wconf 91' lang='lat' dir='ltr'>minis</span> <span class='ocrx_word' id='word_1_144' title='bbox 1312 1988 1443 2050; x_wconf 89' lang='lat' dir='ltr'>ianuarii</span> <span class='ocrx_word' id='word_1_145' title='bbox 1458 1989 1590 2052; x_wconf 82' lang='lat' dir='ltr'>fratrum</span> <span class='ocrx_word' id='word_1_146' title='bbox 1605 1989 1761 2050; x_wconf 83' lang='lat' dir='ltr'>Minorem</span> <span class='ocrx_word' id='word_1_147' title='bbox 1775 1984 1813 2046; x_wconf 91' lang='lat' dir='ltr'>de</span> <span class='ocrx_word' id='word_1_148' title='bbox 1827 1983 1883 2048; x_wconf 92' lang='lat' dir='ltr'>Ob·</span> 
     </span>
     <span class='ocr_line' id='line_1_17' title="bbox 396 2075 1725 2158; baseline 0.002 -22"><span class='ocrx_word' id='word_1_149' title='bbox 396 2075 493 2154; x_wconf 81' lang='lat' dir='ltr'>libus3</span> <span class='ocrx_word' id='word_1_150' title='bbox 515 2081 554 2142; x_wconf 92' lang='grc'>00</span> <span class='ocrx_word' id='word_1_151' title='bbox 575 2080 641 2142; x_wconf 90' lang='lat' dir='ltr'>eius</span> <span class='ocrx_word' id='word_1_152' title='bbox 662 2082 817 2144; x_wconf 89' lang='lat' dir='ltr'>erectione</span> <span class='ocrx_word' id='word_1_153' title='bbox 835 2083 868 2144; x_wconf 92' lang='lat' dir='ltr'>in</span> <span class='ocrx_word' id='word_1_154' title='bbox 882 2081 1079 2158; x_wconf 78' lang='lat' dir='ltr'>religionem,</span> <span class='ocrx_word' id='word_1_155' title='bbox 1194 2081 1351 2142; x_wconf 80' lang='lat' dir='ltr'>servantia</span> <span class='ocrx_word' id='word_1_156' title='bbox 1371 2081 1633 2145; x_wconf 87' lang='lat' dir='ltr'>Reformatorum.</span> <span class='ocrx_word' id='word_1_157' title='bbox 1657 2081 1725 2144; x_wconf 75' lang='lat'>323.</span> 
     </span>
     <span class='ocr_line' id='line_1_18' title="bbox 395 2169 1886 2254; baseline 0.003 -25"><span class='ocrx_word' id='word_1_158' title='bbox 395 2169 524 2250; x_wconf 90' lang='lat' dir='ltr'>aliisque</span> <span class='ocrx_word' id='word_1_159' title='bbox 538 2175 701 2236; x_wconf 90' lang='lat' dir='ltr'>nonnullis</span> <span class='ocrx_word' id='word_1_160' title='bbox 716 2177 751 2238; x_wconf 89' lang='lat' dir='ltr'>ad</span> <span class='ocrx_word' id='word_1_161' title='bbox 767 2177 907 2252; x_wconf 89' lang='lat' dir='ltr'>regimen</span> <span class='ocrx_word' id='word_1_162' title='bbox 922 2175 1081 2254; x_wconf 89' lang='lat' dir='ltr'>pertinen·</span> <span class='ocrx_word' id='word_1_163' title='bbox 1137 2173 1209 2236; x_wconf 87' lang='lat' dir='ltr'>LVl.</span> <span class='ocrx_word' id='word_1_164' title='bbox 1234 2175 1310 2238; x_wconf 90' lang='lat' dir='ltr'>Unit</span> <span class='ocrx_word' id='word_1_165' title='bbox 1331 2175 1520 2238; x_wconf 84' lang='lat' dir='ltr'>beneficium</span> <span class='ocrx_word' id='word_1_166' title='bbox 1540 2179 1572 2240; x_wconf 92' lang='lat' dir='ltr'>in</span> <span class='ocrx_word' id='word_1_167' title='bbox 1591 2177 1716 2239; x_wconf 88' lang='lat' dir='ltr'>ecclesia</span> <span class='ocrx_word' id='word_1_168' title='bbox 1732 2173 1784 2238; x_wconf 90' lang='lat' dir='ltr'>SS.</span> <span class='ocrx_word' id='word_1_169' title='bbox 1801 2175 1886 2237; x_wconf 85' lang='lat' dir='ltr'>Petri</span> 
     </span>
     <span class='ocr_line' id='line_1_19' title="bbox 395 2260 1885 2351; baseline 0.003 -28"><span class='ocrx_word' id='word_1_170' title='bbox 395 2260 487 2324; x_wconf 92' lang='lat' dir='ltr'>tibus.</span> <span class='ocrx_word' id='word_1_171' title='bbox 512 2263 581 2326; x_wconf 91' lang='grc'><strong>303.</strong></span> <span class='ocrx_word' id='word_1_172' title='bbox 1198 2275 1228 2330; x_wconf 96' lang='lat' dir='ltr'>et</span> <span class='ocrx_word' id='word_1_173' title='bbox 1249 2269 1419 2332; x_wconf 87' lang='lat' dir='ltr'>Marcellini</span> <span class='ocrx_word' id='word_1_174' title='bbox 1443 2272 1607 2334; x_wconf 90' lang='lat' dir='ltr'>fundatum</span> <span class='ocrx_word' id='word_1_175' title='bbox 1628 2271 1761 2351; x_wconf 89' lang='lat' dir='ltr'>hospitio</span> <span class='ocrx_word' id='word_1_176' title='bbox 1776 2285 1885 2330; x_wconf 90' lang='lat' dir='ltr'>mona·</span> 
     </span>
    </p>
   </div>
   <div class='ocr_carea' id='block_1_3' title="bbox 276 2354 1886 2445">
    <p class='ocr_par' dir='ltr' id='par_1_3' title="bbox 276 2354 1886 2445">
     <span class='ocr_line' id='line_1_20' title="bbox 276 2354 1886 2445; baseline 0.003 -27"><span class='ocrx_word' id='word_1_177' title='bbox 276 2377 279 2384; x_wconf 63' lang='lat'><em>¹</em></span> <span class='ocrx_word' id='word_1_178' title='bbox 335 2354 468 2418; x_wconf 83' lang='lat' dir='ltr'>XLlilll.</span> <span class='ocrx_word' id='word_1_179' title='bbox 491 2357 619 2430; x_wconf 85' lang='lat' dir='ltr'>Decreta</span> <span class='ocrx_word' id='word_1_180' title='bbox 640 2363 678 2425; x_wconf 90' lang='lat' dir='ltr'>de</span> <span class='ocrx_word' id='word_1_181' title='bbox 698 2363 810 2426; x_wconf 90' lang='lat' dir='ltr'>ritibus</span> <span class='ocrx_word' id='word_1_182' title='bbox 832 2371 862 2425; x_wconf 94' lang='lat' dir='ltr'>et</span> <span class='ocrx_word' id='word_1_183' title='bbox 880 2361 1081 2425; x_wconf 86' lang='lat' dir='ltr'>caeremoniis</span> <span class='ocrx_word' id='word_1_184' title='bbox 1198 2363 1328 2426; x_wconf 90' lang='lat' dir='ltr'>chorum</span> <span class='ocrx_word' id='word_1_185' title='bbox 1342 2364 1565 2428; x_wconf 86' lang='lat' dir='ltr'>Maronitarum</span> <span class='ocrx_word' id='word_1_186' title='bbox 1579 2382 1675 2445; x_wconf 89' lang='lat' dir='ltr'>prope</span> <span class='ocrx_word' id='word_1_187' title='bbox 1689 2365 1775 2426; x_wconf 91' lang='lat' dir='ltr'>illam</span> <span class='ocrx_word' id='word_1_188' title='bbox 1790 2361 1886 2425; x_wconf 88' lang='lat' dir='ltr'>ecele-</span> 
     </span>
    </p>
   </div>
   <div class='ocr_carea' id='block_1_4' title="bbox 338 2449 1967 3754">
    <p class='ocr_par' dir='ltr' id='par_1_4' title="bbox 394 2449 1924 2912">
     <span class='ocr_line' id='line_1_21' title="bbox 394 2449 1886 2537; baseline 0.003 -28"><span class='ocrx_word' id='word_1_189' title='bbox 394 2449 572 2514; x_wconf 88' lang='lat' dir='ltr'>sinensibus</span> <span class='ocrx_word' id='word_1_190' title='bbox 599 2455 773 2530; x_wconf 84' lang='lat' dir='ltr'>confirmat,</span> <span class='ocrx_word' id='word_1_191' title='bbox 802 2455 986 2536; x_wconf 91' lang='lat' dir='ltr'>indictfsque</span> <span class='ocrx_word' id='word_1_192' title='bbox 1011 2472 1084 2534; x_wconf 93' lang='lat' dir='ltr'>poe·</span> <span class='ocrx_word' id='word_1_193' title='bbox 1197 2455 1275 2517; x_wconf 91' lang='lat' dir='ltr'>siam</span> <span class='ocrx_word' id='word_1_194' title='bbox 1296 2465 1411 2534; x_wconf 87' lang='lat' dir='ltr'>erecto,</span> <span class='ocrx_word' id='word_1_195' title='bbox 1434 2461 1608 2537; x_wconf 87' lang='lat' dir='ltr'>usquedum</span> <span class='ocrx_word' id='word_1_196' title='bbox 1630 2459 1725 2520; x_wconf 89' lang='lat' dir='ltr'>iidem</span> <span class='ocrx_word' id='word_1_197' title='bbox 1741 2454 1886 2519; x_wconf 87' lang='lat' dir='ltr'>monachi</span> 
     </span>
     <span class='ocr_line' id='line_1_22' title="bbox 394 2540 1731 2630; baseline 0.006 -28"><span class='ocrx_word' id='word_1_198' title='bbox 394 2540 455 2617; x_wconf 92' lang='lat' dir='ltr'>nis,</span> <span class='ocrx_word' id='word_1_199' title='bbox 472 2542 509 2604; x_wconf 91' lang='lat' dir='ltr'>ab</span> <span class='ocrx_word' id='word_1_200' title='bbox 531 2547 675 2610; x_wconf 92' lang='lat' dir='ltr'>omnibus</span> <span class='ocrx_word' id='word_1_201' title='bbox 689 2550 838 2611; x_wconf 91' lang='lat' dir='ltr'>servanda</span> <span class='ocrx_word' id='word_1_202' title='bbox 853 2551 993 2626; x_wconf 85' lang='lat' dir='ltr'>mandat;</span> <span class='ocrx_word' id='word_1_203' title='bbox 1011 2549 1083 2610; x_wconf 88' lang='lat' dir='ltr'>mis·</span> <span class='ocrx_word' id='word_1_204' title='bbox 1198 2549 1231 2610; x_wconf 94' lang='lat' dir='ltr'>in</span> <span class='ocrx_word' id='word_1_205' title='bbox 1254 2566 1290 2611; x_wconf 91' lang='lat' dir='ltr'>eo</span> <span class='ocrx_word' id='word_1_206' title='bbox 1311 2552 1443 2630; x_wconf 86' lang='lat' dir='ltr'>bospitio</span> <span class='ocrx_word' id='word_1_207' title='bbox 1464 2559 1637 2615; x_wconf 89' lang='lat' dir='ltr'>morentur.</span> <span class='ocrx_word' id='word_1_208' title='bbox 1662 2551 1731 2614; x_wconf 70' lang='grc'><strong>300.</strong></span> 
     </span>
     <span class='ocr_line' id='line_1_23' title="bbox 395 2635 1924 2720; baseline 0.007 -25"><span class='ocrx_word' id='word_1_209' title='bbox 395 2635 538 2700; x_wconf 89' lang='lat' dir='ltr'>sionariis</span> <span class='ocrx_word' id='word_1_210' title='bbox 560 2640 645 2704; x_wconf 92' lang='lat' dir='ltr'>iubet</span> <span class='ocrx_word' id='word_1_211' title='bbox 666 2651 711 2719; x_wconf 92' lang='lat' dir='ltr'>ut,</span> <span class='ocrx_word' id='word_1_212' title='bbox 742 2644 954 2707; x_wconf 90' lang='lat' dir='ltr'>iuramentum</span> <span class='ocrx_word' id='word_1_213' title='bbox 975 2646 1013 2707; x_wconf 91' lang='lat' dir='ltr'>de</span> <span class='ocrx_word' id='word_1_214' title='bbox 1033 2643 1083 2704; x_wconf 91' lang='lat' dir='ltr'>iis·</span> <span class='ocrx_word' id='word_1_215' title='bbox 1139 2640 1229 2704; x_wconf 86' lang='lat' dir='ltr'>Lllll.</span> <span class='ocrx_word' id='word_1_216' title='bbox 1254 2643 1424 2706; x_wconf 85' lang='lat' dir='ltr'>Confirmat</span> <span class='ocrx_word' id='word_1_217' title='bbox 1438 2655 1469 2708; x_wconf 89' lang='lat' dir='ltr'>et</span> <span class='ocrx_word' id='word_1_218' title='bbox 1483 2647 1613 2708; x_wconf 91' lang='lat' dir='ltr'>innovat</span> <span class='ocrx_word' id='word_1_219' title='bbox 1629 2644 1886 2708; x_wconf 92' lang='lat' dir='ltr'>constitutionem</span> <span class='ocrx_word' id='word_1_220' title='bbox 1911 2691 1924 2720; x_wconf 86' lang='lat'>,</span> 
     </span>
     <span class='ocr_line' id='line_1_24' title="bbox 397 2729 1886 2818; baseline 0.005 -27"><span class='ocrx_word' id='word_1_221' title='bbox 397 2729 469 2792; x_wconf 93' lang='lat' dir='ltr'>dem</span> <span class='ocrx_word' id='word_1_222' title='bbox 488 2733 619 2796; x_wconf 88' lang='lat' dir='ltr'>decretis</span> <span class='ocrx_word' id='word_1_223' title='bbox 633 2738 790 2801; x_wconf 87' lang='lat' dir='ltr'>servandis</span> <span class='ocrx_word' id='word_1_224' title='bbox 805 2739 1007 2802; x_wconf 80' lang='lat' dir='ltr'>determinati</span> <span class='ocrx_word' id='word_1_225' title='bbox 1022 2739 1083 2802; x_wconf 89' lang='lat' dir='ltr'>for·</span> <span class='ocrx_word' id='word_1_226' title='bbox 1200 2735 1369 2800; x_wconf 87' lang='lat' dir='ltr'>Clementis</span> <span class='ocrx_word' id='word_1_227' title='bbox 1392 2739 1444 2814; x_wconf 64' lang='lat' dir='ltr'>X„</span> <span class='ocrx_word' id='word_1_228' title='bbox 1460 2757 1519 2818; x_wconf 87' lang='lat' dir='ltr'>qua</span> <span class='ocrx_word' id='word_1_229' title='bbox 1536 2739 1700 2818; x_wconf 91' lang='lat' dir='ltr'>privilegia</span> <span class='ocrx_word' id='word_1_230' title='bbox 1714 2739 1886 2818; x_wconf 88' lang='lat' dir='ltr'>personalia</span> 
     </span>
     <span class='ocr_line' id='line_1_25' title="bbox 398 2823 1888 2912; baseline 0.007 -29"><span class='ocrx_word' id='word_1_231' title='bbox 398 2823 483 2885; x_wconf 88' lang='lat' dir='ltr'>mula</span> <span class='ocrx_word' id='word_1_232' title='bbox 504 2827 651 2891; x_wconf 90' lang='lat' dir='ltr'>emittant</span> <span class='ocrx_word' id='word_1_233' title='bbox 671 2839 730 2894; x_wconf 89' lang='lat' dir='ltr'>etc.</span> <span class='ocrx_word' id='word_1_234' title='bbox 754 2833 822 2895; x_wconf 79' lang='lat'>305.</span> <span class='ocrx_word' id='word_1_235' title='bbox 1199 2849 1254 2912; x_wconf 92' lang='lat' dir='ltr'>pro</span> <span class='ocrx_word' id='word_1_236' title='bbox 1276 2833 1443 2912; x_wconf 90' lang='lat' dir='ltr'>provinciis</span> <span class='ocrx_word' id='word_1_237' title='bbox 1457 2833 1590 2897; x_wconf 90' lang='lat' dir='ltr'>fratrum</span> <span class='ocrx_word' id='word_1_238' title='bbox 1604 2833 1760 2896; x_wconf 87' lang='lat' dir='ltr'>liinornm</span> <span class='ocrx_word' id='word_1_239' title='bbox 1776 2832 1888 2894; x_wconf 88' lang='lat' dir='ltr'>Discal-</span> 
     </span>
    </p>

    <p class='ocr_par' dir='ltr' id='par_1_5' title="bbox 338 2915 1967 3658">
     <span class='ocr_line' id='line_1_26' title="bbox 338 2915 1879 3005; baseline 0.006 -27"><span class='ocrx_word' id='word_1_240' title='bbox 338 2915 445 2980; x_wconf 87' lang='lat' dir='ltr'>XLlX.</span> <span class='ocrx_word' id='word_1_241' title='bbox 470 2918 625 2999; x_wconf 83' lang='lat' dir='ltr'>Approbat</span> <span class='ocrx_word' id='word_1_242' title='bbox 651 2926 840 2988; x_wconf 89' lang='lat' dir='ltr'>erectionem</span> <span class='ocrx_word' id='word_1_243' title='bbox 868 2927 997 3005; x_wconf 84' lang='lat' dir='ltr'>collegii</span> <span class='ocrx_word' id='word_1_244' title='bbox 1025 2929 1084 2991; x_wconf 90' lang='lat' dir='ltr'>fac·</span> <span class='ocrx_word' id='word_1_245' title='bbox 1199 2935 1358 2990; x_wconf 80' lang='lat' dir='ltr'>centorum</span> <span class='ocrx_word' id='word_1_246' title='bbox 1379 2927 1411 2988; x_wconf 97' lang='lat' dir='ltr'>in</span> <span class='ocrx_word' id='word_1_247' title='bbox 1434 2927 1558 2988; x_wconf 88' lang='lat' dir='ltr'>Brasilia</span> <span class='ocrx_word' id='word_1_248' title='bbox 1581 2933 1775 2991; x_wconf 87' lang='lat' dir='ltr'>revocantur.</span> <span class='ocrx_word' id='word_1_249' title='bbox 1794 2925 1879 2989; x_wconf 65' lang='lat'>327:</span> 
     </span>
     <span class='ocr_line' id='line_1_27' title="bbox 401 3012 1967 3104; baseline 0.006 -32"><span class='ocrx_word' id='word_1_250' title='bbox 401 3020 463 3074; x_wconf 89' lang='lat' dir='ltr'>tam</span> <span class='ocrx_word' id='word_1_251' title='bbox 480 3012 578 3076; x_wconf 91' lang='lat' dir='ltr'>Lincii</span> <span class='ocrx_word' id='word_1_252' title='bbox 593 3019 861 3094; x_wconf 89' lang='lat' dir='ltr'>promissionibus</span> <span class='ocrx_word' id='word_1_253' title='bbox 877 3021 1013 3096; x_wconf 81' lang='lat' dir='ltr'>sveciae,</span> <span class='ocrx_word' id='word_1_254' title='bbox 1029 3023 1085 3083; x_wconf 89' lang='lat' dir='ltr'>Da·</span> <span class='ocrx_word' id='word_1_255' title='bbox 1139 3019 1242 3104; x_wconf 80' lang='lat' dir='ltr'>Lllllf.</span> <span class='ocrx_word' id='word_1_256' title='bbox 1269 3023 1354 3083; x_wconf 81' lang='lat' dir='ltr'>furta</span> <span class='ocrx_word' id='word_1_257' title='bbox 1369 3022 1529 3083; x_wconf 89' lang='lat' dir='ltr'>decretum</span> <span class='ocrx_word' id='word_1_258' title='bbox 1544 3020 1735 3099; x_wconf 88' lang='lat' dir='ltr'>particularis</span> <span class='ocrx_word' id='word_1_259' title='bbox 1751 3019 1887 3096; x_wconf 84' lang='lat' dir='ltr'>Congre-</span> <span class='ocrx_word' id='word_1_260' title='bbox 1964 3035 1967 3043; x_wconf 63' lang='lat'><em>‘</em></span> 
     </span>
     <span class='ocr_line' id='line_1_28' title="bbox 398 3105 1888 3194; baseline 0.005 -28"><span class='ocrx_word' id='word_1_261' title='bbox 398 3105 469 3168; x_wconf 91' lang='lat' dir='ltr'>niae</span> <span class='ocrx_word' id='word_1_262' title='bbox 488 3114 521 3168; x_wconf 90' lang='lat' dir='ltr'>et</span> <span class='ocrx_word' id='word_1_263' title='bbox 542 3108 714 3188; x_wconf 89' lang='lat' dir='ltr'>Norvegiae</span> <span class='ocrx_word' id='word_1_264' title='bbox 728 3129 819 3176; x_wconf 91' lang='lat' dir='ltr'>curae</span> <span class='ocrx_word' id='word_1_265' title='bbox 833 3115 1084 3194; x_wconf 84' lang='lat' dir='ltr'>presbyterorum</span> <span class='ocrx_word' id='word_1_266' title='bbox 1200 3114 1330 3190; x_wconf 86' lang='lat' dir='ltr'>gationis</span> <span class='ocrx_word' id='word_1_267' title='bbox 1353 3114 1562 3179; x_wconf 71' lang='lat' dir='ltr'>cardinalium</span> <span class='ocrx_word' id='word_1_268' title='bbox 1584 3115 1716 3192; x_wconf 89' lang='lat' dir='ltr'>negotiis</span> <span class='ocrx_word' id='word_1_269' title='bbox 1732 3114 1820 3192; x_wconf 88' lang='lat' dir='ltr'>Prop.</span> <span class='ocrx_word' id='word_1_270' title='bbox 1839 3113 1888 3176; x_wconf 81' lang='lat' dir='ltr'>Fi-</span> 
     </span>
     <span class='ocr_line' id='line_1_29' title="bbox 398 3201 1888 3288; baseline 0.001 -23"><span class='ocrx_word' id='word_1_271' title='bbox 398 3201 467 3265; x_wconf 90' lang='lat' dir='ltr'>Soc.</span> <span class='ocrx_word' id='word_1_272' title='bbox 492 3203 559 3265; x_wconf 91' lang='lat' dir='ltr'>lesu</span> <span class='ocrx_word' id='word_1_273' title='bbox 587 3207 760 3284; x_wconf 83' lang='lat' dir='ltr'>commissi3</span> <span class='ocrx_word' id='word_1_274' title='bbox 791 3207 966 3270; x_wconf 89' lang='lat' dir='ltr'>facultatem</span> <span class='ocrx_word' id='word_1_275' title='bbox 994 3225 1085 3287; x_wconf 86' lang='lat' dir='ltr'>snpe—</span> <span class='ocrx_word' id='word_1_276' title='bbox 1200 3207 1248 3269; x_wconf 91' lang='lat' dir='ltr'>dei</span> <span class='ocrx_word' id='word_1_277' title='bbox 1279 3209 1526 3287; x_wconf 89' lang='lat' dir='ltr'>praepositorum</span> <span class='ocrx_word' id='word_1_278' title='bbox 1557 3225 1650 3288; x_wconf 93' lang='lat' dir='ltr'>snper</span> <span class='ocrx_word' id='word_1_279' title='bbox 1677 3208 1769 3270; x_wconf 91' lang='lat' dir='ltr'>rebus</span> <span class='ocrx_word' id='word_1_280' title='bbox 1790 3205 1888 3269; x_wconf 89' lang='lat' dir='ltr'>india-</span> 
     </span>
     <span class='ocr_line' id='line_1_30' title="bbox 399 3296 1887 3380; baseline 0.003 -24"><span class='ocrx_word' id='word_1_281' title='bbox 399 3296 534 3358; x_wconf 90' lang='lat' dir='ltr'>rioribus</span> <span class='ocrx_word' id='word_1_282' title='bbox 564 3299 685 3361; x_wconf 90' lang='lat' dir='ltr'>confert</span> <span class='ocrx_word' id='word_1_283' title='bbox 710 3308 823 3362; x_wconf 88' lang='lat' dir='ltr'>statuta</span> <span class='ocrx_word' id='word_1_284' title='bbox 850 3317 906 3380; x_wconf 93' lang='lat' dir='ltr'>pro</span> <span class='ocrx_word' id='word_1_285' title='bbox 934 3302 987 3364; x_wconf 93' lang='lat' dir='ltr'>illo</span> <span class='ocrx_word' id='word_1_286' title='bbox 1013 3317 1084 3364; x_wconf 90' lang='lat' dir='ltr'>con·</span> <span class='ocrx_word' id='word_1_287' title='bbox 1199 3317 1270 3361; x_wconf 88' lang='lat' dir='ltr'>rum</span> <span class='ocrx_word' id='word_1_288' title='bbox 1301 3301 1507 3364; x_wconf 89' lang='lat' dir='ltr'>Orientalium</span> <span class='ocrx_word' id='word_1_289' title='bbox 1538 3301 1711 3378; x_wconf 84' lang='lat' dir='ltr'>deputatae,</span> <span class='ocrx_word' id='word_1_290' title='bbox 1744 3299 1887 3363; x_wconf 91' lang='lat' dir='ltr'>commis-</span> 
     </span>
     <span class='ocr_line' id='line_1_31' title="bbox 399 3388 1888 3471; baseline 0.001 -21"><span class='ocrx_word' id='word_1_291' title='bbox 399 3388 507 3467; x_wconf 85' lang='lat' dir='ltr'>dendi;</span> <span class='ocrx_word' id='word_1_292' title='bbox 530 3391 657 3471; x_wconf 89' lang='lat' dir='ltr'>insuper</span> <span class='ocrx_word' id='word_1_293' title='bbox 677 3395 787 3456; x_wconf 86' lang='lat' dir='ltr'>eximit</span> <span class='ocrx_word' id='word_1_294' title='bbox 809 3395 846 3456; x_wconf 93' lang='lat' dir='ltr'>ab</span> <span class='ocrx_word' id='word_1_295' title='bbox 863 3395 1016 3459; x_wconf 91' lang='lat' dir='ltr'>Ordinarii</span> <span class='ocrx_word' id='word_1_296' title='bbox 1037 3394 1083 3455; x_wconf 91' lang='lat' dir='ltr'>iu·</span> <span class='ocrx_word' id='word_1_297' title='bbox 1200 3393 1316 3454; x_wconf 89' lang='lat' dir='ltr'>sarium</span> <span class='ocrx_word' id='word_1_298' title='bbox 1351 3401 1382 3455; x_wconf 92' lang='lat' dir='ltr'>et</span> <span class='ocrx_word' id='word_1_299' title='bbox 1417 3393 1608 3455; x_wconf 90' lang='lat' dir='ltr'>visitatorem</span> <span class='ocrx_word' id='word_1_300' title='bbox 1643 3393 1781 3454; x_wconf 92' lang='lat' dir='ltr'>instituit</span> <span class='ocrx_word' id='word_1_301' title='bbox 1816 3407 1888 3454; x_wconf 92' lang='lat' dir='ltr'>curn</span> 
     </span>
     <span class='ocr_line' id='line_1_32' title="bbox 399 3483 1888 3565; baseline 0 -21"><span class='ocrx_word' id='word_1_302' title='bbox 399 3483 596 3560; x_wconf 89' lang='lat' dir='ltr'>risdictione,</span> <span class='ocrx_word' id='word_1_303' title='bbox 625 3485 791 3548; x_wconf 90' lang='lat' dir='ltr'>subiiciens</span> <span class='ocrx_word' id='word_1_304' title='bbox 819 3487 990 3549; x_wconf 89' lang='lat' dir='ltr'>visitationi</span> <span class='ocrx_word' id='word_1_305' title='bbox 1016 3501 1084 3565; x_wconf 88' lang='lat' dir='ltr'>pro·</span> <span class='ocrx_word' id='word_1_306' title='bbox 1201 3487 1365 3549; x_wconf 90' lang='lat' dir='ltr'>ordinariis</span> <span class='ocrx_word' id='word_1_307' title='bbox 1396 3495 1426 3549; x_wconf 90' lang='lat' dir='ltr'>et</span> <span class='ocrx_word' id='word_1_308' title='bbox 1457 3486 1708 3550; x_wconf 81' lang='lat' dir='ltr'>extraordinariis</span> <span class='ocrx_word' id='word_1_309' title='bbox 1739 3484 1888 3548; x_wconf 89' lang='lat' dir='ltr'>facultati-</span> 
     </span>
     <span class='ocr_line' id='line_1_33' title="bbox 398 3577 1360 3658; baseline 0.002 -20"><span class='ocrx_word' id='word_1_310' title='bbox 398 3577 539 3640; x_wconf 91' lang='lat' dir='ltr'>vincialis</span> <span class='ocrx_word' id='word_1_311' title='bbox 555 3578 621 3641; x_wconf 90' lang='lat' dir='ltr'>Soc.</span> <span class='ocrx_word' id='word_1_312' title='bbox 639 3580 707 3642; x_wconf 92' lang='lat' dir='ltr'>lesu</span> <span class='ocrx_word' id='word_1_313' title='bbox 723 3588 753 3640; x_wconf 89' lang='lat' dir='ltr'>ot</span> <span class='ocrx_word' id='word_1_314' title='bbox 769 3578 879 3642; x_wconf 89' lang='lat' dir='ltr'>Nuntii</span> <span class='ocrx_word' id='word_1_315' title='bbox 891 3582 996 3658; x_wconf 81' lang='lat' dir='ltr'>Apost.</span> <span class='ocrx_word' id='word_1_316' title='bbox 1013 3580 1082 3643; x_wconf 83' lang='grc'><strong>310.</strong></span> <span class='ocrx_word' id='word_1_317' title='bbox 1200 3579 1267 3641; x_wconf 91' lang='lat' dir='ltr'>bns.</span> <span class='ocrx_word' id='word_1_318' title='bbox 1292 3579 1360 3644; x_wconf 79' lang='grc'><strong>328.</strong></span> 
     </span>
    </p>

    <p class='ocr_par' dir='ltr' id='par_1_6' title="bbox 339 3670 1887 3754">
     <span class='ocr_line' id='line_1_34' title="bbox 339 3670 1887 3754; baseline 0.002 -23"><span class='ocrx_word' id='word_1_319' title='bbox 339 3670 373 3731; x_wconf 90' lang='lat' dir='ltr'>L.</span> <span class='ocrx_word' id='word_1_320' title='bbox 398 3672 470 3747; x_wconf 80' lang='lat' dir='ltr'>Agit</span> <span class='ocrx_word' id='word_1_321' title='bbox 484 3687 556 3733; x_wconf 90' lang='lat' dir='ltr'>cum</span> <span class='ocrx_word' id='word_1_322' title='bbox 570 3673 743 3736; x_wconf 81' lang='lat' dir='ltr'>Patriarcha</span> <span class='ocrx_word' id='word_1_323' title='bbox 758 3672 967 3736; x_wconf 79' lang='lat' dir='ltr'>Alexandrino</span> <span class='ocrx_word' id='word_1_324' title='bbox 982 3675 1084 3750; x_wconf 88' lang='lat' dir='ltr'>graeci</span> <span class='ocrx_word' id='word_1_325' title='bbox 1141 3673 1218 3736; x_wconf 91' lang='lat' dir='ltr'>LlX.</span> <span class='ocrx_word' id='word_1_326' title='bbox 1244 3676 1448 3738; x_wconf 89' lang='lat' dir='ltr'>Commendat</span> <span class='ocrx_word' id='word_1_327' title='bbox 1470 3675 1648 3754; x_wconf 90' lang='lat' dir='ltr'>imperatori</span> <span class='ocrx_word' id='word_1_328' title='bbox 1671 3672 1817 3738; x_wconf 88' lang='lat' dir='ltr'>Sinarum</span> <span class='ocrx_word' id='word_1_329' title='bbox 1835 3673 1887 3734; x_wconf 88' lang='lat' dir='ltr'>Pa-</span> 
     </span>
    </p>
   </div>
   <div class='ocr_carea' id='block_1_5' title="bbox 399 3765 1085 4134">
    <p class='ocr_par' dir='ltr' id='par_1_7' title="bbox 399 3765 1085 4134">
     <span class='ocr_line' id='line_1_35' title="bbox 399 3765 1084 3830; baseline 0.006 -4"><span class='ocrx_word' id='word_1_330' title='bbox 399 3767 476 3826; x_wconf 90' lang='lat' dir='ltr'>rftns</span> <span class='ocrx_word' id='word_1_331' title='bbox 497 3767 534 3827; x_wconf 92' lang='lat' dir='ltr'>de</span> <span class='ocrx_word' id='word_1_332' title='bbox 555 3765 621 3827; x_wconf 87' lang='lat' dir='ltr'>eius</span> <span class='ocrx_word' id='word_1_333' title='bbox 643 3768 679 3828; x_wconf 91' lang='lat' dir='ltr'>ad</span> <span class='ocrx_word' id='word_1_334' title='bbox 701 3767 869 3830; x_wconf 88' lang='lat' dir='ltr'>Ecclesiam</span> <span class='ocrx_word' id='word_1_335' title='bbox 889 3769 1002 3830; x_wconf 90' lang='lat' dir='ltr'>reditu.</span> <span class='ocrx_word' id='word_1_336' title='bbox 1021 3769 1084 3830; x_wconf 90' lang='lat' dir='ltr'>Pal-</span> 
     </span>
     <span class='ocr_line' id='line_1_36' title="bbox 399 3857 1085 3938; baseline 0.007 -20"><span class='ocrx_word' id='word_1_337' title='bbox 399 3857 477 3920; x_wconf 90' lang='lat' dir='ltr'>lium</span> <span class='ocrx_word' id='word_1_338' title='bbox 508 3860 636 3938; x_wconf 91' lang='lat' dir='ltr'>insuper</span> <span class='ocrx_word' id='word_1_339' title='bbox 657 3862 685 3924; x_wconf 94' lang='lat' dir='ltr'>ei</span> <span class='ocrx_word' id='word_1_340' title='bbox 712 3879 784 3926; x_wconf 90' lang='lat' dir='ltr'>cum</span> <span class='ocrx_word' id='word_1_341' title='bbox 812 3863 1004 3926; x_wconf 90' lang='lat' dir='ltr'>absolutione</span> <span class='ocrx_word' id='word_1_342' title='bbox 1024 3869 1085 3925; x_wconf 90' lang='lat' dir='ltr'>tra-</span> 
     </span>
     <span class='ocr_line' id='line_1_37' title="bbox 399 3958 1082 4040; baseline 0.001 -22"><span class='ocrx_word' id='word_1_343' title='bbox 399 3958 1082 4040; x_wconf 81' lang='lat' dir='ltr'>dendumaCustodeHierosolymitanoOrd.</span> 
     </span>
     <span class='ocr_line' id='line_1_38' title="bbox 399 4051 1085 4134; baseline 0.007 -21"><span class='ocrx_word' id='word_1_344' title='bbox 399 4051 556 4114; x_wconf 82' lang='lat' dir='ltr'>Minorem</span> <span class='ocrx_word' id='word_1_345' title='bbox 582 4053 750 4130; x_wconf 86' lang='lat' dir='ltr'>significat,</span> <span class='ocrx_word' id='word_1_346' title='bbox 780 4063 941 4134; x_wconf 90' lang='lat' dir='ltr'>postquam</span> <span class='ocrx_word' id='word_1_347' title='bbox 968 4053 1085 4118; x_wconf 92' lang='lat' dir='ltr'>formu-</span> 
     </span>
    </p>
   </div>
   <div class='ocr_carea' id='block_1_6' title="bbox 1136 3764 1888 3848">
    <p class='ocr_par' dir='ltr' id='par_1_8' title="bbox 1136 3764 1888 3848">
     <span class='ocr_line' id='line_1_39' title="bbox 1136 3764 1888 3848; baseline -0.004 -19"><span class='ocrx_word' id='word_1_348' title='bbox 1136 3837 1142 3848; x_wconf 45' lang='grc'><strong><em>,</em></strong></span> <span class='ocrx_word' id='word_1_349' title='bbox 1201 3768 1367 3830; x_wconf 88' lang='lat' dir='ltr'>triarcbam</span> <span class='ocrx_word' id='word_1_350' title='bbox 1382 3769 1628 3832; x_wconf 78' lang='lat' dir='ltr'>Alexandrinum</span> <span class='ocrx_word' id='word_1_351' title='bbox 1644 3770 1738 3845; x_wconf 89' lang='lat' dir='ltr'>quem</span> <span class='ocrx_word' id='word_1_352' title='bbox 1753 3769 1784 3828; x_wconf 94' lang='lat' dir='ltr'>in</span> <span class='ocrx_word' id='word_1_353' title='bbox 1800 3764 1888 3828; x_wconf 90' lang='lat' dir='ltr'>Sinas</span> 
     </span>
    </p>
   </div>
   <div class='ocr_carea' id='block_1_7' title="bbox 1200 3864 1888 4119">
    <p class='ocr_par' dir='ltr' id='par_1_9' title="bbox 1200 3864 1888 4119">
     <span class='ocr_line' id='line_1_40' title="bbox 1201 3864 1888 3945; baseline -0.007 -18"><span class='ocrx_word' id='word_1_354' title='bbox 1201 3864 1397 3928; x_wconf 76' lang='lat' dir='ltr'>visitatorem</span> <span class='ocrx_word' id='word_1_355' title='bbox 1418 3866 1629 3945; x_wconf 74' lang='lat' dir='ltr'>apostolicum</span> <span class='ocrx_word' id='word_1_356' title='bbox 1649 3875 1681 3927; x_wconf 92' lang='lat' dir='ltr'>et</span> <span class='ocrx_word' id='word_1_357' title='bbox 1702 3865 1855 3942; x_wconf 89' lang='lat' dir='ltr'>Legatum</span> <span class='ocrx_word' id='word_1_358' title='bbox 1872 3879 1888 3922; x_wconf 94' lang='lat' dir='ltr'>a</span> 
     </span>
     <span class='ocr_line' id='line_1_41' title="bbox 1200 3959 1887 4052; baseline 0 -32"><span class='ocrx_word' id='word_1_359' title='bbox 1200 3959 1297 4021; x_wconf 88' lang='lat' dir='ltr'>latere</span> <span class='ocrx_word' id='word_1_360' title='bbox 1317 3961 1433 4052; x_wconf 65' lang='lat' dir='ltr'>mittit,</span> <span class='ocrx_word' id='word_1_361' title='bbox 1456 3961 1588 4024; x_wconf 88' lang='lat' dir='ltr'>ostendit</span> <span class='ocrx_word' id='word_1_362' title='bbox 1609 3960 1796 4039; x_wconf 81' lang='lat' dir='ltr'>aequitatem</span> <span class='ocrx_word' id='word_1_363' title='bbox 1817 3975 1887 4021; x_wconf 88' lang='lat' dir='ltr'>con·</span> 
     </span>
     <span class='ocr_line' id='line_1_42' title="bbox 1200 4054 1839 4119; baseline -0.003 -5"><span class='ocrx_word' id='word_1_364' title='bbox 1200 4055 1371 4115; x_wconf 88' lang='lat' dir='ltr'>stitutionis</span> <span class='ocrx_word' id='word_1_365' title='bbox 1392 4055 1470 4117; x_wconf 89' lang='lat' dir='ltr'>circa</span> <span class='ocrx_word' id='word_1_366' title='bbox 1492 4056 1571 4118; x_wconf 92' lang='lat' dir='ltr'>ritus</span> <span class='ocrx_word' id='word_1_367' title='bbox 1593 4055 1747 4119; x_wconf 89' lang='lat' dir='ltr'>Sinenses.</span> <span class='ocrx_word' id='word_1_368' title='bbox 1771 4054 1839 4116; x_wconf 78' lang='grc'><strong>330.</strong></span> 
     </span>
    </p>
   </div>
   <div class='ocr_carea' id='block_1_8' title="bbox 400 4145 1888 4228">
    <p class='ocr_par' dir='ltr' id='par_1_10' title="bbox 400 4145 1888 4228">
     <span class='ocr_line' id='line_1_43' title="bbox 400 4145 1888 4228; baseline 0.002 -21"><span class='ocrx_word' id='word_1_369' title='bbox 400 4145 462 4208; x_wconf 91' lang='lat' dir='ltr'>lam</span> <span class='ocrx_word' id='word_1_370' title='bbox 482 4147 679 4225; x_wconf 79' lang='lat' dir='ltr'>professionis</span> <span class='ocrx_word' id='word_1_371' title='bbox 707 4149 779 4210; x_wconf 83' lang='lat' dir='ltr'>fidei</span> <span class='ocrx_word' id='word_1_372' title='bbox 805 4155 903 4209; x_wconf 87' lang='lat' dir='ltr'>ratam</span> <span class='ocrx_word' id='word_1_373' title='bbox 930 4149 1084 4224; x_wconf 86' lang='lat' dir='ltr'>babuerit,</span> <span class='ocrx_word' id='word_1_374' title='bbox 1141 4147 1205 4210; x_wconf 88' lang='lat' dir='ltr'>LX.</span> <span class='ocrx_word' id='word_1_375' title='bbox 1229 4147 1322 4209; x_wconf 88' lang='lat' dir='ltr'>Mittit</span> <span class='ocrx_word' id='word_1_376' title='bbox 1343 4149 1588 4228; x_wconf 85' lang='lat' dir='ltr'>ad·Episeopum</span> <span class='ocrx_word' id='word_1_377' title='bbox 1610 4149 1820 4214; x_wconf 87' lang='lat' dir='ltr'>Pekinensem</span> <span class='ocrx_word' id='word_1_378' title='bbox 1837 4150 1888 4212; x_wconf 91' lang='lat' dir='ltr'>de-</span> 
     </span>
    </p>
   </div>
   <div class='ocr_carea' id='block_1_9' title="bbox 340 4239 1086 4508">
    <p class='ocr_par' dir='ltr' id='par_1_11' title="bbox 340 4239 1086 4508">
     <span class='ocr_line' id='line_1_44' title="bbox 399 4239 1086 4320; baseline 0.003 -18"><span class='ocrx_word' id='word_1_379' title='bbox 399 4239 528 4302; x_wconf 87' lang='lat' dir='ltr'>Romam</span> <span class='ocrx_word' id='word_1_380' title='bbox 557 4249 659 4320; x_wconf 92' lang='lat' dir='ltr'>postea</span> <span class='ocrx_word' id='word_1_381' title='bbox 687 4241 871 4304; x_wconf 89' lang='lat' dir='ltr'>mittendam</span> <span class='ocrx_word' id='word_1_382' title='bbox 899 4241 936 4302; x_wconf 92' lang='lat' dir='ltr'>ab</span> <span class='ocrx_word' id='word_1_383' title='bbox 957 4257 993 4302; x_wconf 96' lang='lat' dir='ltr'>eo</span> <span class='ocrx_word' id='word_1_384' title='bbox 1014 4243 1086 4304; x_wconf 90' lang='lat' dir='ltr'>sub·</span> 
     </span>
     <span class='ocr_line' id='line_1_45' title="bbox 398 4333 645 4411; baseline -0.012 -17"><span class='ocrx_word' id='word_1_385' title='bbox 398 4333 553 4411; x_wconf 91' lang='lat' dir='ltr'>scriptam.</span> <span class='ocrx_word' id='word_1_386' title='bbox 577 4333 645 4395; x_wconf 80' lang='lat' dir='ltr'>ult.</span> 
     </span>
     <span class='ocr_line' id='line_1_46' title="bbox 340 4421 1086 4508; baseline 0.001 -23"><span class='ocrx_word' id='word_1_387' title='bbox 340 4421 387 4486; x_wconf 91' lang='lat' dir='ltr'>Ll.</span> <span class='ocrx_word' id='word_1_388' title='bbox 411 4425 516 4487; x_wconf 84' lang='lat' dir='ltr'>Electa</span> <span class='ocrx_word' id='word_1_389' title='bbox 537 4427 772 4508; x_wconf 72' lang='lat' dir='ltr'>archiepiscopo</span> <span class='ocrx_word' id='word_1_390' title='bbox 794 4429 897 4490; x_wconf 88' lang='lat' dir='ltr'>Goano</span> <span class='ocrx_word' id='word_1_391' title='bbox 918 4426 1086 4492; x_wconf 87' lang='lat' dir='ltr'>denunciat</span> 
     </span>
    </p>
   </div>
   <div class='ocr_carea' id='block_1_10' title="bbox 1201 4241 1889 4506">
    <p class='ocr_par' dir='ltr' id='par_1_12' title="bbox 1201 4241 1889 4506">
     <span class='ocr_line' id='line_1_47' title="bbox 1202 4241 1888 4320; baseline 0.003 -20"><span class='ocrx_word' id='word_1_392' title='bbox 1202 4248 1323 4303; x_wconf 89' lang='lat' dir='ltr'>cretum</span> <span class='ocrx_word' id='word_1_393' title='bbox 1352 4241 1382 4305; x_wconf 91' lang='lat' dir='ltr'>S.</span> <span class='ocrx_word' id='word_1_394' title='bbox 1412 4242 1668 4320; x_wconf 76' lang='lat' dir='ltr'>congregationis</span> <span class='ocrx_word' id='word_1_395' title='bbox 1697 4241 1888 4305; x_wconf 91' lang='lat' dir='ltr'>Universalis</span> 
     </span>
     <span class='ocr_line' id='line_1_48' title="bbox 1201 4333 1889 4414; baseline 0.003 -20"><span class='ocrx_word' id='word_1_396' title='bbox 1201 4333 1412 4411; x_wconf 88' lang='lat' dir='ltr'>inquisitionis</span> <span class='ocrx_word' id='word_1_397' title='bbox 1423 4351 1496 4414; x_wconf 88' lang='lat' dir='ltr'>quo,</span> <span class='ocrx_word' id='word_1_398' title='bbox 1511 4337 1595 4398; x_wconf 84' lang='lat' dir='ltr'>iuxta</span> <span class='ocrx_word' id='word_1_399' title='bbox 1609 4336 1797 4398; x_wconf 89' lang='lat' dir='ltr'>sententiam</span> <span class='ocrx_word' id='word_1_400' title='bbox 1809 4335 1889 4397; x_wconf 91' lang='lat' dir='ltr'>eius·</span> 
     </span>
     <span class='ocr_line' id='line_1_49' title="bbox 1201 4427 1864 4506; baseline 0.003 -19"><span class='ocrx_word' id='word_1_401' title='bbox 1201 4428 1271 4488; x_wconf 89' lang='lat' dir='ltr'>dem</span> <span class='ocrx_word' id='word_1_402' title='bbox 1287 4427 1438 4506; x_wconf 84' lang='lat' dir='ltr'>Episcopi,</span> <span class='ocrx_word' id='word_1_403' title='bbox 1454 4427 1618 4491; x_wconf 90' lang='lat' dir='ltr'>damnatur·</span> <span class='ocrx_word' id='word_1_404' title='bbox 1639 4429 1771 4490; x_wconf 88' lang='lat' dir='ltr'>libellus.</span> <span class='ocrx_word' id='word_1_405' title='bbox 1796 4429 1864 4490; x_wconf 81' lang='lat' dir='ltr'>33i.</span> 
     </span>
    </p>
   </div>
   <div class='ocr_carea' id='block_1_11' title="bbox 399 4512 1889 4601">
    <p class='ocr_par' dir='ltr' id='par_1_13' title="bbox 399 4512 1889 4601">
     <span class='ocr_line' id='line_1_50' title="bbox 399 4512 1889 4601; baseline 0.002 -22"><span class='ocrx_word' id='word_1_406' title='bbox 399 4534 477 4596; x_wconf 90' lang='lat' dir='ltr'>qnae</span> <span class='ocrx_word' id='word_1_407' title='bbox 497 4520 563 4581; x_wconf 93' lang='lat' dir='ltr'>eius</span> <span class='ocrx_word' id='word_1_408' title='bbox 584 4512 797 4600; x_wconf 79' lang='lat' dir='ltr'>praedecessor</span> <span class='ocrx_word' id='word_1_409' title='bbox 826 4524 954 4600; x_wconf 80' lang='lat' dir='ltr'>gesserit</span> <span class='ocrx_word' id='word_1_410' title='bbox 979 4528 1086 4585; x_wconf 90' lang='lat' dir='ltr'>contra</span> <span class='ocrx_word' id='word_1_411' title='bbox 1141 4518 1218 4583; x_wconf 88' lang='lat' dir='ltr'>LXI.</span> <span class='ocrx_word' id='word_1_412' title='bbox 1243 4521 1343 4597; x_wconf 86' lang='lat' dir='ltr'>Erigit</span> <span class='ocrx_word' id='word_1_413' title='bbox 1363 4522 1395 4583; x_wconf 91' lang='lat' dir='ltr'>P.</span> <span class='ocrx_word' id='word_1_414' title='bbox 1420 4525 1453 4584; x_wconf 89' lang='lat' dir='ltr'>in</span> <span class='ocrx_word' id='word_1_415' title='bbox 1473 4522 1647 4601; x_wconf 92' lang='lat' dir='ltr'>provincias</span> <span class='ocrx_word' id='word_1_416' title='bbox 1663 4523 1748 4584; x_wconf 92' lang='lat' dir='ltr'>binas</span> <span class='ocrx_word' id='word_1_417' title='bbox 1763 4523 1889 4584; x_wconf 90' lang='lat' dir='ltr'>vicarias</span> 
     </span>
    </p>
   </div>
   <div class='ocr_carea' id='block_1_12' title="bbox 400 4609 1087 4884">
    <p class='ocr_par' dir='ltr' id='par_1_14' title="bbox 400 4609 1087 4884">
     <span class='ocr_line' id='line_1_51' title="bbox 400 4609 1085 4694; baseline 0.003 -20"><span class='ocrx_word' id='word_1_418' title='bbox 400 4609 598 4676; x_wconf 68' lang='lat' dir='ltr'>visitatorem</span> <span class='ocrx_word' id='word_1_419' title='bbox 627 4617 837 4694; x_wconf 81' lang='lat' dir='ltr'>Apostolicum</span> <span class='ocrx_word' id='word_1_420' title='bbox 864 4625 897 4680; x_wconf 91' lang='lat' dir='ltr'>et</span> <span class='ocrx_word' id='word_1_421' title='bbox 928 4617 1085 4678; x_wconf 90' lang='lat' dir='ltr'>missiona-</span> 
     </span>
     <span class='ocr_line' id='line_1_52' title="bbox 401 4706 1087 4789; baseline 0.01 -23"><span class='ocrx_word' id='word_1_422' title='bbox 401 4706 474 4782; x_wconf 91' lang='lat' dir='ltr'>rios,</span> <span class='ocrx_word' id='word_1_423' title='bbox 488 4707 572 4770; x_wconf 92' lang='lat' dir='ltr'>illius</span> <span class='ocrx_word' id='word_1_424' title='bbox 582 4711 711 4789; x_wconf 91' lang='lat' dir='ltr'>proinde</span> <span class='ocrx_word' id='word_1_425' title='bbox 726 4713 847 4774; x_wconf 87' lang='lat' dir='ltr'>decreta</span> <span class='ocrx_word' id='word_1_426' title='bbox 860 4713 921 4773; x_wconf 90' lang='lat' dir='ltr'>iam</span> <span class='ocrx_word' id='word_1_427' title='bbox 935 4729 951 4772; x_wconf 90' lang='lat' dir='ltr'>a</span> <span class='ocrx_word' id='word_1_428' title='bbox 963 4711 993 4775; x_wconf 91' lang='lat' dir='ltr'>S.</span> <span class='ocrx_word' id='word_1_429' title='bbox 1009 4707 1087 4773; x_wconf 89' lang='lat' dir='ltr'>Sede</span> 
     </span>
     <span class='ocr_line' id='line_1_53' title="bbox 400 4801 1087 4884; baseline 0.009 -24"><span class='ocrx_word' id='word_1_430' title='bbox 400 4801 526 4862; x_wconf 90' lang='lat' dir='ltr'>rescissa</span> <span class='ocrx_word' id='word_1_431' title='bbox 552 4803 590 4865; x_wconf 89' lang='lat' dir='ltr'>ab</span> <span class='ocrx_word' id='word_1_432' title='bbox 610 4820 646 4866; x_wconf 89' lang='lat' dir='ltr'>eo</span> <span class='ocrx_word' id='word_1_433' title='bbox 668 4805 855 4866; x_wconf 90' lang='lat' dir='ltr'>removenda</span> <span class='ocrx_word' id='word_1_434' title='bbox 880 4823 946 4868; x_wconf 88' lang='lat' dir='ltr'>esse</span> <span class='ocrx_word' id='word_1_435' title='bbox 973 4805 1087 4884; x_wconf 90' lang='lat' dir='ltr'>praeci-</span> 
     </span>
    </p>
   </div>
   <div class='ocr_carea' id='block_1_13' title="bbox 1201 4613 1890 4868">
    <p class='ocr_par' dir='ltr' id='par_1_15' title="bbox 1201 4613 1890 4868">
     <span class='ocr_line' id='line_1_54' title="bbox 1201 4613 1888 4678; baseline 0.003 -4"><span class='ocrx_word' id='word_1_436' title='bbox 1201 4613 1312 4676; x_wconf 88' lang='lat' dir='ltr'>Bahiae</span> <span class='ocrx_word' id='word_1_437' title='bbox 1333 4629 1367 4678; x_wconf 89' lang='lat' dir='ltr'>ac</span> <span class='ocrx_word' id='word_1_438' title='bbox 1387 4615 1477 4678; x_wconf 84' lang='lat' dir='ltr'>fluvii</span> <span class='ocrx_word' id='word_1_439' title='bbox 1498 4615 1632 4678; x_wconf 90' lang='lat' dir='ltr'>Ianuarii</span> <span class='ocrx_word' id='word_1_440' title='bbox 1647 4616 1679 4677; x_wconf 91' lang='lat' dir='ltr'>in</span> <span class='ocrx_word' id='word_1_441' title='bbox 1695 4615 1820 4677; x_wconf 85' lang='lat' dir='ltr'>Brasiliai</span> <span class='ocrx_word' id='word_1_442' title='bbox 1835 4615 1888 4678; x_wconf 94' lang='lat' dir='ltr'>Or·</span> 
     </span>
     <span class='ocr_line' id='line_1_55' title="bbox 1201 4709 1890 4790; baseline 0.001 -19"><span class='ocrx_word' id='word_1_443' title='bbox 1201 4709 1282 4771; x_wconf 91' lang='lat' dir='ltr'>dinis</span> <span class='ocrx_word' id='word_1_444' title='bbox 1312 4709 1444 4772; x_wconf 91' lang='lat' dir='ltr'>fratrum</span> <span class='ocrx_word' id='word_1_445' title='bbox 1477 4709 1714 4774; x_wconf 76' lang='lat' dir='ltr'>carmelitarum</span> <span class='ocrx_word' id='word_1_446' title='bbox 1747 4711 1890 4790; x_wconf 91' lang='lat' dir='ltr'>antiquae</span> 
     </span>
     <span class='ocr_line' id='line_1_56' title="bbox 1201 4805 1522 4868; baseline -0.019 0"><span class='ocrx_word' id='word_1_447' title='bbox 1201 4805 1429 4868; x_wconf 88' lang='lat' dir='ltr'>Observantiae.</span> <span class='ocrx_word' id='word_1_448' title='bbox 1453 4806 1522 4868; x_wconf 82' lang='lat'>335.</span> 
     </span>
    </p>
   </div>
   <div class='ocr_carea' id='block_1_14' title="bbox 402 4895 1889 4980">
    <p class='ocr_par' dir='ltr' id='par_1_16' title="bbox 402 4895 1889 4980">
     <span class='ocr_line' id='line_1_57' title="bbox 402 4895 1889 4980; baseline -0.001 -17"><span class='ocrx_word' id='word_1_449' title='bbox 402 4901 457 4980; x_wconf 87' lang='lat' dir='ltr'>pit.</span> <span class='ocrx_word' id='word_1_450' title='bbox 474 4895 580 4960; x_wconf 85' lang='lat' dir='ltr'>Monet</span> <span class='ocrx_word' id='word_1_451' title='bbox 594 4898 683 4960; x_wconf 89' lang='lat' dir='ltr'>illum</span> <span class='ocrx_word' id='word_1_452' title='bbox 698 4899 826 4976; x_wconf 91' lang='lat' dir='ltr'>insuper</span> <span class='ocrx_word' id='word_1_453' title='bbox 840 4915 880 4961; x_wconf 92' lang='lat' dir='ltr'>ne</span> <span class='ocrx_word' id='word_1_454' title='bbox 891 4901 1086 4963; x_wconf 74' lang='lat' dir='ltr'>vicariorum</span> <span class='ocrx_word' id='word_1_455' title='bbox 1142 4899 1232 4963; x_wconf 87' lang='lat' dir='ltr'>LXll.</span> <span class='ocrx_word' id='word_1_456' title='bbox 1251 4901 1293 4964; x_wconf 82' lang='lat' dir='ltr'>lle</span> <span class='ocrx_word' id='word_1_457' title='bbox 1308 4909 1495 4978; x_wconf 89' lang='lat' dir='ltr'>congregato</span> <span class='ocrx_word' id='word_1_458' title='bbox 1511 4899 1634 4978; x_wconf 82' lang='lat' dir='ltr'>Synodo</span> <span class='ocrx_word' id='word_1_459' title='bbox 1650 4899 1819 4962; x_wconf 88' lang='lat' dir='ltr'>Zamosciae</span> <span class='ocrx_word' id='word_1_460' title='bbox 1831 4900 1889 4961; x_wconf 92' lang='lat' dir='ltr'>dis·</span> 
     </span>
    </p>
   </div>
   <div class='ocr_carea' id='block_1_15' title="bbox 400 4994 1088 5162">
    <p class='ocr_par' dir='ltr' id='par_1_17' title="bbox 400 4994 1088 5162">
     <span class='ocr_line' id='line_1_58' title="bbox 400 4994 1088 5075; baseline -0.004 -16"><span class='ocrx_word' id='word_1_461' title='bbox 400 4995 647 5075; x_wconf 77' lang='lat' dir='ltr'>Apostolicorum</span> <span class='ocrx_word' id='word_1_462' title='bbox 667 4994 915 5056; x_wconf 89' lang='lat' dir='ltr'>iurisdictionem</span> <span class='ocrx_word' id='word_1_463' title='bbox 930 4995 1039 5069; x_wconf 89' lang='lat' dir='ltr'>laedat,</span> <span class='ocrx_word' id='word_1_464' title='bbox 1055 5011 1088 5056; x_wconf 91' lang='lat' dir='ltr'>ac</span> 
     </span>
     <span class='ocr_line' id='line_1_59' title="bbox 400 5087 1087 5162; baseline -0.003 -10"><span class='ocrx_word' id='word_1_465' title='bbox 400 5098 435 5152; x_wconf 94' lang='lat' dir='ltr'>ut</span> <span class='ocrx_word' id='word_1_466' title='bbox 457 5097 581 5151; x_wconf 90' lang='lat' dir='ltr'>revocet</span> <span class='ocrx_word' id='word_1_467' title='bbox 609 5088 745 5151; x_wconf 84' lang='lat' dir='ltr'>Vicarios</span> <span class='ocrx_word' id='word_1_468' title='bbox 767 5089 804 5150; x_wconf 92' lang='lat' dir='ltr'>de</span> <span class='ocrx_word' id='word_1_469' title='bbox 830 5087 919 5162; x_wconf 86' lang='lat' dir='ltr'>Vara,</span> <span class='ocrx_word' id='word_1_470' title='bbox 942 5089 967 5149; x_wconf 89' lang='lat' dir='ltr'>si</span> <span class='ocrx_word' id='word_1_471' title='bbox 989 5089 1087 5151; x_wconf 87' lang='lat' dir='ltr'>adfrnc</span> 
     </span>
    </p>
   </div>
   <div class='ocr_carea' id='block_1_16' title="bbox 1201 4992 1889 5166">
    <p class='ocr_par' dir='ltr' id='par_1_18' title="bbox 1201 4992 1889 5166">
     <span class='ocr_line' id='line_1_60' title="bbox 1201 4992 1889 5073; baseline 0 -18"><span class='ocrx_word' id='word_1_472' title='bbox 1201 4994 1288 5072; x_wconf 91' lang='lat' dir='ltr'>ponit</span> <span class='ocrx_word' id='word_1_473' title='bbox 1309 5002 1340 5056; x_wconf 90' lang='lat' dir='ltr'>et</span> <span class='ocrx_word' id='word_1_474' title='bbox 1355 4995 1526 5073; x_wconf 88' lang='lat' dir='ltr'>plurimum</span> <span class='ocrx_word' id='word_1_475' title='bbox 1542 4992 1716 5071; x_wconf 89' lang='lat' dir='ltr'>gratulatur</span> <span class='ocrx_word' id='word_1_476' title='bbox 1731 5009 1803 5056; x_wconf 91' lang='lat' dir='ltr'>oum</span> <span class='ocrx_word' id='word_1_477' title='bbox 1818 5009 1889 5056; x_wconf 90' lang='lat' dir='ltr'>con-</span> 
     </span>
     <span class='ocr_line' id='line_1_61' title="bbox 1203 5087 1793 5166; baseline -0.005 -17"><span class='ocrx_word' id='word_1_478' title='bbox 1203 5089 1336 5164; x_wconf 88' lang='lat' dir='ltr'>gregatis</span> <span class='ocrx_word' id='word_1_479' title='bbox 1360 5088 1513 5166; x_wconf 85' lang='lat' dir='ltr'>Episcopis</span> <span class='ocrx_word' id='word_1_480' title='bbox 1535 5087 1700 5150; x_wconf 82' lang='lat' dir='ltr'>Rutltenis.</span> <span class='ocrx_word' id='word_1_481' title='bbox 1725 5088 1793 5151; x_wconf 87' lang='grc'><strong>330.</strong></span> 
     </span>
    </p>
   </div>
   <div class='ocr_carea' id='block_1_17' title="bbox 401 5180 1889 5262">
    <p class='ocr_par' dir='ltr' id='par_1_19' title="bbox 401 5180 1889 5262">
     <span class='ocr_line' id='line_1_62' title="bbox 401 5180 1889 5262; baseline -0.002 -17"><span class='ocrx_word' id='word_1_482' title='bbox 401 5183 516 5246; x_wconf 91' lang='lat' dir='ltr'>sintin</span> <span class='ocrx_word' id='word_1_483' title='bbox 542 5183 721 5260; x_wconf 90' lang='lat' dir='ltr'>regionibus</span> <span class='ocrx_word' id='word_1_484' title='bbox 751 5181 879 5245; x_wconf 89' lang='lat' dir='ltr'>Vicariis</span> <span class='ocrx_word' id='word_1_485' title='bbox 907 5182 1087 5262; x_wconf 73' lang='lat' dir='ltr'>apostolicis</span> <span class='ocrx_word' id='word_1_486' title='bbox 1143 5180 1245 5243; x_wconf 88' lang='lat' dir='ltr'>LXlli.</span> <span class='ocrx_word' id='word_1_487' title='bbox 1270 5182 1418 5244; x_wconf 80' lang='lat' dir='ltr'>Extendit</span> <span class='ocrx_word' id='word_1_488' title='bbox 1440 5197 1611 5244; x_wconf 89' lang='lat' dir='ltr'>numerum</span> <span class='ocrx_word' id='word_1_489' title='bbox 1636 5181 1805 5244; x_wconf 90' lang='lat' dir='ltr'>octodecim</span> <span class='ocrx_word' id='word_1_490' title='bbox 1828 5199 1889 5243; x_wconf 89' lang='lat' dir='ltr'>ma-</span> 
     </span>
    </p>
   </div>
   <div class='ocr_carea' id='block_1_18' title="bbox 401 5277 1088 5450">
    <p class='ocr_par' dir='ltr' id='par_1_20' title="bbox 401 5277 1088 5450">
     <span class='ocr_line' id='line_1_63' title="bbox 401 5277 1088 5342; baseline -0.009 0"><span class='ocrx_word' id='word_1_491' title='bbox 401 5277 556 5342; x_wconf 89' lang='lat' dir='ltr'>subiectis.</span> <span class='ocrx_word' id='word_1_492' title='bbox 580 5277 668 5338; x_wconf 90' lang='lat' dir='ltr'>lubet</span> <span class='ocrx_word' id='word_1_493' title='bbox 690 5278 817 5340; x_wconf 89' lang='lat' dir='ltr'>demum</span> <span class='ocrx_word' id='word_1_494' title='bbox 839 5283 873 5339; x_wconf 92' lang='lat' dir='ltr'>nt</span> <span class='ocrx_word' id='word_1_495' title='bbox 892 5277 1088 5338; x_wconf 88' lang='lat' dir='ltr'>constitutio-</span> 
     </span>
     <span class='ocr_line' id='line_1_64' title="bbox 401 5369 1086 5450; baseline -0.004 -16"><span class='ocrx_word' id='word_1_496' title='bbox 401 5373 493 5434; x_wconf 91' lang='lat' dir='ltr'>nibus</span> <span class='ocrx_word' id='word_1_497' title='bbox 514 5370 692 5450; x_wconf 86' lang='lat' dir='ltr'>pontificiis,</span> <span class='ocrx_word' id='word_1_498' title='bbox 715 5372 878 5450; x_wconf 90' lang='lat' dir='ltr'>praecipue</span> <span class='ocrx_word' id='word_1_499' title='bbox 903 5369 1086 5431; x_wconf 88' lang='lat' dir='ltr'>novissimae</span> 
     </span>
    </p>
   </div>
   <div class='ocr_carea' id='block_1_19' title="bbox 1202 5275 1892 5445">
    <p class='ocr_par' dir='ltr' id='par_1_21' title="bbox 1202 5275 1892 5445">
     <span class='ocr_line' id='line_1_65' title="bbox 1204 5275 1892 5353; baseline 0.001 -19"><span class='ocrx_word' id='word_1_500' title='bbox 1204 5275 1374 5352; x_wconf 86' lang='lat' dir='ltr'>gistrorum</span> <span class='ocrx_word' id='word_1_501' title='bbox 1395 5292 1451 5353; x_wconf 93' lang='lat' dir='ltr'>pro</span> <span class='ocrx_word' id='word_1_502' title='bbox 1472 5275 1631 5353; x_wconf 78' lang='lat' dir='ltr'>provincia</span> <span class='ocrx_word' id='word_1_503' title='bbox 1653 5275 1823 5336; x_wconf 81' lang='lat' dir='ltr'>Peruviana</span> <span class='ocrx_word' id='word_1_504' title='bbox 1838 5275 1892 5338; x_wconf 89' lang='lat' dir='ltr'>Or-</span> 
     </span>
     <span class='ocr_line' id='line_1_66' title="bbox 1202 5366 1853 5445; baseline -0.009 -13"><span class='ocrx_word' id='word_1_505' title='bbox 1202 5370 1283 5432; x_wconf 91' lang='lat' dir='ltr'>dinis</span> <span class='ocrx_word' id='word_1_506' title='bbox 1305 5371 1506 5432; x_wconf 78' lang='grc'><strong>00000000</strong></span> <span class='ocrx_word' id='word_1_507' title='bbox 1528 5366 1559 5430; x_wconf 91' lang='lat' dir='ltr'>S.</span> <span class='ocrx_word' id='word_1_508' title='bbox 1584 5368 1761 5445; x_wconf 78' lang='lat' dir='ltr'>angustini.</span> <span class='ocrx_word' id='word_1_509' title='bbox 1786 5367 1853 5431; x_wconf 83' lang='lat'>338.</span> 
     </span>
    </p>
   </div>
   <div class='ocr_carea' id='block_1_20' title="bbox 402 5462 1889 5544">
    <p class='ocr_par' dir='ltr' id='par_1_22' title="bbox 402 5462 1889 5544">
     <span class='ocr_line' id='line_1_67' title="bbox 402 5462 1889 5544; baseline -0.003 -15"><span class='ocrx_word' id='word_1_510' title='bbox 402 5469 438 5529; x_wconf 88' lang='grc'>00</span> <span class='ocrx_word' id='word_1_511' title='bbox 459 5466 570 5528; x_wconf 92' lang='lat' dir='ltr'>ritibus</span> <span class='ocrx_word' id='word_1_512' title='bbox 600 5465 787 5540; x_wconf 79' lang='lat' dir='ltr'>cinensibus,</span> <span class='ocrx_word' id='word_1_513' title='bbox 818 5472 930 5544; x_wconf 90' lang='lat' dir='ltr'>pareat,</span> <span class='ocrx_word' id='word_1_514' title='bbox 960 5481 994 5525; x_wconf 89' lang='lat' dir='ltr'>ac</span> <span class='ocrx_word' id='word_1_515' title='bbox 1014 5463 1087 5526; x_wconf 90' lang='lat' dir='ltr'>alios</span> <span class='ocrx_word' id='word_1_516' title='bbox 1142 5463 1246 5528; x_wconf 83' lang='lat' dir='ltr'>LXIV.</span> <span class='ocrx_word' id='word_1_517' title='bbox 1265 5465 1310 5526; x_wconf 93' lang='grc'>00</span> <span class='ocrx_word' id='word_1_518' title='bbox 1324 5463 1492 5540; x_wconf 79' lang='lat' dir='ltr'>collegium</span> <span class='ocrx_word' id='word_1_519' title='bbox 1506 5463 1691 5524; x_wconf 88' lang='lat' dir='ltr'>missionum</span> <span class='ocrx_word' id='word_1_520' title='bbox 1705 5462 1889 5538; x_wconf 88' lang='lat' dir='ltr'>erigendum</span> 
     </span>
    </p>
   </div>
   <div class='ocr_carea' id='block_1_21' title="bbox 344 5559 1088 5997">
    <p class='ocr_par' dir='ltr' id='par_1_23' title="bbox 402 5559 722 5641">
     <span class='ocr_line' id='line_1_68' title="bbox 402 5559 722 5641; baseline -0.016 -18"><span class='ocrx_word' id='word_1_521' title='bbox 402 5577 510 5641; x_wconf 91' lang='lat' dir='ltr'>parere</span> <span class='ocrx_word' id='word_1_522' title='bbox 531 5567 628 5622; x_wconf 89' lang='lat' dir='ltr'>curet.</span> <span class='ocrx_word' id='word_1_523' title='bbox 653 5559 722 5622; x_wconf 80' lang='lat' dir='ltr'>uto.</span> 
     </span>
    </p>

    <p class='ocr_par' dir='ltr' id='par_1_24' title="bbox 344 5651 1088 5997">
     <span class='ocr_line' id='line_1_69' title="bbox 344 5651 1088 5731; baseline -0.004 -15"><span class='ocrx_word' id='word_1_524' title='bbox 344 5655 403 5718; x_wconf 94' lang='lat' dir='ltr'>Lll.</span> <span class='ocrx_word' id='word_1_525' title='bbox 428 5652 587 5731; x_wconf 84' lang='lat' dir='ltr'>Significat</span> <span class='ocrx_word' id='word_1_526' title='bbox 614 5669 736 5716; x_wconf 89' lang='lat' dir='ltr'>cansam</span> <span class='ocrx_word' id='word_1_527' title='bbox 767 5653 887 5714; x_wconf 90' lang='lat' dir='ltr'>rituum</span> <span class='ocrx_word' id='word_1_528' title='bbox 915 5651 1088 5713; x_wconf 90' lang='lat' dir='ltr'>sinensium</span> 
     </span>
     <span class='ocr_line' id='line_1_70' title="bbox 401 5745 1087 5823; baseline -0.007 -13"><span class='ocrx_word' id='word_1_529' title='bbox 401 5749 562 5811; x_wconf 89' lang='lat' dir='ltr'>definitam</span> <span class='ocrx_word' id='word_1_530' title='bbox 583 5763 658 5822; x_wconf 86' lang='lat' dir='ltr'>esse,</span> <span class='ocrx_word' id='word_1_531' title='bbox 675 5753 706 5807; x_wconf 89' lang='lat' dir='ltr'>et</span> <span class='ocrx_word' id='word_1_532' title='bbox 726 5745 808 5822; x_wconf 88' lang='lat' dir='ltr'>regis</span> <span class='ocrx_word' id='word_1_533' title='bbox 828 5745 1014 5823; x_wconf 89' lang='lat' dir='ltr'>praesidium</span> <span class='ocrx_word' id='word_1_534' title='bbox 1030 5745 1087 5806; x_wconf 90' lang='lat' dir='ltr'>im-</span> 
     </span>
     <span class='ocr_line' id='line_1_71' title="bbox 402 5837 1088 5920; baseline -0.003 -18"><span class='ocrx_word' id='word_1_535' title='bbox 402 5841 500 5920; x_wconf 90' lang='lat' dir='ltr'>plorat</span> <span class='ocrx_word' id='word_1_536' title='bbox 516 5847 561 5917; x_wconf 91' lang='lat' dir='ltr'>ut,</span> <span class='ocrx_word' id='word_1_537' title='bbox 583 5855 662 5920; x_wconf 90' lang='lat' dir='ltr'>quae</span> <span class='ocrx_word' id='word_1_538' title='bbox 687 5840 807 5902; x_wconf 88' lang='lat' dir='ltr'>decreta</span> <span class='ocrx_word' id='word_1_539' title='bbox 832 5840 868 5901; x_wconf 93' lang='lat' dir='ltr'>de</span> <span class='ocrx_word' id='word_1_540' title='bbox 893 5837 940 5899; x_wconf 93' lang='lat' dir='ltr'>his</span> <span class='ocrx_word' id='word_1_541' title='bbox 960 5837 1088 5900; x_wconf 92' lang='lat' dir='ltr'>fuerunt</span> 
     </span>
     <span class='ocr_line' id='line_1_72' title="bbox 403 5930 875 5997; baseline -0.008 -2"><span class='ocrx_word' id='word_1_542' title='bbox 403 5939 541 5997; x_wconf 87' lang='lat' dir='ltr'>accurate</span> <span class='ocrx_word' id='word_1_543' title='bbox 563 5933 783 5996; x_wconf 91' lang='lat' dir='ltr'>custodiantur.</span> <span class='ocrx_word' id='word_1_544' title='bbox 807 5930 875 5994; x_wconf 78' lang='lat'>318.</span> 
     </span>
    </p>
   </div>
   <div class='ocr_carea' id='block_1_22' title="bbox 449 6079 1046 6142">
    <p class='ocr_par' dir='ltr' id='par_1_25' title="bbox 449 6079 1046 6142">
     <span class='ocr_line' id='line_1_73' title="bbox 449 6079 1046 6142; baseline 0.002 -15"><span class='ocrx_word' id='word_1_545' title='bbox 449 6082 587 6130; x_wconf 67' lang='grc'><strong>1000000</strong></span> <span class='ocrx_word' id='word_1_546' title='bbox 603 6081 633 6128; x_wconf 78' lang='lat' dir='ltr'>de</span> <span class='ocrx_word' id='word_1_547' title='bbox 649 6083 722 6142; x_wconf 84' lang='lat' dir='ltr'>Prop.</span> <span class='ocrx_word' id='word_1_548' title='bbox 738 6081 800 6128; x_wconf 76' lang='lat' dir='ltr'>Fide</span> <span class='ocrx_word' id='word_1_549' title='bbox 814 6082 895 6130; x_wconf 76' lang='lat' dir='ltr'>Partis</span> <span class='ocrx_word' id='word_1_550' title='bbox 911 6083 928 6127; x_wconf 91' lang='lat' dir='ltr'>l.</span> <span class='ocrx_word' id='word_1_551' title='bbox 944 6079 999 6127; x_wconf 82' lang='lat' dir='ltr'>Vol.</span> <span class='ocrx_word' id='word_1_552' title='bbox 1016 6083 1046 6128; x_wconf 90' lang='lat'>11.</span> 
     </span>
    </p>
   </div>
   <div class='ocr_carea' id='block_1_23' title="bbox 1202 5553 1893 5996">
    <p class='ocr_par' dir='ltr' id='par_1_26' title="bbox 1202 5553 1893 5996">
     <span class='ocr_line' id='line_1_74' title="bbox 1202 5553 1893 5638; baseline -0.003 -18"><span class='ocrx_word' id='word_1_553' title='bbox 1202 5560 1259 5621; x_wconf 91' lang='lat' dir='ltr'>sub</span> <span class='ocrx_word' id='word_1_554' title='bbox 1280 5557 1485 5638; x_wconf 89' lang='lat' dir='ltr'>dependentia</span> <span class='ocrx_word' id='word_1_555' title='bbox 1501 5553 1532 5618; x_wconf 90' lang='lat' dir='ltr'>S.</span> <span class='ocrx_word' id='word_1_556' title='bbox 1551 5557 1647 5632; x_wconf 72' lang='lat' dir='ltr'>(long.</span> <span class='ocrx_word' id='word_1_557' title='bbox 1666 5558 1704 5618; x_wconf 93' lang='lat' dir='ltr'>de</span> <span class='ocrx_word' id='word_1_558' title='bbox 1718 5556 1751 5616; x_wconf 84' lang='lat' dir='ltr'>P.</span> <span class='ocrx_word' id='word_1_559' title='bbox 1768 5558 1801 5618; x_wconf 81' lang='lat' dir='ltr'>F.</span> <span class='ocrx_word' id='word_1_560' title='bbox 1820 5573 1893 5618; x_wconf 92' lang='lat' dir='ltr'>con·</span> 
     </span>
     <span class='ocr_line' id='line_1_75' title="bbox 1202 5649 1891 5726; baseline -0.006 -12"><span class='ocrx_word' id='word_1_561' title='bbox 1202 5652 1283 5714; x_wconf 90' lang='lat' dir='ltr'>cedit</span> <span class='ocrx_word' id='word_1_562' title='bbox 1294 5651 1453 5713; x_wconf 89' lang='lat' dir='ltr'>ecclesiam</span> <span class='ocrx_word' id='word_1_563' title='bbox 1465 5650 1559 5726; x_wconf 91' lang='lat' dir='ltr'>vulgo</span> <span class='ocrx_word' id='word_1_564' title='bbox 1571 5649 1657 5711; x_wconf 84' lang='lat' dir='ltr'>Delie</span> <span class='ocrx_word' id='word_1_565' title='bbox 1671 5649 1808 5710; x_wconf 82' lang='lat' dir='ltr'>Foruuci</span> <span class='ocrx_word' id='word_1_566' title='bbox 1821 5665 1891 5711; x_wconf 89' lang='lat' dir='ltr'>con-</span> 
     </span>
     <span class='ocr_line' id='line_1_76' title="bbox 1203 5739 1891 5822; baseline -0.004 -16"><span class='ocrx_word' id='word_1_567' title='bbox 1203 5745 1376 5822; x_wconf 85' lang='lat' dir='ltr'>gregationi</span> <span class='ocrx_word' id='word_1_568' title='bbox 1397 5744 1531 5806; x_wconf 87' lang='lat' dir='ltr'>fratrum</span> <span class='ocrx_word' id='word_1_569' title='bbox 1553 5743 1674 5806; x_wconf 86' lang='lat' dir='ltr'>Ordinis</span> <span class='ocrx_word' id='word_1_570' title='bbox 1696 5739 1808 5804; x_wconf 82' lang='lat' dir='ltr'>ssrnae</span> <span class='ocrx_word' id='word_1_571' title='bbox 1825 5743 1891 5807; x_wconf 82' lang='lat' dir='ltr'>Tri·</span> 
     </span>
     <span class='ocr_line' id='line_1_77' title="bbox 1202 5835 1892 5915; baseline -0.004 -16"><span class='ocrx_word' id='word_1_572' title='bbox 1202 5839 1306 5900; x_wconf 91' lang='lat' dir='ltr'>nitatis</span> <span class='ocrx_word' id='word_1_573' title='bbox 1327 5836 1559 5915; x_wconf 88' lang='lat' dir='ltr'>Redemptionis</span> <span class='ocrx_word' id='word_1_574' title='bbox 1575 5837 1769 5915; x_wconf 88' lang='lat' dir='ltr'>captivorum</span> <span class='ocrx_word' id='word_1_575' title='bbox 1785 5835 1892 5898; x_wconf 80' lang='lat' dir='ltr'>Excal-</span> 
     </span>
     <span class='ocr_line' id='line_1_78' title="bbox 1203 5932 1471 5996; baseline -0.015 -2"><span class='ocrx_word' id='word_1_576' title='bbox 1203 5939 1371 5995; x_wconf 84' lang='lat' dir='ltr'>ceatotum.</span> <span class='ocrx_word' id='word_1_577' title='bbox 1396 5932 1471 5996; x_wconf 92' lang='lat' dir='ltr'>ibid.</span> 
     </span>
    </p>
   </div>
   <div class='ocr_carea' id='block_1_24' title="bbox 1762 6079 1788 6122">
    <p class='ocr_par' dir='ltr' id='par_1_27' title="bbox 1762 6079 1788 6122">
     <span class='ocr_line' id='line_1_79' title="bbox 1762 6079 1788 6122; baseline -0.077 0"><span class='ocrx_word' id='word_1_578' title='bbox 1762 6079 1788 6122; x_wconf 79' lang='grc'>67</span> 
     </span>
    </p>
   </div>
   <div class='ocr_carea' id='block_1_25' title="bbox 0 0 2442 6980">
    <p class='ocr_par' dir='ltr' id='par_1_28' title="bbox 0 0 2442 6980">
     <span class='ocr_line' id='line_1_80' title="bbox 0 0 2442 6980; baseline 0 0"><span class='ocrx_word' id='word_1_579' title='bbox 0 0 2442 6980; x_wconf 95' lang='lat' dir='ltr'> </span> 
     </span>
    </p>
   </div>
  </div>
 </body>
</html>
