4836 6998
111 583 172 636 An.
190 587 225 639 G.
252 587 318 638 1726

351 731 417 798 tur,
444 723 710 801 subrogandarum
737 741 791 786 seu
814 723 1094 798 nominandarum,

350 818 416 880 lieri
443 818 608 898 eidemque
637 819 790 881 Cardinali
816 817 982 898 protectori
1005 816 1095 879 modo

349 919 380 972 et
401 911 500 972 lormi
520 911 701 990 supradictis
722 912 895 988 consignari
911 911 1052 974 debeant.

162 1013 331 1076 cencecnpr
389 1005 408 1078 ᾖ
430 1002 459 1064 ts.
482 1005 630 1066 Ceterum
646 1019 860 1084 quaecumque
874 1005 1094 1068 conservatorii

97 1065 207 1182 ἶῖξᾞξ
224 1067 331 1166 Ρζῐῗὶᾞξζ
350 1097 527 1160 huiusmodi
550 1098 733 1176 neophytae,
747 1114 823 1176 quae
845 1099 881 1162 ad
896 1095 1029 1160 subsidia
1044 1099 1097 1160 do·

98 1176 331 1280 ffl‘bpgissmfssssffi
351 1189 420 1250 talia
442 1191 606 1268 praedicta,
618 1191 697 1253 sicut
712 1191 933 1269 praemittitur,
947 1190 1095 1252 admissae

98 1278 330 1381 lsfflptiguqmssffg
349 1298 403 1345 seu
416 1283 593 1346 nominatae
607 1283 737 1359 luerint,
754 1283 1000 1362 processionibus
1014 1283 1095 1346 aliis-

98 1383 194 1430 eauss.
349 1390 409 1454 que
431 1377 561 1456 publicis
586 1376 798 1440 iunctionibus
820 1378 851 1440 in
875 1377 1095 1440 distributione

349 1470 530 1532 eorumdem
551 1470 759 1533 subsidiorum
781 1469 930 1532 dotalium
952 1477 1005 1532 aut
1027 1470 1095 1532 illo-

349 1578 420 1624 rum
435 1563 593 1624 occasione
604 1563 671 1624 fieri
686 1563 784 1626 solitis
799 1563 949 1626 interesse
964 1563 1095 1626 minime

350 1661 526 1729 teneantur,
549 1658 600 1718 sed
621 1656 701 1718 intra
724 1657 806 1718 idem
826 1656 1094 1720 conservatorium

347 1749 576 1812 sanctissimum
586 1749 795 1812 Eucharistiae
806 1758 1033 1812 sacramentum
1044 1766 1094 1811 su-

350 1857 446 1916 mere,
462 1843 560 1904 aliave
575 1843 622 1921 pia
644 1859 747 1921 opera,
763 1844 829 1905 sive
844 1861 859 1904 a
877 1843 976 1906 dictae
997 1843 1095 1905 archi-

348 1936 610 1999 conlraternitatis
630 1936 764 2011 statutis,
788 1937 853 1998 sive
875 1953 890 1996 a
912 1937 1095 2015 quorumvis

350 2037 533 2092 testatorum
555 2039 586 2092 et
608 2030 731 2108 piorum
757 2030 942 2106 largitorum
967 2030 1095 2108 disposi-

349 2123 485 2185 tionibus
506 2123 657 2198 iniuncta,
680 2124 851 2202 adimplere
865 2124 983 2201 possint
998 2133 1029 2186 et
1043 2123 1094 2185 de·

348 2217 448 2280 beant.
474 2216 598 2278 Eisdem
624 2232 699 2278 vero
724 2217 907 2295 neophytis,
936 2219 1038 2280 statim
1060 2235 1094 2282 ac

348 2309 587 2372 matrimonium
608 2311 838 2384 contraxerint,
861 2312 943 2388 quod
964 2312 1093 2390 quidem

348 2403 471 2482 parochi
493 2403 690 2464 attestatione
710 2420 725 2463 a
747 2402 867 2466 dnobus
881 2419 920 2464 ex
941 2403 1094 2483 deputatis

348 2499 457 2560 domus
478 2496 546 2574 piae
576 2497 748 2574 praedictae
771 2497 942 2576 subscripti
970 2498 1092 2577 probari

348 2590 493 2664 sufficiat,
527 2589 576 2650 vel
598 2591 629 2650 in
651 2589 755 2668 aliquo
782 2591 966 2652 monialium
988 2606 1094 2654 mona-

347 2682 443 2744 sterio
473 2681 695 2759 professionem
728 2683 905 2760 regularem
933 2699 989 2762 per
1016 2685 1094 2762 ipsas

348 2773 498 2837 moniales
520 2775 621 2836 emitti
641 2783 820 2838 consuetam
852 2791 995 2854 expresse
1017 2776 1095 2838 emi-

346 2867 466 2941 serint,
497 2867 633 2929 subsidia
655 2867 766 2948 dotalia
791 2868 835 2928 eis
857 2875 893 2929 ut
920 2868 1093 2946 praefertur

347 2960 509 3037 assignata,
533 2959 640 3034 libere,
657 2968 810 3039 prompte,
828 2960 976 3038 nullique
998 2961 1093 3024 inter·

347 3053 442 3130 posita
463 3053 562 3126 mora,
585 3062 615 3114 et
637 3053 750 3131 absque
778 3053 840 3116 ulli
862 3055 1004 3116 cautione
1024 3071 1092 3132 per-

347 3145 520 3206 solvantur.
567 3144 712 3222 Singulas
753 3147 880 3207 demum
922 3149 1092 3225 neophytas

346 3237 495 3316 praelatas
523 3239 558 3300 ad
580 3236 668 3315 plura
690 3254 784 3316 quam
810 3238 872 3300 duo
893 3254 932 3300 ex
959 3247 1092 3316 quatuor

346 3329 490 3392 subsidiis
512 3329 664 3394 dotalibus
692 3330 875 3409 supradictis
896 3347 953 3410 per
973 3347 1093 3396 memo-

346 3428 450 3484 ratum
463 3423 658 3486 cardinalem
670 3431 880 3501 protectorem
895 3441 1091 3506 nequaquam

346 3516 466 3578 admitti
492 3532 546 3578 seu
568 3517 724 3579 nominari
753 3533 857 3596 posse,
881 3519 992 3582 harum
1013 3521 1092 3582 serie

344 3609 508 3672 statuimus
529 3617 559 3671 et
580 3611 770 3672 ordinamus.

386 3705 406 3779 ἓ
426 3703 455 3764 5.
480 3703 696 3778 Decernentes,
712 3706 834 3768 easdem
846 3715 1022 3784 praesentes
1044 3708 1093 3770 lit-

348 3803 426 3858 teras
456 3811 579 3875 semper
606 3798 725 3874 firmas,
756 3799 869 3862 validas
898 3808 929 3862 et
958 3800 1092 3864 ellicaces

346 3891 480 3954 existere
501 3897 532 3952 et
553 3890 634 3965 lore,
659 3908 793 3970 suosque
815 3893 968 3970 plenarios
994 3901 1024 3955 et
1046 3896 1092 3957 in-

346 3991 449 4060 tegros
471 3983 597 4046 ollactus
617 3985 722 4046 sortiri
735 3993 767 4046 et
789 3986 940 4060 obtinere,
964 4003 996 4048 ac
1020 4005 1092 4050 neo·

345 4077 448 4154 phyris
469 4079 690 4140 conservatorii
716 4079 861 4156 praedicti
886 4080 919 4140 in
947 4081 1092 4142 omnihus
1118 4052 1121 4161 i

345 4176 376 4230 et
396 4185 451 4247 per
472 4171 576 4232 omnia
599 4171 778 4247 plenissime
798 4171 976 4248 sullragari,
1004 4180 1034 4234 et
1055 4173 1093 4234 ab

345 4262 416 4337 illis,
439 4265 474 4326 ad
496 4280 573 4342 quos
587 4271 703 4340 spectat
718 4273 749 4325 et
764 4280 819 4344 pro
842 4272 981 4342 tempore
995 4281 1091 4342 quan·
1118 4282 1120 4355 ᾗ

344 4357 518 4435 (locumque
544 4356 709 4434 spectabit,
739 4357 964 4420 inviolabiliter
989 4359 1093 4420 obser-

344 4448 420 4524 vari,
444 4449 548 4527 sicque
570 4448 601 4510 in
624 4450 796 4526 praemissis
811 4465 865 4526 per
880 4465 1091 4529 quoscumque

344 4541 459 4604 iudices
476 4543 647 4604 ordinarios
668 4551 699 4604 et
721 4543 886 4620 delegatos,
910 4545 1002 4606 etiam
1022 4563 1091 4608 cau-

343 4649 449 4695 sarum
470 4634 573 4712 palatii
597 4635 753 4714 apostolici
775 4627 940 4712 auditores,
964 4637 1092 4701 iudicari

343 4736 374 4790 et
395 4727 518 4789 definiri
541 4729 669 4804 debere,
695 4747 728 4791 ac
750 4729 875 4792 irritum
897 4739 928 4792 et
953 4731 1044 4794 inane
1065 4733 1091 4793 si

342 4837 429 4882 secus
449 4837 543 4898 super
561 4821 608 4882 his
629 4839 645 4882 a
666 4823 833 4900 quoquam,
859 4824 966 4901 quavis
987 4833 1090 4886 aucto-

343 4914 444 4987 ritate,
471 4915 605 4976 scienter
633 4916 682 4976 vel
704 4915 900 4991 ignoranter,
924 4917 1091 4994 contigerit

342 5007 498 5066 attentari.

382 5099 400 5172 ἓ
421 5099 450 5160 6.
475 5099 543 5160 Non
565 5100 757 5163 obstantibus
779 5101 963 5179 praemissis,
985 5121 1017 5166 ao
1039 5121 1088 5166 su·

342 5191 550 5270 predictorum
564 5200 746 5256 testatorum
757 5194 802 5274 (l)
818 5205 847 5258 et
859 5196 982 5272 piorum
998 5197 1088 5274 largi·
1115 5230 1117 5283 ;

344 5293 445 5347 torum
458 5285 1089 5368 (ilultimisvoluntatibus,quaspropter

341 5378 506 5454 praemissa
525 5379 717 5442 sufficienter
731 5389 762 5441 et
783 5397 929 5459 expresse
949 5399 1088 5445 commu-

342 5478 453 5546 tamus,
466 5487 498 5532 ac
510 5474 784 5536 constitutionibus
796 5483 827 5536 et
842 5476 1087 5540 ordinationibus

340 5564 529 5640 apostolicis,
557 5582 677 5628 necnon
707 5567 803 5628 dictae
834 5569 1086 5632 archiconlrater·

340 5656 457 5732 nitatis,
483 5657 613 5737 aliisque
627 5659 798 5736 quibusvis,
814 5661 906 5722 etiam
930 5663 1087 5726 iuramen·
1109 5628 1114 5724 l

151 3709 297 3758 clausulae.

381 5901 410 5953 tl)
427 5899 494 5944 Edit.
510 5899 586 5944 blein.
603 5899 681 5946 habet
697 5905 924 5946 testamentorum.

381 5967 410 6022 (Ξ)
426 5966 586 6012 Particulanr
601 5973 625 6012 et
640 5966 699 6014 hinc
712 5968 858 6014 abiicimus.

976 605 1171 650 tenebrosus
1193 605 1262 649 xltt.

1818 589 1877 650 389
1928 583 1982 636 An.
1997 585 2026 636 Ο.
2048 582 2117 636 1726

1151 730 1194 797 to,
1216 723 1453 786 confirmatione
1468 724 1641 802 apostolici,
1658 725 1709 788 vel
1723 726 1830 804 quavis
1845 727 1898 786 tir·

1150 817 1257 878 mitate
1272 816 1329 878 alii
1344 817 1503 892 roboratis,
1520 818 1654 894 statutis,
1677 819 1793 893 usibus,
1809 817 1897 896 stylis

1150 915 1181 970 et
1202 910 1489 984 consuetudinibus,
1505 911 1676 987 privilegiis
1691 927 1827 990 quoque,
1851 911 1898 973 in·
1941 901 1950 916 '

1151 1002 1244 1065 dultis
1266 1011 1297 1064 et
1320 1001 1432 1065 litteris
1454 1003 1625 1081 apostolicis
1649 1004 1681 1066 in
1704 1005 1895 1068 contrarium

1150 1095 1389 1174 praemissorum
1405 1096 1638 1174 quomodolibet
1649 1098 1812 1172 concessis,
1825 1113 1896 1160 con-

1151 1188 1280 1250 firmatis
1305 1195 1336 1248 et
1361 1189 1533 1264 innovatis;
1561 1189 1672 1266 quihus
1701 1191 1844 1252 omnihus
1865 1199 1896 1252 et

1149 1281 1291 1358 singulis,
1316 1281 1442 1344 illorum
1464 1289 1586 1344 tenores
1608 1283 1820 1360 praesentibus
1842 1301 1897 1362 pro

1150 1375 1242 1454 plene
1263 1381 1293 1435 et
1321 1375 1512 1437 sullieienter
1541 1375 1691 1453 expressis
1712 1391 1746 1438 ac
1770 1375 1804 1437 ad
1827 1393 1896 1440 ver·

1150 1467 1226 1530 burn
1252 1468 1376 1529 insertis
1405 1468 1568 1540 habentes,
1597 1467 1657 1529 illis
1686 1468 1758 1530 aliis
1783 1471 1815 1532 in
1840 1487 1896 1532 suo

1150 1561 1259 1622 robore
1281 1561 1510 1640 permansuris,
1533 1562 1569 1622 ad
1591 1563 1833 1640 praemissorum
1854 1563 1896 1624 el-

1149 1653 1277 1729 lectum,
1302 1654 1356 1716 hac
1378 1653 1446 1716 vice
1470 1653 1645 1728 dumtaxat,
1671 1655 1844 1732 specialiter
1865 1666 1896 1720 et

1148 1763 1292 1826 expresse
1313 1748 1515 1822 derogamus3
1538 1748 1712 1826 ceterisque
1733 1751 1895 1812 contrariis

1148 1841 1405 1920 quibuscumque.

1188 1935 1300 1996 Datum
1312 1933 1438 2007 Romae,
1448 1933 1527 2010 apud
1540 1933 1570 1996 S.
1579 1933 1785 2010 Petrum,sub
1795 1953 1894 2000 annu-

1149 2027 1360 2100 loPiscatoriS,
1380 2026 1430 2088 die
1452 2043 1521 2087 vnr.
1545 2026 1676 2090 ianuarii
1702 2045 1894 2105 unccxxvr„

1149 2120 1344 2200 pontificatus
1366 2119 1463 2180 nostri
1482 2135 1566 2180 anno
1581 2137 1615 2180 ιι.

1402 2278 1641 2289 -ι-----

1497 2406 1549 2468 Xl.

1149 2590 1329 2653 Nonnullae
1349 2591 1494 2671 torpitur
1509 2592 1732 2672 irrdntgentius
1746 2593 1892 2672 fidelibus

1188 2683 1334 2746 eccclesiae
1366 2683 1496 2747 Ordinis
1527 2686 1750 2750 Eremitcrum
1773 2687 1804 2750 S.
1828 2693 1893 2751 Att-

1188 2777 1315 2855 pcstini
1338 2775 1607 2840 Eecclcectorcm
1628 2780 1664 2838 in
1689 2795 1785 2858 repno
1812 2781 1894 2843 Tun·

1187 2869 1257 2930 tini
1289 2868 1523 2943 visitantibus,
1557 2873 1604 2933 oct
1632 2873 1677 2933 eis
1704 2875 1893 2950 praedivites

1186 2977 1292 3039 preces
1325 2963 1549 3026 determinetis
1581 2964 1691 3028 dicbus
1723 2967 1894 3030 recitanti·

1188 3053 1245 3118 bus
1267 3055 1324 3136 (3).

1317 3185 1561 3254 BENEDlGTUS
1578 3187 1637 3254 ΡΡ.
1657 3189 1726 3256 ΧΙΙΙ.

1308 3320 1461 3390 universis
1485 3323 1737 3392 christifidelibus

1254 3419 1437 3496 praesentes
1461 3415 1566 3484 literas
1590 3417 1787 3500 inspecturis,

1181 3522 1310 3588 salutern
1333 3527 1364 3588 et
1386 3523 1584 3605 apostoticam
1608 3526 1856 3594 benedictionem.

1188 3714 1206 3786 S
1229 3713 1256 3773 l.
1281 3717 1325 3778 hd
1348 3715 1522 3793 augendam
1545 3718 1683 3781 bdelium
1705 3719 1892 3796 religionem
1912 3727 2071 3824 dcloncessto
2086 3729 2125 3774 rn-

1147 3817 1177 3869 et
1199 3810 1377 3870 animarum
1397 3810 1529 3872 salutem
1545 3812 1725 3874 caelestibus
1741 3813 1893 3876 Ecclesiae
1912 3781 2125 3896 ιιὲἕθῗῗέῗιῗιὲἶῗὶ

1147 3901 1300 3965 thesauris
1321 3903 1368 3980 pie
1389 3905 1514 3966 caritate
1545 3905 1671 3980 intenti,
1695 3906 1839 3969 omnihus
1861 3913 1892 3968 et
1912 3886 2125 3988 ξιξζῑέζῇξῗωξξὸ

1146 3996 1278 4071 singulis
1293 3997 1457 4074 utriusque
1471 4013 1564 4059 sexus
1579 3997 1829 4061 christifidelibus
1841 4015 1893 4060 ve·
1912 3991 2059 4094 ffifflffgffim
2081 4005 2124 4041 ⁰³·

1148 4105 1181 4149 re
1201 4089 1434 4166 poenitentibus
1448 4099 1480 4151 et
1493 4090 1640 4152 confessis
1661 4107 1695 4153 ac
1712 4093 1795 4154 sacri
1809 4107 1893 4154 com·
2031 4082 2036 4092 ’

1147 4181 1299 4244 munione
1320 4181 1454 4257 relectis,
1476 4184 1530 4261 qui
1551 4183 1686 4262 aliquam
1700 4202 1739 4246 ex
1756 4186 1893 4248 ecclesiis

1146 4274 1279 4336 lratrum
1311 4275 1432 4338 Ordinis
1462 4277 1671 4340 Eremitarum
1694 4278 1724 4341 S.
1745 4279 1905 4356 Augusti.

1146 4367 1178 4426 ni
1195 4367 1446 4430 Excalceatorum
1469 4378 1722 4449 nuncupatorum
1744 4371 1777 4434 in
1797 4387 1893 4449 regno

1146 4458 1286 4521 Tunlxini
1308 4460 1512 4523 existentium
1532 4462 1583 4526 die
1607 4463 1685 4526 testo
1707 4464 1823 4526 titulari
1846 4480 1893 4526 re-

1145 4552 1282 4629 spective
1314 4555 1493 4616 earumdem
1522 4556 1759 4618 ecclesiaruma
1785 4559 1893 4635 primis

1146 4646 1284 4725 vesperis
1313 4647 1467 4724 usquead
1491 4663 1631 4711 occasum
1658 4650 1732 4712 solis
1753 4651 1815 4714 diei
1836 4653 1894 4714 hu·

1145 4738 1277 4800 iusmodi
1310 4739 1483 4816 respective
1507 4741 1638 4820 singulis
1659 4744 1749 4806 annis
1780 4743 1892 4807 devote

1145 4831 1354 4908 visitaverint,
1370 4840 1402 4894 et
1416 4833 1458 4895 ibi
1480 4849 1536 4912 pro
1551 4835 1792 4898 christianorum
1808 4837 1893 4915 prin-

1143 4925 1247 5001 cipum
1268 4925 1441 5000 concordii,
1458 4926 1622 4991 haeresum
1636 4931 1844 5008 extirpatione
1859 4947 1892 4992 ac

1143 5023 1265 5079 sanctae
1297 5017 1403 5080 matris
1436 5020 1590 5082 Ecclesiae
1618 5022 1807 5084 exaltatione
1828 5023 1891 5102 pias

1144 5110 1180 5170 ad
1201 5111 1300 5172 Deum
1322 5127 1429 5188 preces
1443 5113 1623 5189 elluderint,
1640 5113 1811 5193 plenariam
1827 5131 1892 5178 om-

1145 5203 1234 5266 nium
1255 5211 1592 5282 peccatorumsuorum
1615 5209 1845 5285 indulgentiam
1859 5217 1891 5272 et

1143 5297 1360 5360 remissionem
1377 5299 1619 5362 misericorditer
1630 5302 1663 5362 in
1676 5302 1807 5364 bomine
1819 5318 1890 5364 eon·

1143 5388 1294 5467 cedimus3
1318 5391 1355 5452 iis
1376 5407 1463 5466 vero,
1486 5394 1539 5471 qui
1562 5393 1676 5456 litaniis
1698 5395 1782 5456 Bm.
1796 5393 1832 5454 V.
1858 5395 1889 5456 in
1911 5407 1952 5474 ¹m
1966 5417 2011 5463 pro
2027 5409 2121 5476 qsqqr

1142 5481 1242 5558 aliqua
1271 5498 1310 5544 ex
1333 5484 1420 5546 dictis
1452 5485 1588 5547 ecclesiis
1609 5493 1642 5546 et
1669 5487 1810 5548 oratoriis
1839 5463 2122 5566 eo·l{¹,²1⁰qf{'¹,·⁰„'¹3,t,2¹j¹s

1142 5574 1287 5636 rumdem
1308 5575 1442 5638 lratrurn
1463 5577 1495 5638 in
1518 5577 1707 5654 dictoregno
1729 5579 1891 5642 existenti·

1909 5569 2021 5669 ⁰⁰⁰¹3li¹⁸
2057 5573 2121 5619 reci-

1141 5665 1197 5728 bus
1218 5668 1352 5745 singulis
1371 5669 1515 5746 sabbatis,
1537 5671 1733 5752 singulisque
1750 5673 1889 5737 eiusdem
1909 5629 1953 5670 ΜΠ
1976 5635 2003 5670 '⁸'

1141 5972 1150 6016 l
1171 5905 1212 6015 t13)
1228 5908 1265 5950 Ex
1282 5907 1347 5953 Bull.
1366 5907 1397 5952 de
1414 5911 1487 5965 Prop.
1507 5907 1570 5954 Fide
1591 5909 1637 5954 vol.
1657 5913 1696 5964 ll.,
1714 5921 1771 5967 pag.
1789 5913 1823 5966 60,
1839 5911 1889 5956 eol·

1152 5984 1186 6017 a.
1203 5976 1250 6018 etc.
