4844 6990
113 585 209 640 1110.
233 587 300 640 atne

108 2314 312 2367 osrogstiocon·

95 2365 242 2411 trarierum.

302 3983 307 3998 '
330 4003 441 4071 lantes,
463 3997 594 4071 mentio,
615 4013 669 4058 seu
692 3997 817 4074 quaevis
838 3996 894 4058 alia
919 3989 1091 4076 expressio

992 607 1133 653 CLEMENS
1156 605 1212 652 xil.

331 721 457 784 ellectus
475 721 577 785 sortiri
593 728 625 784 et
639 723 791 797 obtinere,
808 739 842 786 ac
862 723 934 800 illis,
950 724 986 786 ad
1001 739 1077 804 quos

328 825 444 896 spectat
458 825 489 879 et
507 834 562 896 pro
578 825 716 896 tempore
731 817 978 896 quandocunque
992 835 1075 898 spec-

330 909 416 985 tabit,
433 910 465 972 in
487 910 632 973 omnibus
647 919 678 972 et
699 927 754 990 per
775 912 878 972 omnia
897 911 1076 990 plenissime

328 1004 499 1080 suliragari,
516 1013 547 1067 et
561 1004 598 1066 ab
612 1005 655 1067 eis
671 1005 841 1084 respective
855 1005 1076 1067 inviolabiliter

328 1097 502 1173 observari3
524 1097 629 1176 sicque
644 1105 675 1160 et
687 1114 750 1159 non
769 1096 858 1160 aliter
875 1097 908 1160 in
931 1097 1076 1176 praemis-

328 1191 369 1252 sis
383 1207 440 1270 per
450 1207 663 1270 quoscumque
674 1190 789 1255 iudices
801 1191 972 1253 ordinarios
984 1199 1015 1252 et
1026 1192 1075 1252 de-

329 1284 460 1361 legatos,
487 1283 580 1346 etiam
604 1301 765 1347 causarum
791 1285 893 1364 palatii
918 1283 1075 1366 apostolici

328 1375 495 1452 auditores,
517 1393 551 1440 ac
574 1376 654 1440 811.
672 1379 707 1440 E.
732 1378 883 1458 praefatae
897 1377 1075 1440 ¹Cardinales

328 1471 423 1532 etiarn
447 1470 484 1534 de
510 1471 606 1534 latere
634 1473 778 1549 Legatos,
805 1474 964 1551 dictaeque
989 1472 1075 1537 Sedis

329 1561 478 1638 Nnucios,
500 1564 637 1644 aliosque
650 1565 804 1643 quoslibet
822 1581 1017 1645 quacumque
1031 1567 1076 1627 di·

329 1657 447 1732 gnitate
462 1665 493 1720 et
510 1665 660 1737 potestate
670 1658 837 1737 iungentes
855 1669 886 1722 et
901 1659 1073 1740 iuncturos;

327 1749 444 1810 sublata
459 1750 512 1825 eis,
527 1756 558 1812 et
572 1766 680 1813 eorum
702 1752 829 1814 cuilibet
850 1753 958 1830 quavis
986 1753 1075 1816 aliter

329 1841 494 1918 iudicandi,
507 1849 538 1905 et
553 1844 777 1923 interpretandi
793 1845 947 1920 lacultate,
961 1851 992 1908 et
1006 1863 1076 1908 auc-

330 1935 466 2011 toritate,
485 1937 613 2000 iudicari
634 1947 665 2000 et
680 1939 803 2000 deliniri
817 1938 941 2014 debere,
957 1940 1076 2001 111111-

329 2033 397 2089 tum
412 2037 443 2092 et
461 2031 564 2106 inane,
577 2033 602 2092 si
617 2048 705 2094 secus
720 2047 813 2111 super
829 2033 875 2094 bis
891 2049 1073 2112 aquoquam

329 2123 436 2200 quavis
461 2125 643 2188 auctoritate
667 2127 801 2188 scienter
822 2126 873 2188 vel
894 2127 1076 2204 ignoranter

327 2217 494 2294 contigerit
514 2220 673 2281 attentari.

368 2311 387 2386 ἓ
408 2312 437 2374 6.
462 2313 531 2376 Non
553 2315 746 2377 obstantibus
767 2316 944 2394 praemissis
955 2332 989 2378 ac
1003 2331 1074 2377 con-

328 2406 543 2468 stitutionibus
564 2415 595 2468 et
615 2408 861 2471 ordinationibus
891 2409 1074 2488 apostolicis,

331 2515 471 2562 necnon
495 2500 654 2579 quibusvis
675 2503 771 2564 etiam
793 2503 982 2576 iuramento,
1005 2519 1076 2564 con-

331 2593 506 2654 firmatione
528 2594 701 2672 apostolica,
724 2595 775 2656 vel
795 2597 905 2674 quavis
930 2596 1077 2657 firmitate

330 2687 385 2748 alial
400 2688 561 2764 roboratis,
577 2689 711 2764 statutis,
728 2691 844 2765 usibus,
860 2691 948 2769 stylis
964 2700 1078 2754 111111-

331 2781 561 2856 suetudinibus,
576 2781 745 2860 privilegiis
757 2785 814 2846 sub
828 2785 1076 2862 quibuscumque

330 2877 501 2939 verborum
516 2875 675 2937 tenoribus
690 2885 721 2938 et
737 2877 856 2952 lormis,
873 2895 906 2940 ac
922 2893 995 2940 cum
1010 2879 1077 2956 qui·

330 2971 435 3032 busvis
459 2971 553 3031 etiam
571 2970 837 3046 derogatoriarum
862 2971 1075 3048 derogatoriis,

330 3065 458 3143 aliisque
473 3065 702 3140 efficacioribus,
718 3063 934 3127 efficacissimis
949 3072 980 3127 et
995 3066 1077 3127 inso-

330 3159 392 3220 litis
417 3157 562 3220 clausulis
589 3158 861 3236 irritantibusque,
885 3165 916 3220 et
937 3158 1003 3219 aliis
1024 3159 1075 3220 de·

329 3250 421 3313 cretis
432 3251 465 3313 in
474 3250 646 3328 generevel
660 3251 691 3310 in
703 3251 802 3329 specie
813 3258 866 3312 aut
878 3250 950 3312 alias
961 3250 992 3312 in
1004 3267 1076 3314 oon-

329 3346 462 3408 trarium
486 3346 725 3422 praemissorum
749 3345 979 3423 quomodolibet
1004 3362 1075 3408 con-

329 3439 436 3512 cessis,
468 3439 656 3501 conssrmatis
692 3447 722 3502 et
755 3439 921 3502 innovatis.
959 3440 1076 3514 Quibus

330 3531 474 3593 omnibus
497 3539 529 3592 et
553 3533 698 3608 singulis,
721 3533 843 3594 etiamsi
868 3549 923 3611 pro
949 3533 1074 3594 illorum

329 3624 494 3687 sullicienti
527 3623 727 3702 derogatione
749 3627 786 3688 de
815 3625 876 3686 illis
904 3641 1077 3706 eorumque

329 3717 402 3778 totis
422 3719 581 3779 tenoribus
602 3718 751 3797 specialis,
768 3719 918 3797 specifica,
934 3735 1075 3798 expressa

329 3817 360 3871 et
380 3810 551 3884 individua,
573 3827 607 3872 ac
626 3811 663 3872 de
682 3811 777 3872 verbo
798 3811 833 3872 ad
850 3810 994 3885 verbum,
1011 3827 1074 3873 non

329 3911 434 3965 autem
450 3919 506 3982 per
522 3903 672 3966 clausulas
690 3905 848 3980 generales
863 3906 946 3966 idem
961 3905 1076 3982 impor-

329 4089 478 4164 babcnda,
503 4097 555 4151 aut
570 4089 669 4168 aliqua
690 4091 843 4168 exquisita
854 4091 951 4153 forma
967 4090 1001 4152 ad
1018 4093 1075 4154 boc

329 4185 476 4246 servanda
490 4183 582 4260 foret,
605 4185 730 4247 illorum
753 4185 896 4246 omnium
916 4191 948 4245 et
969 4185 1076 4261 singu-

331 4276 432 4338 lorum
458 4283 582 4338 tenores
607 4277 820 4356 praesentibus
845 4292 902 4354 pro
925 4277 1016 4356 plene
1044 4286 1075 4340 et

243 4403 244 4406 =
329 4369 520 4432 sufficienter
534 4371 684 4448 expressis
694 4379 729 4445 ‚et
751 4371 785 4432 ad
804 4370 936 4432 verbum
951 4371 1075 4431 insertis

146 4934 221 4981 rides
238 4934 311 4978 trun·

100 4992 268 5046 sumptorum.

330 4458 489 4538 habentes,
505 4463 566 4524 illis
582 4463 654 4524 aliis
675 4465 708 4524 in
729 4480 785 4524 suo
807 4464 918 4524 robore
932 4479 1074 4542 perman-

330 4555 422 4628 suris,
444 4555 478 4615 ad
501 4556 741 4634 praemissorum
756 4556 902 4618 ellectum
917 4558 1075 4618 dumtaxat

329 4646 501 4724 specialiter
521 4655 553 4708 et
574 4663 717 4725 expresse
738 4664 771 4710 ac
792 4646 970 4726 plenissime
987 4649 1076 4710 dero-

331 4753 456 4815 gamus,
486 4739 657 4818 ceterisque
686 4739 848 4802 contrariis
876 4740 1075 4818 quibuscum-

329 4847 400 4909 que.

369 4927 437 5002 §i
465 4927 617 4990 Volumus
642 4934 758 5004 autem,
781 4935 816 4989 ut
830 4928 968 5005 ipsorum
989 4945 1075 5006 prae-

329 5021 467 5083 sentium
489 5021 649 5083 literarum
673 5021 884 5098 transumptis,
901 5037 1077 5084 3111111111-

330 5113 387 5191 plis
409 5114 501 5175 etiam
523 5115 691 5191 impressis,
707 5129 804 5175 manu
819 5114 948 5176 alicuius
963 5115 1074 5176 notarii

329 5205 443 5283 publici
464 5206 660 5284 subscriptis„
687 5214 716 5268 et
741 5205 845 5282 sigillo
873 5221 1021 5284 personae
1043 5207 1074 5268 111

328 5297 481 5374 dignitate
500 5298 701 5360 ecclesiastice
722 5299 906 5360 constitutae
933 5299 1074 5374 munitis,

329 5391 435 5452 eadem
461 5407 586 5469 prorsus
602 5391 677 5452 tides
703 5390 817 5468 ubique
839 5391 989 5466 locorum,
1011 5399 1074 5453 tam

329 5483 361 5543 in
384 5483 496 5546 iudicio
523 5500 616 5562 quam
638 5491 740 5560 entra,
769 5485 967 5558 adhibeatur,
997 5501 1076 5562 quae

327 5577 541 5655 praesentibus
562 5575 772 5652 adhiberetur,
788 5578 813 5639 si
831 5577 935 5639 lorent
956 5577 1075 5638 subibi-

326 5676 378 5731 tae
398 5669 448 5731 vel
469 5677 618 5732 ostensae.

370 5911 399 5967 (1)
415 5913 452 5956 ux
465 5909 532 5955 eutr.
552 5913 577 5955 1.

328 5977 386 6024 coll.
402 5980 450 6023 etc.

435 6100 487 6146 lor.
503 6099 573 6146 Poot.
589 6099 619 6146 de
633 6099 708 6160 Prcp.
724 6097 984 6146 11111111111111.
1000 6101 1031 6146 11.

598 5910 630 5955 de
650 5912 724 5967 Prop.
747 5909 809 5956 Fide
830 5909 878 5956 vol.
895 5912 935 5966 11,
950 5921 1007 5968 pag.
1023 5913 1071 5966 211,
1097 5919 1103 6023 1
1129 5977 1147 6022 ι.

1140 5989 1149 6022 1

1798 584 1854 647 181
1907 579 2097 632 tec.1me

1171 725 1284 786 Datum
1305 723 1430 796 Romae,
1455 724 1535 802 apud
1558 723 1589 788 S.
1613 719 1759 794 Mariam,
1785 720 1877 782 11111-

1132 833 1199 879 rem
1220 817 1277 881 sub
1292 816 1407 878 annulo
1429 816 1590 878 Piscatoris
1604 816 1653 878 die
1671 831 1760 877 xxvi.
1774 814 1891 904 martii

1132 924 1345 985 1111111111,
1368 909 1564 987 pontificatus
1587 909 1685 971 nostri
1707 923 1789 972 anno
1811 923 1854 967 vr.

1440 1192 1576 1256 xxxid.

1132 1376 1292 1456 Approbot
1303 1379 1442 1462 Repclos
1455 1381 1632 1458 propositos
1648 1379 1689 1443 od
1705 1379 1876 1458 rependum

1173 1471 1347 1551 Collegium
1363 1474 1450 1535 ritus
1472 1473 1593 1552 praeci,
1617 1473 1737 1536 Corsini
1752 1488 1878 1532 11111111-
1934 1463 1938 1472 ’

1171 1572 1295 1642 potam,
1319 1563 1358 1628 ab
1379 1565 1445 1641 ipso
1471 1565 1624 1644 Pontificio
1648 1561 1879 1642 1111111111ῢί-

1172 1659 1241 1721 11111Ι
1257 1657 1423 1720 Bisiaoeo.
1448 1657 1595 1718 dioecesis
1617 1665 1757 1720 erectum
1779 1656 1833 1736 (1).
1851 1701 1853 1706 .

1330 1827 1516 1896 clemens
1540 1827 1599 1894 ΡΡ.
1618 1827 1676 1895 llll.

1200 2051 1201 2056 Ἰ
1251 1953 1287 2019 ud
1311 1957 1481 2036 perpetuen
1504 1953 1548 2018 rei
1575 1951 1755 2019 neoterium.

1171 2130 1217 2191 Ex
1233 2130 1373 2192 iniuncto
1388 2132 1476 2193 nobis
1490 2131 1641 2193 divinitus
1655 2129 1813 2210 pastoralis
1829 2146 1875 2192 so·
1925 2137 2094 2184 Prooemium.

1131 2222 1301 2285 licitudinis
1322 2240 1455 2286 munere
1475 2239 1520 2310 ea,
1537 2241 1613 2302 quae
1629 2240 1686 2304 pro
1711 2223 1793 2286 lelici
1815 2224 1876 2286 col-

1132 2315 1285 2392 legiorum
1307 2333 1362 2379 seu
1389 2319 1627 2380 seminariorum
1655 2333 1878 2397 quorumcum-

1132 2425 1193 2486 que
1214 2410 1248 2471 ad
1277 2418 1393 2472 rectam
1421 2411 1573 2474 iuvenum
1603 2411 1817 2474 educationem
1844 2428 1878 2473 ac

1132 2503 1361 2564 institutionem
1376 2513 1517 2566 recenter
1535 2513 1709 2567 erectorum
1725 2505 1879 2581 regimine

1131 2595 1259 2672 provide
1276 2602 1390 2658 statuta
1404 2603 1496 2676 atque
1511 2599 1650 2660 ordinate
1665 2614 1731 2660 esse
1746 2613 1877 2660 noscun-

1134 2696 1194 2762 tur,
1218 2697 1253 2750 ut
1275 2689 1362 2751 firma
1390 2705 1512 2768 semper
1533 2707 1567 2752 ac
1595 2691 1783 2752 inviolabilia
1810 2707 1878 2768 per·

1131 2780 1252 2855 sistant,
1275 2782 1430 2859 apostolici
1454 2783 1638 2845 muniminis
1653 2785 1750 2846 nostri
1766 2785 1880 2862 praesi-

1132 2873 1182 2935 dio
1204 2874 1336 2937 libenter
1352 2876 1595 2938 constabilimus.

1171 2967 1241 3042 §b
1266 2969 1346 3032 Cum
1374 2970 1489 3049 itaque,
1511 2971 1590 3032 sicut
1616 2971 1799 3048 accepimus,
1822 2988 1878 3050 pro
1938 2981 2109 3039 1111111111

1131 3061 1246 3123 salubri
1263 3062 1391 3139 Collegil
1408 3079 1463 3124 seu
1484 3063 1643 3124 seminarii
1665 3063 1878 3140 italo-graeco·
1897 3036 2110 3136 ξξῖξῖἷιῗῖῧῖῗὲἆ

1132 3170 1202 3215 rum
1225 3154 1461 3229 Albanensium,
1483 3155 1565 3232 quod
1592 3173 1691 3234 nuper
1713 3157 1746 3218 in
1769 3157 1878 3236 oppido
1897 3141 2016 3200 R⁰⁸¹¹¹³⁸·

1132 3247 1163 3310 S.
1178 3247 1334 3310 Benedicti
1351 3247 1388 3308 de
1400 3247 1511 3310 Ullano
1522 3249 1744 3312 bisinianensis
1759 3251 1878 3314 dioece-

1131 3341 1172 3402 sis
1181 3340 1385 3414 instituimus,
1395 3357 1411 3401 a
1420 3342 1521 3416 gentis
1533 3351 1655 3404 nostrae
1664 3345 1791 3405 nomine
1805 3345 1879 3406 Cor-

1131 3434 1197 3494 sini
1210 3435 1391 3513 nuncupati,
1406 3435 1558 3510 gubernio
1572 3437 1776 3514 prospereque
1794 3437 1878 3499 illius

1131 3526 1331 3589 alumnorum
1347 3544 1432 3591 nune
1453 3534 1484 3590 et
1505 3544 1561 3607 pro
1584 3539 1723 3606 tempore
1745 3529 1879 3592 existen-

1133 3620 1211 3704 tium
1228 3621 1259 3682 in
1271 3621 1320 3682 via
1331 3623 1550 3683 mandatorum
1561 3622 1685 3683 Domini
1696 3623 1877 3698 directione,

1132 3714 1270 3776 diversae
1295 3714 1541 3776 Constitutiones
1568 3729 1622 3776 seu
1645 3715 1781 3791 Regulae
1806 3731 1879 3778 con·

1131 3805 1212 3867 ditae
1233 3822 1266 3868 ac
1286 3808 1488 3886 praescriptae
1503 3807 1620 3870 luerint
1634 3809 1751 3872 tenoris
1766 3810 1817 3888 qui
1832 3825 1878 3870 se·

1131 3899 1249 3976 quitur,
1272 3900 1434 3963 videlieet:

1174 4087 1404 4158 Costittcziooi,
1422 4105 1437 4149 o
1453 4089 1565 4168 Repolc
1580 4091 1620 4152 do
1636 4091 1810 4152 osseroorsi
1824 4089 1877 4154 da.
1908 4099 1991 4145 rnnor
2004 4096 2110 4154 neglig.

1131 4182 1177 4259 pti
1198 4181 1316 4244 olottoi
1338 4181 1387 4243 del
1411 4181 1547 4262 Collept'o
1562 4183 1731 4264 Pontificio
1748 4182 1877 4246 Corsici
1897 4161 1960 4197 ‘¹¹¹³'

1131 4274 1165 4336 dt
1188 4275 1218 4336 S.
1243 4274 1413 4336 Recedetto
1436 4275 1471 4337 de
1497 4276 1607 4340 Ulloeo
1628 4276 1684 4358 (2).

1160 4462 1190 4536 ‘5
1211 4461 1240 4523 2.
1264 4461 1342 4524 Hinc
1364 4465 1504 4542 estquod
1526 4481 1593 4540 nos,
1611 4464 1783 4528 inviolabili
1798 4465 1878 4528 Gon·
1937 4471 2109 4529 1111111111-

1131 4554 1332 4615 stitutionem
1353 4571 1408 4618 seu
1425 4556 1613 4633 Regularum
1635 4557 1812 4621 huiusmodi
1829 4574 1878 4620 ro-
1896 4524 2110 4642 Eiflss'sst‘ssbasmdfs

1131 4647 1198 4708 bori
1220 4655 1251 4709 et
1280 4646 1428 4709 edicaciae
1458 4650 1622 4728 providere
1654 4650 1809 4726 volentes,
1840 4654 1877 4714 de
1896 4631 2109 4733 ggppsganuan-

1132 4739 1360 4802 nonnullorum
1391 4758 1430 4802 ev
1462 4759 1557 4804 veun.
1586 4743 1732 4807 iratribus
1763 4745 1878 4807 nostris
2204 4741 2209 4750 “

1132 4831 1164 4894 S.
1187 4833 1222 4894 it.
1247 4834 1281 4894 E.
1307 4835 1519 4896 cardinalibus
1547 4837 1804 4914 Congregationis
1830 4853 1877 4899 re·
1965 4873 1967 4878 ,

1132 4926 1188 4988 bus
1202 4926 1418 5005 Propagandee
1432 4927 1516 4990 Fidei
1531 4930 1730 5008 praepositae,
1748 4933 1801 5009 qui
1816 4931 1877 4993 ius-

1130 5035 1166 5080 su
1189 5027 1294 5080 nostro
1317 5021 1394 5100 ipsas
1409 5022 1655 5085 Constitutiones
1676 5040 1730 5086 seu
1746 5024 1878 5101 Regulas

1131 5123 1270 5175 accurate
1292 5114 1439 5176 viderunt
1460 5122 1490 5176 et
1510 5115 1757 5193 perpenderunt,
1780 5117 1878 5180 consi·

1132 5205 1184 5280 lio,
1207 5209 1328 5269 easdem
1345 5209 1548 5286 praeinsertas
1563 5209 1808 5272 Constitutiones
1822 5227 1877 5272 seu

1131 5301 1264 5377 Regulus
1295 5317 1366 5364 cum
1399 5299 1545 5364 omnibus
1566 5309 1596 5364 et
1617 5303 1747 5379 singulis
1771 5303 1802 5364 in
1833 5304 1877 5365 eis

1130 5394 1306 5469 contentis,
1338 5397 1520 5458 auctoritate
1551 5395 1731 5473 apostolici,
1768 5403 1877 5459 tenore
1919 5403 2108 5450 coanimantur

1131 5487 1352 5564 praesentium,
1365 5489 1588 5550 confirmamus
1610 5499 1637 5550 et
1661 5489 1875 5568 approbamus,
1896 5457 2055 5506 ²¹³⁰⁰⁸¹fl⁰²

1130 5578 1254 5656 illisque
1275 5579 1492 5656 irrefragabilis
1513 5582 1694 5660 apostolicae
1721 5583 1876 5645 firmitatis

1131 5671 1196 5733 vim
1217 5680 1248 5734 et
1274 5673 1368 5735 robur
1399 5673 1577 5750 adiicimus,
1606 5691 1640 5736 ac
1664 5691 1877 5755 quoscumque

1169 5913 1199 5966 12)
1214 5911 1310 5956 Eiidem
1325 5910 1503 5968 rationeque
1523 5913 1633 5966 ceteras,
1648 5913 1696 5958 bas
1711 5913 1876 5969 praetermit-

1152 5987 1210 6023 mus
1224 5977 1338 6034 regulas.
1356 5979 1405 6024 ttae
1419 5978 1478 6024 vide
1492 5978 1519 6022 in
1534 5977 1591 6024 loco
1607 5977 1650 6023 cit.
1666 5981 1691 6023 B.
1708 5981 1732 6024 Ρ.
1749 5979 1780 6024 de
1794 5981 1819 6024 Ρ.
1835 5983 1861 6024 11.

1744 6102 1769 6145 bl
