4866 6980
289 505 343 562 An.
357 510 387 563 O.
410 511 478 563 1677

323 2619 407 2680 (ἔπεα,
417 2616 495 2663 alter·

281 2673 497 2770 lustrantia

283 2777 355 2878 {gude
369 2777 408 2824 lns
422 2777 496 2824 Char·

325 3362 390 3416 ouid
405 3361 432 3408 ln
449 3361 498 3408 hac

285 3415 498 3463 ceusahincinde

285 3474 371 3572 artat.

530 519 549 584 6
1032 546 1097 590 run.
1122 546 1212 590 nour.
1237 545 1278 589 nn
1300 546 1328 589 n.
1353 546 1381 590 r.
1407 547 1488 592 rans
1510 547 1531 592 1.

509 659 672 738 generalis,
694 646 726 724 et
748 661 785 723 ir.
810 664 935 725 loannes
956 663 1084 725 Luendo
1100 663 1257 725 Indiarnm

508 755 738 818 commissarius
759 756 923 832 generalis,
939 757 1198 836 compromissarii
1212 773 1258 819 ca-

509 847 599 924 pituli
621 848 774 924 generalis
794 849 909 912 Romae
937 850 1082 914 celebrati
1102 851 1161 912 sub
1181 850 1259 912 festo

510 941 704 1004 Pentecostes
730 945 804 1006 anni
829 945 993 1022 praeteriti
1014 959 1188 1006 uncuxxvr.
1213 943 1258 1004 vi-

510 1051 585 1111 gore
610 1036 724 1098 decreti
753 1039 928 1114 sequentis:
950 1039 1051 1100 -Pro
1072 1040 1169 1101 causis
1190 1054 1259 1116 pro·

510 1129 626 1191 vincias
641 1129 797 1190 ludiarnm
812 1129 1056 1193 Occitlentalium
1071 1146 1260 1194 concernen-

509 1221 604 1296 tibus,
627 1237 704 1300 quae
729 1222 760 1284 in
782 1223 839 1286 hoc
858 1224 991 1302 capitulo
1007 1225 1135 1286 inerunt
1149 1240 1259 1303 propo·

509 1315 597 1390 sitae,
620 1315 833 1378 delinitorinm
864 1317 1011 1394 generale
1036 1317 1260 1396 compromittit

510 1407 544 1470 in
565 1409 863 1472 reverendissimum
891 1417 1010 1490 patrem
1038 1418 1181 1474 nostrum
1202 1411 1261 1472 mi-

511 1503 647 1564 nistrum
662 1503 840 1580 generalem
855 1511 886 1566 et
901 1505 1198 1568 reverendissimum
1209 1521 1259 1584 pa-

511 1603 594 1658 trem
620 1598 866 1661 commissarium
898 1598 1076 1675 generalem
1101 1598 1261 1662 lndiarum

512 1687 546 1750 in
568 1689 652 1751 curid
673 1690 755 1765 regis
785 1690 927 1752 catholici
954 1692 1188 1766 consistentem,
1212 1699 1258 1766 ut,

513 1781 623 1844 habitis
644 1797 751 1844 carum
772 1784 889 1846 notitiis
910 1801 989 1864 quae
1010 1785 1044 1846 in
1062 1784 1195 1863 capitulo
1210 1783 1261 1846 de·

511 1873 737 1950 siderabantur,
757 1877 940 1953 provideant
955 1885 986 1938 et
1000 1878 1176 1956 disponant,
1193 1892 1261 1955 pro-

512 1973 547 2028 ut
579 1965 611 2028 in
644 1967 775 2031 Domino
803 1972 901 2046 magis
932 1972 1077 2050 expedire
1108 1970 1261 2033 iudicave-

512 2059 593 2121 rint:
616 2093 637 2104 -
662 2076 717 2138 pro
745 2061 838 2124 huius
870 2063 1082 2143 compromissi
1114 2063 1263 2142 adimple-

512 2159 621 2214 mento
641 2153 676 2216 in
698 2155 756 2216 hoc
786 2164 945 2219 conventu
976 2157 1080 2220 Sancti
1108 2157 1262 2218 Francisci

513 2245 633 2308 bladriti
655 2248 859 2311 convenimus
881 2248 916 2310 ad
939 2249 1145 2312 decidendum
1166 2257 1197 2311 et
1212 2251 1263 2312 de-

513 2338 748 2402 terminandum
763 2343 856 2404 dictas
871 2358 986 2417 causas,
1003 2351 1034 2404 et
1049 2342 1079 2402 id
1094 2344 1264 2404 decernen-

513 2429 589 2492 dum
610 2432 693 2510 quod
714 2434 874 2510 religionis
894 2434 975 2496 bono
999 2437 1098 2512 magis
1119 2435 1263 2514 expedire

513 2521 731 2588 indicaremus.

554 2634 573 2678 e
587 2617 730 2698 Cumque
744 2637 908 2686 causarum
922 2625 955 2685 in
969 2624 1050 2688 dicto
1064 2622 1197 2702 capitulo
1213 2637 1264 2698 ge·

515 2713 612 2774 nerali
632 2717 860 2792 propositarum
881 2731 943 2778 una
964 2719 1004 2779 sit
1022 2717 1198 2780 stabiliendi
1213 2715 1263 2776 vel

515 2805 678 2865 revocandi
700 2804 915 2868 alternatlvam
943 2808 1117 2870 officiorum
1139 2808 1171 2867 in
1194 2820 1263 2884 pro-

515 2895 626 2958 vinciis
647 2897 712 2959 Xll.
730 2899 948 2976 Apostolorum
965 2899 1092 2962 Limand
1108 2906 1138 2961 et
1153 2899 1184 2962 S.
1203 2899 1265 2960 hn-

517 2989 594 3050 tonii
621 2987 660 3051 de
687 2990 729 3052 las
760 2992 890 3054 charcas
922 2993 1005 3054 inter
1034 2992 1196 3069 religiosos
1224 3006 1263 3051 ex

516 3081 661 3160 hispania
694 3084 842 3146 oriundos
872 3092 904 3146 et
935 3087 1093 3148 lndiarnm
1124 3085 1263 3161 nativos,

514 3175 723 3253 comperimus
745 3177 778 3238 in
799 3176 897 3240 lormd
922 3180 1067 3258 sequenti
1088 3195 1265 3258 processum

515 3265 624 3330 tuisse:

556 3378 574 3421 s
588 3361 674 3437 Quod
688 3363 721 3426 in
735 3364 868 3443 capitulo
883 3366 1019 3443 generali
1031 3365 1146 3428 llomae
1160 3368 1198 3428 de
1212 3383 1266 3428 an-

518 3471 559 3518 no
580 3472 746 3533 nucnxrv„
769 3457 806 3520 ad
832 3459 1012 3522 instantiam
1044 3468 1074 3522 et
1101 3460 1265 3522 exhibitio-

517 3565 591 3611 nem
611 3558 736 3627 patrnm
757 3553 892 3617 custodis
917 3554 1050 3629 Limani,
1073 3554 1207 3616 custodis
1228 3553 1266 3614 de

517 3643 560 3705 las
592 3645 739 3720 charcas,
772 3647 967 3725 proministri
999 3655 1029 3708 et
1061 3647 1196 3709 custodis
1228 3649 1264 3708 de

516 3739 619 3814 Quito,
643 3740 833 3816 proministri
853 3748 886 3802 et
907 3742 1041 3803 custodis
1062 3740 1093 3804 S.
1115 3741 1212 3816 Fidei,
1236 3748 1267 3802 et

516 3833 709 3911 proministri
731 3835 769 3896 de
790 3834 878 3896 Chilo
900 3833 1134 3911 provinciarum
1156 3833 1268 3895 Perna·

517 3941 642 4001 narum,
665 3927 714 3991 die
735 3944 764 3987 v.
789 3928 868 3989 iunii
888 3927 921 3989 in
936 3927 1114 3990 delinitorio
1128 3926 1267 4003 generali

517 4020 674 4082 emanavit
700 4021 861 4083 decretum
886 4035 1034 4098 sequens:
1057 4053 1078 4064 -
1103 4019 1266 4098 Suppositd

517 4113 750 4190 provinciarum
782 4114 942 4192 petitione,
974 4114 1156 4175 conceditur
1175 4114 1269 4175 alter-

518 4205 621 4267 native
642 4207 722 4268 sicut
744 4207 777 4269 in
800 4206 885 4270 Nova
906 4205 1049 4284 Hispania
1071 4206 1117 4268 nti
1139 4205 1232 4266 solet:
1248 4235 1269 4251 -

518 4306 549 4360 et
571 4299 653 4376 qnod
676 4315 730 4378 pro
761 4308 847 4378 parte
877 4301 972 4378 patris
1002 4298 1197 4377 proministri
1219 4299 1268 4360 Li·

518 4393 604 4454 mani
622 4393 744 4456 habitus
759 4393 817 4456 luit
832 4409 975 4456 recursus
990 4395 1025 4456 ad
1042 4392 1074 4456 S.
1092 4393 1268 4468 congrega-

519 4486 636 4550 tionem
648 4487 870 4566 Episcopornm
882 4496 912 4549 et
923 4486 1137 4564 Regularium,
1151 4493 1185 4548 ut
1196 4485 1269 4547 dicti

519 4580 634 4642 decreti
646 4581 787 4643 executio
800 4581 1017 4659 impediretur:
1035 4585 1078 4654 et,
1089 4579 1190 4641 citatis
1202 4593 1269 4656 par·

519 4681 585 4736 tem
616 4674 798 4737 iacientibus
829 4673 1027 4752 supradictis,
1057 4673 1107 4735 die
1132 4685 1198 4732 xlx.
1224 4671 1269 4753 (l)

520 4768 600 4830 iunii
620 4769 760 4830 eiusdem
781 4769 867 4839 anni,
891 4773 922 4829 et
944 4766 993 4828 die
1015 4781 1068 4826 xx.
1091 4765 1270 4828 immediate

520 4863 676 4939 sequenti,
692 4862 870 4924 huiusmodi
886 4876 1029 4922 recursus
1044 4860 1078 4921 in
1094 4860 1173 4922 dicta
1189 4859 1269 4922 con-

522 4956 702 5033 gregatione
732 4953 882 5017 admissus
914 4953 992 5029 luit,
1025 4954 1270 5030 mandatumque

520 5048 713 5128 supersederi
735 5048 767 5110 in
789 5047 975 5110 executione
998 5046 1127 5125 praelati
1154 5047 1271 5108 decreti

521 5143 666 5205 omnino:
691 5142 834 5220 qnodque
854 5141 912 5202 snb
933 5140 1041 5202 eidem
1063 5139 1132 5202 data
1152 5154 1206 5200 xx.
1224 5139 1272 5202 iu-

521 5235 567 5296 nii
580 5237 615 5297 ad
631 5236 812 5298 instantiam
825 5233 981 5296 dictorum
996 5233 1271 5312 proministrorum

521 5338 552 5393 et
573 5331 737 5393 custodum
758 5328 921 5390 obtentum
943 5327 1002 5389 init
1023 5329 1123 5388 Breve
1143 5327 1180 5387 ab
1202 5325 1272 5387 Alc·

523 5425 640 5486 sandro
662 5423 739 5501 Papa
761 5420 841 5496 vlt,
858 5437 919 5500 qno
934 5421 1055 5483 dictum
1069 5419 1272 5480 alternativae

522 5519 682 5580 decretum
703 5515 880 5578 confirmari
904 5521 934 5576 et
953 5513 1132 5575 executioni
1147 5513 1273 5574 deman·

522 5611 588 5673 dari
608 5609 761 5671 iniunxit:
787 5615 817 5670 et
831 5607 913 5688 qnod
929 5605 1207 5670 reverendissimus
1222 5620 1272 5683 pa·

522 5711 571 5765 ter
597 5701 636 5764 lr.
666 5701 803 5764 andreas
834 5701 1012 5779 Gnadalnpe
1043 5698 1272 5761 commissarius

565 5915 595 5972 (tl
610 5913 677 5960 Edit.
694 5913 770 5960 Mein.
786 5912 852 5970 legit
867 5916 907 5958 29.

1315 663 1467 741 generalis
1497 664 1668 740 lndiarnm,
1698 665 1772 726 visis
1802 665 1890 727 dictis
1918 663 2010 726 Brevi
2031 671 2062 726 et

1314 756 1449 831 decreto,
1466 773 1520 835 per
1541 774 1611 820 suas
1627 765 1768 835 patentes
1784 756 1872 820 iussit
1886 756 2062 820 executioni

1315 865 1439 927 quoque
1469 849 1664 925 demandari,
1697 850 1971 928 authenticatoque
2000 857 2063 910 toto

1315 944 1442 1020 negotio
1463 959 1518 1022 per
1545 944 1668 1021 regium
1697 942 1856 1004 lndiarum
1887 943 2062 1015 consilium,

1314 1044 1418 1098 actum
1441 1037 1498 1100 init
1531 1040 1664 1116 desuper
1686 1038 1718 1100 in
1741 1035 1918 1100 delinitorio
1938 1035 2064 1115 provin·

1315 1130 1378 1192 ciae
1399 1130 1548 1193 Limanae
1569 1132 1741 1210 praedictae
1761 1131 1812 1193 die
1833 1145 1908 1192 xxx.
1931 1137 2065 1206 septem·

1315 1223 1379 1284 bris
1400 1239 1565 1298 nncuxvr„
1581 1231 1613 1286 et
1633 1223 1743 1286 maiori
1758 1229 1904 1285 votorum
1918 1221 2065 1297 suffragio

1315 1315 1488 1380 resolutum
1509 1317 1568 1379 luit
1590 1319 1671 1396 qnod
1693 1319 1825 1395 desuper
1846 1319 1935 1379 fieret
1949 1314 2065 1395 suppli·

1316 1411 1412 1485 catio,
1445 1411 1580 1488 praefixo
1609 1412 1643 1474 ad
1673 1411 1702 1473 id
1731 1429 1786 1490 per
1817 1409 2065 1474 commissarium

1317 1503 1495 1580 generalem
1516 1503 1694 1583 provinciae
1714 1505 1832 1568 biennii
1856 1503 2006 1578 termino,
2030 1509 2066 1565 ut

1316 1595 1539 1659 exhiberentur
1561 1597 1815 1660 inconvenientia
1834 1597 1977 1673 allegata:
1994 1597 2065 1658 snb

1316 1688 1451 1767 indeque
1474 1690 1506 1751 in
1528 1690 1662 1769 capitulo
1684 1690 1821 1768 generali
1847 1689 2067 1752 Vallisoletano

1317 1798 1399 1844 anno
1431 1799 1571 1845 uncuxx.
1607 1783 1723 1846 iterum
1754 1783 1886 1845 stabilita
1908 1781 1967 1844 init
1988 1781 2068 1844 dicta

1317 1875 1500 1937 alternative
1533 1875 1721 1953 generaliter
1741 1892 1797 1954 pro
1826 1875 1996 1954 provinciis
2019 1875 2067 1937 ln·

1317 1968 1439 2030 diarum
1460 1967 1718 2044 Occidentalium,
1742 1968 2004 2030 reverendissimo
2020 1969 2068 2030 ln·

1318 2059 1438 2124 diarum
1462 2061 1675 2124 commissario
1694 2061 1833 2140 generali
1847 2062 1917 2124 dato
1932 2061 1965 2123 in
1981 2077 2070 2124 man-

1318 2155 1394 2216 datis
1416 2162 1451 2216 ut
1473 2154 1558 2216 illam
1579 2154 1615 2216 ad
1637 2155 1855 2216 executionem
1876 2155 1985 2217 deduci
2000 2171 2068 2234 pro·

1318 2256 1441 2310 curaret
1463 2247 1497 2308 in
1519 2248 1580 2310 illis
1602 2247 1779 2326 provinciis,
1796 2246 1908 2324 quihus
1923 2245 2069 2309 ellectum

1318 2339 1426 2401 sortita
1448 2357 1512 2402 non
1534 2341 1650 2402 iuerat:
1681 2356 1815 2418 cumque
1836 2341 1869 2400 in
1890 2339 1978 2403 dictis
2000 2355 2071 2418 pro-

1318 2431 1431 2495 vinciis
1452 2433 1582 2494 Limana
1603 2441 1634 2495 et
1655 2433 1692 2495 de
1714 2433 1845 2497 charcas
1860 2439 1990 2512 sequuta
2005 2449 2070 2494 non

1319 2527 1428 2588 inisset
1459 2527 1601 2589 executio
1635 2542 1689 2606 pro
1718 2542 1754 2588 eo
1781 2527 1862 2606 qnod
1895 2526 2071 2602 allegabant

1319 2637 1383 2684 non
1402 2620 1534 2684 adfuisse
1549 2622 1824 2698 proponendorum
1839 2619 2071 2699 supplicationis

1320 2721 1350 2776 et
1372 2715 1563 2777 motivornm
1585 2715 1863 2792 opportunitatem,
1888 2713 1920 2774 in
1941 2727 2072 2788 congre-

1320 2807 1444 2884 gatione
1466 2808 1604 2884 generali
1626 2807 1773 2868 Toletana
1795 2807 1869 2867 anni
1887 2819 2068 2867 uncuxxnr.

1321 2899 1439 2960 iussum
1461 2899 1522 2960 luit
1543 2898 1717 2961 definitoria
1732 2897 1885 2960 dictarum
1899 2897 2073 2976 provincia-

1321 3008 1393 3053 rum
1414 3008 1483 3053 suas
1504 2991 1647 3070 proximo
1668 2990 1802 3069 capitulo
1823 2990 1961 3066 generali
1977 2989 2073 3052 inlor-

1321 3085 1473 3147 mallones
1494 3083 1654 3158 exhibere,
1683 3083 1833 3162 suspensa
1859 3083 1988 3144 interim
2009 3082 2071 3143 dic-

1323 3185 1426 3240 torum
1440 3184 1629 3239 statutorum
1644 3177 1843 3238 executione:
1862 3175 1899 3238 ad
1909 3175 1998 3238 cuius
2010 3175 2072 3238 ius-

1321 3270 1418 3332 sionis
1439 3285 1582 3332 normam
1604 3269 1637 3330 in
1658 3269 1801 3349 proximo
1821 3267 1956 3348 capitulo
1978 3283 2072 3346 gene-

1321 3363 1378 3424 rali
1399 3363 1538 3426 Romano
1561 3377 1735 3424 unctxxvr.
1766 3361 1922 3424 exhibitae
1942 3361 2073 3423 luerunt

1321 3455 1557 3518 informationes
1579 3456 1735 3517 dictorum
1761 3453 2013 3516 delinitoriorum
2034 3469 2072 3515 ex

1322 3549 1385 3613 und
1407 3547 1552 3611 etaltera
1585 3548 1723 3627 partibus
1755 3565 1826 3610 cnm
1854 3547 2073 3609 instrumentis

1322 3643 1508 3705 facultativis
1536 3641 1755 3718 religiosorum
1776 3641 1808 3702 in
1838 3641 1981 3720 Hispania
2004 3657 2075 3719 pro-

1323 3729 1515 3814 genitorum,
1538 3735 1615 3796 aliae
1637 3735 1746 3797 itidem
1765 3735 1965 3812 allegationes
1980 3741 2011 3796 et
2026 3735 2074 3796 iu-

1322 3827 1537 3892 lormationes:
1562 3837 1592 3892 et
1613 3828 1685 3906 qnia
1706 3843 1783 3907 opus
1804 3835 1870 3889 erat
1888 3827 2072 3906 quibusdam

1323 3923 1443 3984 notitiis
1464 3924 1520 3984 hac
1542 3923 1574 3984 in
1597 3921 1680 3983 curia
1703 3921 1914 3998 procurandis,
1931 3921 2073 3983 delinito

1323 4016 1407 4078 rium
1428 4015 1574 4092 generale
1594 4013 1667 4076 lecit
1682 4014 1714 4076 in
1731 4029 1787 4076 nos
1801 4014 2072 4092 compromissum,

1323 4117 1416 4191 prout
1431 4110 1464 4170 in
1478 4125 1571 4187 snpra
1585 4107 1700 4187 scripto
1714 4107 1855 4171 decreto:
1873 4108 2072 4187 tandemque,

1324 4221 1365 4267 ne
1384 4203 1566 4265 resolutioni
1581 4202 1714 4264 obstaret
1730 4201 1839 4264 Sacrae
1854 4201 2076 4280 congregatio-

1324 4299 1372 4360 nis
1393 4297 1597 4375 Regularium
1625 4295 1769 4358 inhibitio
1796 4311 1880 4356 anno
1906 4310 2073 4370 uncuxrv,

1323 4393 1359 4454 ad
1381 4392 1522 4453 eamdem
1543 4403 1707 4451 recursum
1728 4386 1799 4462 luit,
1823 4386 1901 4450 lacta
1922 4387 2074 4449 relatione

1324 4483 1552 4550 commissionis
1574 4482 1662 4544 nobis
1689 4497 1782 4558 snper
1802 4481 1859 4542 hac
1879 4481 1970 4543 causa
1990 4496 2006 4539 a
2028 4495 2076 4540 ca-

1324 4579 1423 4658 pitulo
1456 4577 1592 4654 generali
1625 4575 1766 4654 proximo
1794 4573 1964 4650 delegatae,
1986 4571 2074 4633 insti-

1324 4681 1456 4752 tnmqne
1477 4669 1537 4733 luit
1565 4671 1703 4733 revocari
1724 4670 1842 4732 dictum
1871 4667 2075 4728 inhibitivum

1325 4769 1496 4840 decretum,
1514 4763 1666 4842 nobisque
1687 4762 1841 4826 committi
1859 4777 1998 4823 cansam:
2016 4774 2074 4822 un-

1325 4862 1363 4923 de
1383 4859 1421 4921 ab
1442 4859 1548 4921 eddom
1579 4856 1831 4933 congregatione
1852 4854 2008 4916 emanavit
2029 4868 2076 4914 se-

1325 4969 1424 5033 quens
1444 4953 1618 5014 decretum:
1635 4983 1655 4994 -
1671 4949 1761 5012 Sacra
1776 4947 1983 5025 congregatio
1999 4945 2074 5007 emi·

1326 5045 1583 5108 peritissimorum
1610 5043 1641 5106 S.
1666 5043 1701 5106 ll.
1727 5042 1762 5103 Ε.
1789 5040 1999 5104 cardinalium
2021 5053 2074 5100 ne-

1327 5140 1417 5215 gotiis
1439 5145 1470 5199 et
1491 5135 1770 5200 consultationibus
1801 5135 2022 5212 Episcopornm
2044 5138 2075 5194 et

1325 5231 1529 5308 Regularium
1561 5230 1741 5308 praeposita,
1763 5227 1846 5289 veris
1868 5225 2075 5288 existentibus

1326 5325 1469 5399 narratis,
1493 5330 1524 5385 et
1544 5323 1668 5404 praevia
1688 5319 1887 5401 suprascripti
1907 5319 2023 5382 decreti
2038 5321 2076 5379 ab

1327 5417 1389 5497 ipsd
1405 5417 1493 5480 Sacra
1508 5415 1757 5494 congregatione
1771 5413 1809 5475 de
1823 5429 1907 5475 anno
1921 5426 2074 5474 uncuxrv.

1327 5510 1463 5572 emanati
1491 5509 1703 5582 revocatione,
1731 5507 1853 5570 censuit
1879 5505 2078 5568 committen-

1328 5605 1414 5678 dum,
1438 5609 1529 5681 prout
1549 5601 1718 5680 praesentis
1739 5599 1855 5662 decreti
1870 5607 1980 5662 tenore
1993 5611 2076 5660 com-

1328 5697 1437 5771 mittit,
1460 5695 1539 5774 patri
1568 5694 1712 5755 ministro
1734 5691 1873 5769 generali
1900 5690 2022 5756 Ordinis
2045 5697 2077 5752 et
