4844 6990
113 1192 205 1256 ‘Huius
220 1203 318 1240 conces-

97 1257 187 1308 sionis
208 1258 318 1305 exequu-

98 1303 205 1364 tionem
245 1311 318 1348 com-

97 1359 194 1401 mrtttt.

1001 609 1143 654 CLEMENS
1165 609 1221 654 llll.

337 731 418 794 suris
440 737 470 794 et
491 731 599 810 poenis
619 729 839 804 ecclesiasticis
856 744 930 806 quas
945 734 1082 806 propter-

337 841 371 887 ea
393 823 623 904 quomodolibet
638 823 851 896 incurrerunt,
871 836 925 898 pro
942 823 994 882 hac
1014 819 1083 898 vice

337 925 460 980 tantum
472 917 661 992 absolvendi,
673 917 750 978 dicta
765 915 958 987 auctoritate,
971 913 1084 974 harum

335 1011 427 1086 serie,
450 1010 625 1076 facultatem
641 1009 784 1071 similiter
800 1008 966 1070 tribuimus
980 1013 1011 1068 et
1026 1005 1083 1066 im-

338 1105 502 1183 partimur.

376 1199 394 1273 ἓ
416 1198 443 1258 l.
468 1199 686 1272 Decernentes,
703 1195 823 1259 easdem
839 1201 1013 1272 praesentes
1034 1192 1085 1254 lit-

338 1297 416 1352 teras
430 1305 552 1370 semper
567 1291 683 1365 firmas,
696 1290 809 1351 validas
824 1298 855 1351 et
870 1290 1005 1352 eillcaces
1020 1287 1084 1348 exi-

336 1392 417 1446 stere
438 1395 468 1448 et
489 1385 565 1460 lore,
584 1401 717 1462 suosque
732 1384 884 1464 plenarios
899 1391 930 1445 et
946 1384 1083 1457 integros

337 1478 464 1541 allectus
485 1479 589 1540 sortiri
605 1487 635 1540 et
650 1477 802 1552 obtinere,
819 1493 852 1538 ac
868 1477 938 1552 illis,
956 1477 991 1536 ad
1006 1490 1083 1553 quos

336 1579 451 1652 spectat
465 1581 495 1633 et
509 1587 566 1649 pro
588 1580 726 1650 tempore
747 1570 906 1650 spectabit,
929 1570 961 1632 in
984 1568 1085 1630 omni-

337 1666 393 1728 bus
414 1671 445 1726 et
466 1680 521 1744 per
542 1665 646 1725 omnia
667 1663 848 1742 plenissime
867 1662 1036 1738 sullragari,
1054 1667 1084 1722 et

337 1757 439 1820 abeis
466 1757 636 1834 respective
663 1756 885 1818 inviolabiliter
910 1755 1081 1829 observari,

309 1882 310 1890 κ
337 1851 442 1929 sicque
465 1851 499 1911 in
521 1850 694 1927 praemissis
716 1865 771 1927 per
796 1865 1005 1928 quoscumque
1039 1847 1083 1909 iu·

152 2515 319 2562 obstantibus

104 2570 222 2627 derogat.

104 4188 319 4286 attitulata

104 4295 222 4340 mandat.

337 1942 418 2006 dices
449 1943 619 2005 ordinarios
651 1950 680 2004 et
703 1943 877 2019 delegatos,
898 1943 992 2004 etiam
1014 1959 1080 2004 cau-

338 2052 442 2099 sarum
465 2035 568 2114 palatii
590 2035 747 2114 apostolici
768 2037 933 2109 auditores,
956 2037 1083 2098 iudicari

339 2139 369 2193 et
391 2129 513 2192 deliniri
537 2129 660 2203 dehere,
685 2147 719 2192 ac
744 2129 867 2192 irritum
893 2138 923 2191 et
944 2130 1038 2191 inane
1058 2129 1083 2194 si

338 2239 425 2286 secus
446 2238 540 2300 super
562 2222 609 2282 his
629 2239 646 2282 a
667 2237 835 2301 quoquam,
852 2223 960 2300 quavis
981 2229 1083 2284 aucto-

339 2317 441 2390 ritate,
464 2315 597 2378 scienter
621 2316 672 2378 vel
694 2316 891 2393 ignoranter,
918 2316 1085 2393 contigerit

338 2411 494 2472 attentari.

378 2503 447 2580 35.
471 2503 539 2566 Non
567 2504 757 2566 obstantibus
783 2503 968 2582 apostolicis,
991 2521 1026 2565 ac
1053 2503 1084 2566 in

339 2597 568 2661 universalibus
584 2596 883 2675 provincialibusque
906 2605 936 2659 et
956 2597 1085 2675 synoda·

338 2693 420 2754 libus
441 2690 580 2753 conciliis
602 2691 707 2764 editis,
732 2689 928 2767 generalibus
949 2691 998 2752 vel
1019 2707 1085 2770 spe-

339 2895 384 2953 ac,
400 2885 555 2956 quatenns
569 2893 645 2954 opus
666 2877 716 2950 sit,
740 2877 911 2954 quibusvis,
929 2879 1021 2940 etiam
1039 2880 1086 2942 iu-

339 2979 491 3044 ramento,
505 2971 741 3032 confirmatione
762 2970 936 3048 apostolica,
949 2971 998 3033 vel
1013 2989 1088 3050 qua-

339 3067 385 3127 vis
407 3065 554 3126 hrmitate
575 3063 632 3124 alid
654 3063 805 3128 roboratis
826 3065 949 3125 statutis
964 3075 995 3128 et
1013 3083 1086 3129 con-

339 3157 571 3231 suetudinibus,
604 3157 776 3234 privdegiis
797 3172 933 3235 quoqne,
957 3159 1086 3222 indultis

338 3263 370 3315 et
380 3252 492 3314 litteris
503 3251 672 3328 apostolicis
686 3250 720 3310 in
735 3251 926 3312 contrarium
941 3256 1087 3331 praemis·

338 3361 444 3408 sorum
466 3343 697 3423 quomodolibet
713 3345 875 3420 concessis,
896 3347 1086 3410 confirmatis

340 3447 371 3500 et
393 3438 564 3511 innovatis;
588 3436 698 3514 quibus
720 3437 865 3498 omnibus
886 3448 917 3499 et
937 3439 1084 3516 singulis,

339 3531 466 3592 illoram
489 3538 611 3592 tenores
633 3530 843 3607 praesentibus
864 3548 919 3609 pro
941 3532 1034 3610 plene
1055 3540 1086 3596 et

339 3623 530 3684 sufficienter
556 3623 707 3700 expressis
728 3639 761 3684 ac
783 3623 820 3683 de
841 3624 937 3686 verbo
961 3627 996 3688 ad
1018 3643 1086 3687 ver·

339 3715 417 3778 bum
440 3715 565 3776 insertis
588 3715 746 3789 habentes,
759 3715 818 3776 illis
834 3715 950 3778 aliusin
971 3735 1086 3780 suaro-

339 3811 413 3872 hore
434 3809 656 3886 permansuris,
678 3810 713 3870 ad
736 3811 975 3887 praemissorum
997 3812 1086 3875 ellec-

340 3912 420 3977 tum,
442 3901 498 3962 hac
518 3901 586 3962 vice
607 3903 777 3976 dumtaxat,
795 3903 968 3980 specialiter
982 3913 1013 3966 ot
1035 3923 1088 3968 ex-

339 4012 443 4076 presse
454 3996 649 4072 derogamus,
662 3995 834 4073 ceterisque
847 3999 1007 4060 contrariis
1019 4002 1086 4078 qui-

338 4091 543 4166 buscumque.

379 4183 397 4257 §
418 4181 447 4242 6.
469 4180 622 4243 Volumus
637 4189 741 4242 autem
757 4190 792 4244 ut
805 4186 984 4246 earumdem
1000 4201 1085 4264 prae-

337 4276 476 4338 sentium
491 4273 668 4336 litterarum
684 4277 897 4354 transumptis,
912 4294 968 4340 seu
983 4295 1086 4340 exem·

252 4427 254 4431 ,
338 4369 407 4450 plis,
423 4368 517 4429 etiam
534 4367 702 4446 impressis,
719 4385 813 4432 manu
829 4370 958 4432 alicuius
973 4373 1085 4434 notarii

338 4461 452 4542 publici
474 4461 525 4522 vel
546 4463 703 4524 secretarii
725 4465 822 4525 dictae
844 4464 1002 4527 Societatis
1017 4467 1084 4528 lesu

338 4552 532 4630 subscripta,
559 4555 716 4631 et·sigillo
748 4557 911 4634 praepositi
933 4559 1085 4634 generalis

337 4648 477 4709 eiusdem
499 4645 658 4709 Societatis
673 4647 722 4708 vel
741 4649 867 4711 alterius
882 4665 1031 4728 personae
1052 4651 1085 4714 in

338 4739 540 4804 ecclesiastica
562 4740 713 4816 dignitate
733 4742 919 4804 constitutae
940 4744 1084 4818 munitis,

338 4841 446 4903 eadem
474 4851 598 4915 prorsus
621 4836 696 4896 fides
719 4849 781 4896 tam
804 4835 834 4895 in
858 4835 970 4897 iudicio
992 4853 1085 4915 apuam
1113 4827 1115 4869 ³

339 4944 425 4996 extra
446 4931 522 4994 illud
545 4929 736 5001 adhibeatur,
752 4943 830 5004 quae
851 4928 923 5006 ipsis
945 4945 1085 5007 praesen-

338 5028 421 5090 tibus
450 5025 663 5098 adhiberetur,
687 5023 711 5082 si
734 5021 835 5083 forent
861 5022 1015 5085 exhibitae
1036 5027 1086 5086 vel

340 5129 490 5183 ostensae.

378 5215 490 5275 Datum
504 5211 631 5283 Romae,
644 5206 723 5286 apud
739 5207 768 5270 S.
783 5207 908 5270 llariam
925 5208 1083 5283 llaiorem,

338 5307 396 5368 sub
416 5304 534 5366 annulo
556 5303 726 5376 Piscatoris,
754 5301 803 5362 die
831 5317 875 5362 xx.
902 5303 1086 5382 septembris
1113 5324 1115 5383 ξ

339 5415 551 5472 xnccxxxxv,
574 5397 769 5476 pontificatus
784 5396 882 5456 nostri
898 5413 979 5457 anno
994 5415 1023 5456 v.
1113 5404 1115 5523 ⁴

596 5587 731 5594 -----·»—
742 5589 749 5593 -
759 5588 833 5595 --
1113 5578 1115 5597 ι

383 5987 411 6044 tl)
428 5988 465 6030 Ex
479 5987 582 6042 Regest.
598 5985 625 6029 in
641 5985 715 6030 arch.
736 5987 808 6030 Brev.
1110 5987 1114 6038 1

339 2784 476 2858 cialibus,
492 2783 769 2846 constitutionibus
783 2791 814 2844 et
829 2783 1084 2862 ordinationibus,

1808 579 1865 643 455
1916 576 1969 629 An.
1983 577 2013 630 d.
2035 579 2103 634 1736

1466 723 1548 786 XIX.

1141 910 1344 974 Facultatum
1366 909 1508 972 concedit
1524 907 1675 986 patr-toas
1692 905 1885 984 Copaccinis

1183 1005 1285 1068 Gallia
1308 1003 1526 1064 atissioaariis
1548 1001 1732 1079 apostolicis
1755 1001 1789 1060 in
1811 1015 1884 1076 por-

1182 1095 1268 1160 tibus
1296 1096 1471 1175 tatidelium
1504 1093 1690 1173 degentibus
1717 1091 1884 1155 eacrcendi

1181 1198 1268 1254 artes
1290 1189 1464 1252 rnediciaae
1487 1195 1516 1249 et
1540 1187 1727 1267 chirurgiae
1747 1186 1803 1264 (l).

1341 1357 1527 1426 oteness
1550 1358 1609 1424 ΡΡ.
1634 1356 1689 1424 llll.

1279 1483 1316 1552 ad
1337 1483 1468 1550 laturam
1494 1481 1537 1549 rei
1568 1483 1746 1549 memoriam.

1180 1663 1198 1736 ἓ
1222 1662 1248 1722 l.
1273 1662 1364 1734 Cum,
1386 1660 1466 1724 sicut
1487 1660 1617 1722 dilectus
1639 1661 1720 1721 filius
1736 1659 1886 1722 Cherubi-
1938 1665 2115 1766 supplicatum

1141 1771 1200 1816 nus
1215 1755 1251 1816 de
1267 1754 1380 1828 Noves,
1397 1753 1493 1816 trater
1508 1769 1649 1832 expresse
1665 1753 1819 1831 protessus
1834 1752 1888 1816 Or·
1905 1724 2115 1838 ἓῗξῦἑηὲἷιῑὲἧξ

1141 1848 1220 1910 dinis
1241 1847 1398 1910 Minorum
1415 1847 1517 1910 Sancti
1533 1846 1691 1910 Franctsct
1702 1846 1886 1925 Capuccino-
1905 1828 2115 1938 ssss'gffsssgsffi}

1140 1957 1210 2003 rum
1234 1950 1485 2020 nuncupatorum
1507 1957 1540 2004 ac
1564 1941 1748 2002 missionum
1770 1949 1888 2003 extera·
1907 1935 1953 1981 ¹¹⁰⁰
1967 1940 2050 1992 capua.

1140 2050 1211 2096 rum
1227 2034 1407 2096 eorumdem
1424 2035 1667 2114 capuccinorum
1680 2034 1837 2096 Gallorum
1853 2034 1886 2096 in

1141 2127 1277 2206 partibus
1288 2127 1462 2189 infidelium
1475 2127 1589 2203 degens
1601 2128 1631 2188 in
1648 2127 1784 2189 Romani
1795 2127 1887 2190 Curii

1141 2230 1333 2298 procurator,
1350 2221 1439 2283 nobis
1462 2237 1562 2299 nuper
1576 2222 1688 2299 exponi
1704 2221 1786 2298 lecit,
1802 2238 1886 2299 prae-

1141 2315 1192 2376 lati
1206 2315 1391 2376 missionarii
1406 2314 1483 2378 Galli
1499 2315 1530 2376 in
1546 2315 1660 2376 eisdem
1677 2315 1814 2393 partibus
1829 2316 1889 2377 ela-

1142 2409 1284 2470 borantes
1312 2409 1482 2471 medicinae
1510 2416 1540 2470 et
1566 2409 1742 2485 chirurgiae
1772 2409 1887 2472 artibus

1141 2511 1210 2564 tum
1221 2503 1454 2577 catholicorum,
1471 2519 1547 2580 quos
1563 2502 1594 2564 in
1611 2503 1670 2564 ude
1685 2503 1886 2578 consolidant,

1142 2603 1210 2657 tum
1233 2596 1418 2670 infidelium,
1441 2612 1517 2674 quos
1539 2613 1602 2658 non
1615 2613 1682 2656 raro
1698 2595 1733 2656 ad
1749 2597 1888 2658 veritatis

1141 2689 1353 2765 cognitionem
1375 2691 1542 2763 adducunt,
1564 2689 1816 2752 benevolentiam
1830 2690 1888 2751 sibi

1141 2783 1323 2859 concilient;
1348 2784 1376 2845 id
1398 2799 1472 2844 vero
1494 2800 1549 2861 per
1576 2783 1813 2846 constitutiones
1834 2783 1888 2848 Or-

1142 2877 1222 2938 dinis
1246 2876 1389 2954 praedioti
1412 2893 1475 2955 cap.
1500 2894 1544 2950 v.,
1568 2877 1749 2938 anctoritate
1770 2883 1886 2954 apasto-

1143 2969 1198 3030 lica
1219 2971 1430 3044 confirmatas,
1454 2969 1598 3030 omnibus
1619 2985 1762 3046 expresse
1783 2971 1886 3047 prohi-

1142 3062 1252 3124 beatur
1273 3079 1313 3124 ne
1335 3070 1414 3126 artes
1439 3061 1616 3124 huiusmodi
1638 3069 1723 3123 extra
1738 3061 1886 3124 Ordinem

1142 3163 1321 3218 exerceant:
1346 3156 1432 3217 nobis
1458 3166 1618 3235 propterea
1647 3157 1747 3219 dictus
1769 3157 1885 3220 Cheru·

1142 3249 1234 3312 binus
1249 3249 1409 3312 humiliter
1422 3249 1586 3328 supplicari
1602 3250 1685 3325 lecit,
1702 3259 1736 3312 ut
1752 3251 1784 3312 in
1799 3267 1885 3328 prae-

1142 3344 1242 3404 missis
1263 3351 1437 3420 opportune
1459 3342 1622 3419 providere
1636 3352 1667 3406 et
1682 3353 1715 3406 ut
1738 3344 1817 3405 inlra
1839 3345 1885 3406 in-

1142 3437 1271 3513 dulgere
1292 3439 1329 3500 de
1350 3437 1542 3512 benignitate
1563 3437 1724 3516 apostolici
1745 3437 1887 3515 dignare·

1142 3546 1224 3591 mur.

1183 3624 1252 3698 52.
1275 3623 1336 3685 Nos
1358 3625 1470 3701 igitur,
1496 3624 1589 3703 ipsius
1618 3625 1786 3687 Cherubini
1809 3625 1886 3688 desi-
1932 3637 2117 3702 concessique

1142 3719 1227 3780 derio
1242 3719 1297 3780 hac
1312 3718 1343 3778 in
1359 3734 1404 3792 re,
1421 3727 1573 3797 quantum
1588 3735 1660 3779 curn
1675 3720 1804 3780 Domino
1820 3735 1888 3797 pos·
1906 3690 1957 3747 ‘¹¹¹²
1968 3702 1995 3736 ¹¹¹
2006 3691 2115 3738 'um'

1142 3827 1272 3886 samua,
1305 3810 1514 3874 favorabiliter
1545 3817 1684 3878 annhcre
1723 3813 1884 3888 volentes,

1143 3921 1319 3982 cumquea
1350 3905 1510 3983 quibusvis
1539 3907 1884 3981 excommunicationis,

1142 3998 1352 4078 suspensionis
1373 4005 1403 4058 et
1417 3998 1585 4073 interdicti,
1598 3999 1727 4077 aliisque
1748 3999 1887 4062 ecclesia-

1141 4090 1421 4179 sticissententiis,
1443 4091 1583 4152 censoris
1605 4098 1635 4152 et
1652 4092 1772 4170 poenis,
1788 4110 1803 4153 a
1818 4095 1886 4156 iure

1142 4185 1191 4246 vel
1213 4185 1250 4246 ab
1268 4183 1405 4257 homine,
1423 4182 1530 4260 quavis
1551 4185 1709 4244 occasione
1727 4183 1778 4244 vel
1799 4187 1886 4247 cansa
1982 4217 1986 4230 ι

1142 4279 1228 4353 latis,
1259 4277 1284 4337 si
1316 4277 1427 4354 quibus
1459 4276 1690 4354 quomodolibet
1721 4277 1885 4341 innodatus

1142 4374 1263 4446 existit,
1287 4373 1323 4433 ad
1351 4370 1494 4434 ellectum
1524 4371 1734 4449 praesentium
1763 4380 1885 4433 tantum

1142 4465 1409 4545 consequendum,
1424 4466 1535 4526 harum
1551 4465 1630 4526 serie
1648 4465 1840 4526 absolventes
1856 4474 1885 4526 et

1141 4560 1316 4622 absolutum
1339 4558 1404 4619 lore
1425 4566 1596 4630 censentes,
1618 4557 1794 4619 huiusmodi
1815 4573 1887 4636 sup-

1143 4652 1356 4732 plicationibus
1379 4651 1528 4724 inclinati,
1552 4651 1696 4712 iratribus
1726 4651 1884 4712 missiona-

1113 4792 1115 4803 .
1143 4747 1196 4807 riis
1216 4745 1308 4808 Gaillls
1330 4744 1515 4805 missionum
1537 4753 1715 4805 exterarum
1737 4743 1809 4806 dicti
1831 4743 1885 4806 Or-

1142 4839 1234 4914 dinis,
1258 4839 1370 4904 artium
1394 4837 1564 4898 medicinae
1586 4844 1616 4898 et
1634 4837 1808 4914 chirurgiae
1829 4839 1887 4900 hu-

1143 4931 1274 4994 iusmodi
1295 4931 1413 5008 peritis,
1426 4931 1519 4992 etiam
1542 4931 1575 4992 in
1589 4947 1672 4992 sacro
1694 4931 1885 5008 presbytera-

1144 5034 1193 5088 tus
1225 5023 1334 5085 ordine
1361 5024 1555 5098 constituta,
1580 5025 1611 5086 in
1638 5027 1815 5087 memoratis
1841 5025 1886 5106 (ἓ)

1143 5118 1281 5197 partibus
1309 5117 1485 5179 infidelium
1512 5133 1598 5179 nunc
1618 5127 1648 5180 et
1670 5135 1725 5196 pro
1747 5127 1885 5198 tempore

1142 5211 1417 5284 commorantibus,
1431 5210 1468 5271 de
1489 5211 1685 5288 superiorum
1706 5229 1835 5274 suarum
1851 5213 1885 5273 li-

1142 5305 1254 5377 centia,
1277 5305 1445 5365 dummodo
1467 5305 1499 5365 in
1521 5304 1581 5366 illis
1597 5304 1668 5366 locis
1689 5305 1795 5366 nullus
1810 5306 1886 5368 adsit

1142 5396 1279 5460 medicus
1300 5397 1350 5457 vel
1372 5397 1535 5473 chirurgus
1556 5397 1718 5468 saecularis
1733 5399 1785 5476 qui
1801 5399 1886 5460 inirr-

1143 5493 1202 5552 mis
1217 5491 1249 5551 in
1266 5506 1374 5551 eorum
1397 5491 1629 5552 infirmitatibus
1652 5493 1823 5566 medeatur,
1840 5510 1886 5554 av-

1143 5593 1187 5645 tes
1209 5583 1379 5645 medicinae
1395 5591 1424 5644 et
1440 5583 1612 5660 chirurgiae
1628 5583 1785 5661 praelatas,
1802 5585 1886 5647 iuxta

1142 5677 1267 5738 illarum
1289 5686 1459 5755 praecepta,
1476 5679 1511 5738 ad
1530 5675 1730 5739 commodum
1750 5685 1782 5739 et
1804 5679 1887 5742 utili-

1144 5779 1238 5832 tatem
1259 5771 1478 5833 catholicorum
1500 5770 1532 5831 in
1555 5769 1691 5849 partibus¹
1713 5770 1886 5834 infidelium

1180 5985 1209 6040 (ul
1225 5982 1291 6028 Edit.
1309 5982 1385 6028 Mala.
1401 5981 1466 6040 legit
1482 5986 1629 6028 tavernaculi.
