4844 6990
361 545 460 600 auc.
482 545 550 599 1735
600 545 660 610 468

579 684 691 762 quibus
722 683 937 747 inconcussam
968 697 1078 747 eorum
1101 684 1133 747 in
1155 683 1323 748 orthodoxa

579 776 731 853 religione
752 778 968 850 constantiam,
992 777 1146 854 filialeque
1169 779 1199 839 in
1222 794 1277 839 nos
1292 785 1323 839 et

579 869 692 934 Seram
719 870 924 948 Apostolicam
952 871 1153 947 obsequium,
1177 871 1270 932 odem
1292 879 1323 932 et

578 963 776 1026 devotionem
800 964 889 1024 novis
904 963 1135 1042 luculentisque
1148 972 1322 1026 contestan-

578 1061 632 1116 tur
662 1057 874 1131 argumentis,
906 1056 994 1118 nobis
1025 1055 1189 1119 humiliter
1207 1057 1322 1134 exponi

578 1146 733 1222 fecerunt,
755 1147 905 1210 nonnulla
926 1150 958 1210 in
979 1149 1214 1212 ecclesiasticam
1235 1150 1323 1212 disci-

578 1240 695 1318 plinam
716 1258 732 1300 a
754 1241 912 1319 primaevo
933 1243 999 1304 eius
1014 1242 1159 1304 instituto
1174 1259 1206 1303 ac
1221 1243 1323 1303 nitore

577 1333 677 1394 aliena
699 1333 813 1398 ibidem
834 1335 950 1396 sensim
964 1335 1085 1398 invecta
1102 1333 1230 1408 luerint,
1246 1351 1324 1412 quae

577 1441 633 1503 per
652 1426 834 1504 semetipsos
855 1427 1014 1504 corrigere
1028 1444 1061 1490 ac
1076 1425 1221 1489 ordinare
1236 1443 1324 1505 posse

577 1535 639 1580 non
652 1526 788 1597 sperant,
801 1519 996 1598 apostolicam
1008 1528 1170 1598 propterea
1186 1527 1324 1581 nostram

577 1613 845 1680 auctorisaremus
866 1613 1093 1691 providentiam
1113 1614 1214 1674 enixis
1229 1612 1325 1690 preci-

577 1703 635 1766 bus
656 1705 900 1784 interpellantes,
917 1711 951 1767 ut
968 1713 998 1768 te
1018 1705 1214 1782 potissimum
1228 1721 1323 1784 popu·

577 1797 673 1858 larem
694 1813 786 1859 suum
809 1797 843 1858 ad
860 1799 930 1860 illos
950 1798 1187 1872 destinaremus,
1212 1799 1324 1876 quippe

577 1889 631 1967 qui
651 1889 789 1968 ipsorum
812 1890 1036 1952 Maronitarum
1057 1889 1250 1968 aliarumque
1272 1905 1325 1951 na-

577 1981 700 2044 tionum
721 1982 921 2044 orientalium
944 1982 1092 2057 indolem,
1113 1997 1226 2058 mores,
1250 1981 1325 2042 idio·

575 2205 679 2252 dicatur
688 2207 715 2250 et
723 2207 899 2262 congregetur
909 2203 936 2250 in
947 2214 1000 2260 qua
1008 2213 1122 2250 numum
1132 2203 1265 2250 antedicto
1274 2204 1321 2248 Ab

575 2269 663 2328 legato
676 2275 776 2325 nostro,
791 2271 833 2316 cui
851 2274 1009 2328 potestatem
1023 2270 1187 2327 suifragandi
1206 2269 1321 2315 concedi-

575 2349 643 2394 mus,
653 2341 732 2394 atque
741 2337 802 2384 aliis
816 2337 1009 2382 venerabilibus
1023 2337 1151 2382 fratribus
1165 2336 1254 2382 omnia
1263 2348 1321 2381 con·

574 2405 652 2458 feras,
666 2403 788 2450 consulas
802 2413 832 2448 ac
851 2404 982 2449 decernas.
1005 2407 1102 2448 Merum
1119 2403 1246 2460 quidquid
1262 2414 1320 2459 gru·

575 2469 656 2516 vioris
677 2469 804 2516 momenti
820 2468 950 2522 inciderit,
965 2469 1013 2514 troc
1028 2471 1058 2514 ut
1076 2469 1109 2514 ad
1123 2471 1174 2514 Mos
1188 2469 1320 2514 referatur

574 2539 654 2594 atque
668 2548 684 2582 a
698 2535 777 2580 Nobis
789 2534 925 2581 decidatur
939 2547 1048 2593 prorsus
1066 2535 1193 2580 edicimus
1208 2539 1234 2580 ot
1250 2547 1320 2582 man·

574 2604 674 2650 damus.
691 2605 731 2649 lta
744 2603 815 2648 enini
829 2603 883 2648 fore
897 2601 1052 2647 confidimus
1067 2604 1097 2646 ιιι
1111 2603 1143 2646 ad
1154 2601 1257 2647 divinae
1267 2602 1320 2658 glo·

573 2669 630 2716 riae
643 2669 844 2724 incrementum,
862 2668 1054 2714 ecclesiasticae
1075 2667 1228 2724 disciplinae
1249 2667 1320 2712 utili·

574 2737 665 2790 tatem,
680 2733 799 2781 Nationis
810 2738 872 2780 tuae
882 2735 961 2780 decus
970 2741 1049 2790 atque
1059 2737 1179 2780 nostrum
1191 2736 1319 2790 tuumque

574 2815 625 2848 non
639 2804 696 2848 leve
717 2803 842 2848 solatium
864 2804 890 2846 et
908 2801 1085 2847 fraternitatis
1106 2805 1169 2845 tuae
1190 2803 1250 2844 vota
1271 2799 1320 2844 sol-

573 2871 775 2928 licitudinesque
795 2873 822 2915 et
843 2867 1023 2927 providentiae
1040 2872 1147 2914 nostrae
1164 2866 1274 2913 consilia
1293 2866 1319 2910 st

574 2939 700 2985 mandata
713 2938 813 2982 cedant.
829 2943 864 2982 Ac
878 2935 935 2990 tibi,
945 2935 1104 2980 venerabilis
1114 2935 1203 2989 frater,
1215 2935 1319 2991 aposto·

573 3006 652 3052 licam
667 3003 877 3050 benedictionem
891 3004 1061 3058 peramanter
1074 2999 1251 3057 impertimur.

613 3073 708 3116 Datum
729 3073 836 3124 Romae,
855 3067 925 3125 apud
947 3070 970 3112 S.
987 3067 1098 3112 Mariam
1119 3066 1253 3122 Maiorem,
1270 3066 1319 3110 sub

572 3138 672 3184 annulo
686 3135 835 3190 Praetoris,
853 3135 896 3180 die
910 3145 963 3180 ιιιιι.
984 3133 1135 3179 novembris
1156 3143 1319 3186 uncorum,

573 3204 743 3262 pontificatus
757 3201 842 3248 nostri
854 3211 924 3246 anno
937 3213 972 3246 vr.

612 3405 709 3451 Eadem
723 3403 805 3452 ferme
819 3404 910 3450 scribit
923 3415 954 3450 ao
968 3403 1078 3450 nunciat
1089 3400 1260 3448 praesulibus
1269 3403 1320 3445 Ma·

571 3471 721 3518 sopitarum
737 3472 773 3528 ι’).

574 3609 771 3652 Venerabiliter
783 3608 916 3656 {modom
931 3607 1140 3658 smnteptscopts
1149 3606 1174 3646 et
1183 3603 1319 3654 apocope

769 3676 892 3717 Muttonis
905 3674 1116 3718 Maronitarum,

789 3782 933 3826 curuatis
948 3781 1027 3824 ΡΑΡΑ
1041 3781 1094 3822 xii.

803 3877 966 3933 venerabiies
979 3876 1087 3923 Matres,

661 3945 777 3988 saluum
790 3947 813 3986 et
828 3943 1001 3995 apostottcam
1016 3941 1227 3983 benedictionem.

610 4083 680 4130 Quae
694 4076 727 4122 de
740 4073 921 4134 pastoralibus
933 4072 1028 4118 restris
1047 4070 1194 4116 virtutibus
1212 4069 1318 4126 amplis·

570 4145 638 4193 simo
651 4141 794 4202 episcopali
814 4139 906 4186 ordine
927 4139 1015 4195 dignis
1035 4136 1173 4195 praeclare
1190 4137 1268 4181 nobis'
1279 4137 1317 4180 in·

569 4216 628 4258 erat
641 4211 739 4268 opinio,
753 4210 852 4254 mirum
867 4208 895 4252 in
910 4207 1017 4252 modum
1037 4205 1195 4250 confirmata
1215 4205 1255 4248 est
1270 4213 1317 4259 per

568 4280 664 4325 literas
676 4289 744 4336 quae
764 4273 911 4332 singularis
929 4272 1074 4319 vestraein
1090 4283 1137 4316 nos
1154 4274 1234 4328 atque
1249 4271 1316 4316 bano

569 4347 692 4392 Sanctam
706 4347 732 4388 B.
747 4342 819 4388 Petri
833 4341 1016 4398 Apostolorum
1032 4337 1158 4394 Principis
1173 4338 1264 4382 sedem
1274 4337 1316 4382 ob·

569 4410 717 4458 servantiae
731 4411 758 4454 et
772 4406 936 4454 obedientiae
958 4407 1046 4460 testes,
1061 4402 1166 4460 insigne
1180 4403 1261 4448 etiam
1276 4415 1316 4447 ve·

569 4480 642 4524 strae
664 4477 690 4521 in
712 4473 889 4520 ecclesiastica
914 4471 1053 4529 disciplina
1073 4481 1120 4526 per
1146 4469 1315 4514 tenebrarum

569 4541 696 4602 principis
716 4541 827 4586 insidias
848 4539 945 4585 sensim
964 4538 1110 4583 collabente
1124 4537 1157 4582 ad
1171 4535 1314 4593 pristinum

569 4613 670 4656 statum
691 4610 718 4654 et
737 4607 903 4666 splendorem
924 4605 1069 4650 revocanda
1089 4602 1315 4658 instaurandasque

569 4673 757 4722 sollicitudinis
770 4684 800 4718 ae
810 4671 964 4728 vigilantiae
974 4670 1091 4716 studium
1102 4669 1313 4726 comprobarunt.

569 4746 620 4788 Moe
629 4752 701 4796 sane,
711 4740 755 4797 qui
770 4739 841 4784 inter
852 4741 953 4783 ceteras
962 4736 1103 4782 christiani
1112 4735 1184 4780 orbis
1194 4734 1315 4780 nationes

568 4809 697 4864 inclytam
711 4809 826 4852 vestram
841 4803 1032 4850 Maronitarum
1047 4802 1080 4847 ob
1093 4801 1247 4846 diuturnam
1258 4811 1317 4846 con·

568 4877 736 4930 stantemque
750 4873 777 4918 in
795 4871 926 4918 catholiea
948 4868 1065 4914 Romam
1087 4868 1138 4913 lide
1159 4866 1314 4912 firmitatem

567 4938 679 4998 plurimi
693 4947 826 4993 sempera
840 4933 966 4980 Maianis
984 4932 1154 4978 Pontificibus
1168 4932 1316 4989 praedeces·

567 5007 673 5053 sonibus
687 5003 786 5049 nostris
800 5000 918 5047 habitam
933 4999 1062 5057 peculiari
1075 4999 1238 5056 paternaque
1251 4999 1316 5043 oeri-

568 5077 625 5120 tate
638 5067 832 5130 prosequimur,
847 5067 949 5113 nullam
964 5065 1113 5123 pontificiae
1128 5064 1314 5110 beneticentiae

567 5143 595 5186 et
608 5136 778 5184 auctoritatis
799 5138 905 5180 nostrae
927 5141 1035 5190 operam
1049 5141 1065 5176 a
1079 5129 1151 5176 vobis
1169 5130 1314 5176 desiderari

567 5207 693 5265 patimur.
715 5206 806 5260 ltaque
826 5201 947 5259 precibus
967 5198 1064 5244 vestris
1077 5209 1137 5243 cum
1152 5209 1207 5242 ven.
1223 5196 1315 5242 fratris

567 5273 671 5330 Iosephi
692 5269 764 5316 Petri
784 5267 954 5315 Patriarcliae
968 5265 1051 5311 vestri
1066 5264 1244 5322 postulatione
1258 5274 1316 5308 con·

567 5339 666 5386 iunctis
679 5337 791 5394 benigne
805 5335 960 5386 annuentes,
974 5331 1070 5376 dilecto
1086 5331 1142 5375 filio
1156 5330 1264 5386 Iosepiro
1279 5329 1316 5373 Si-

568 5406 657 5454 monio
666 5409 835 5456 assemanno,
845 5399 1022 5445 Bibliothecae
1036 5401 1142 5442 nostrae
1152 5395 1315 5453 spostolicae

568 5473 709 5518 vaticanae
722 5469 838 5524 custodi,
848 5467 971 5513 praerato
980 5469 1070 5510 nostro
1080 5463 1231 5518 domestico,
1241 5473 1316 5519 prop-

568 5541 610 5584 ter
623 5537 792 5595 probitatem,
809 5533 966 5591 sapientiam
983 5533 1010 5575 et
1030 5540 1121 5575 rerum
1142 5529 1313 5575 orientalium

568 5609 596 5651 et
612 5605 716 5649 rituum
737 5601 855 5647 Muttonis
875 5603 980 5645 vestrae
1000 5595 1169 5654 potissimum
1190 5595 1314 5652 peritiam

567 5671 688 5727 abasque
701 5667 821 5726 egregias
835 5667 910 5711 dotes
924 5664 998 5710 nobis
1019 5663 1138 5721 apprime
1152 5663 1315 5708 commenda·

567 5739 603 5793 to,
618 5746 695 5794 quem
711 5733 784 5780 vobis
798 5741 890 5779 carum
903 5733 1091 5787 acceptumque
1104 5741 1121 5775 a
1135 5727 1214 5774 Nobis
1226 5729 1315 5774 isthuc

608 5928 715 5994 (71⁶¹ss

1098 567 1163 614 itit·
1186 567 1277 614 PONT·
1302 567 1343 614 DE
1364 567 1394 614 P·
1417 567 1446 614 F.
1470 567 1552 614 PARS
1573 568 1595 612 i.

1377 699 1438 760 ma,
1461 685 1553 760 ritus,
1575 702 1609 748 ac
1629 702 1703 750 usus
1725 685 1865 765 apprime
1895 683 2007 762 calles,
2027 693 2125 764 utque

1377 779 1560 856 opportunis
1581 795 1597 839 a
1619 778 1708 840 nobis
1723 779 1919 843 facultatibus
1941 780 2122 854 instructus,

1378 877 1484 931 nostro
1506 877 1537 932 et
1559 871 1651 932 buius
1673 870 1704 934 S.
1730 871 1816 934 Sedis
1838 871 1981 945 nomine,
2002 879 2033 932 et
2054 885 2123 934 auo

1378 963 1501 1024 toritate
1523 979 1584 1024 una
1613 979 1684 1025 cum
1713 963 1824 1028 iisdem
1852 980 1947 1026 vcnn.
1978 962 2123 1026 iratribus

1376 1061 1486 1118 cuncta
1509 1054 1682 1133 prudenter
1712 1056 1930 1135 sapienterque
1959 1071 2125 1134 compone-

1377 1163 1438 1222 res,
1460 1164 1494 1208 ao
1515 1146 1721 1210 collabentem
1751 1149 1946 1228 disciplinam
1966 1150 1999 1212 in
2022 1150 2123 1228 pristi-

1378 1255 1455 1301 num
1476 1247 1592 1302 statum
1614 1249 1645 1302 et
1672 1241 1871 1318 splendorem
1892 1243 2071 1305 restitueres
2090 1259 2124 1304 ec

1377 1349 1554 1395 revocares:
1573 1334 1650 1396 llinc
1664 1337 1812 1412 estquod
1828 1351 1895 1410 nos,
1909 1336 1961 1413 qui
1975 1335 2123 1412 inclytam

1378 1426 1601 1489 Maronitarum
1629 1427 1806 1502 nationem,
1834 1427 1905 1490 Sedi
1934 1427 2125 1504 spostolicae

1377 1518 1613 1580 addictissimam
1644 1527 1674 1582 et
1701 1537 1717 1580 a
1743 1520 1890 1582 Romanis
1922 1519 2123 1582 Pontificibus

1378 1609 1663 1688 praedecessoribus
1697 1613 1811 1674 nostris
1842 1612 1970 1690 plurimi
2000 1627 2124 1690 semper

1378 1702 1531 1778 babilam,
1560 1705 1708 1782 peculiari
1739 1704 1915 1781 intimoque
1942 1703 2125 1781 apostolicae

1378 1805 1586 1874 paternaeque
1600 1797 1735 1859 caritatis
1749 1796 1859 1858 affectu
1874 1796 2123 1874 complectimur,

1378 1888 1438 1967 piis
1459 1904 1554 1950 venn.
1579 1887 1712 1953 fratrum
1734 1889 1964 1969 praedictorum
1980 1889 2058 1950 rotis
2071 1887 2125 1950 bac
2142 1901 2306 2002 ugernum
2324 1911 2357 1948 aa

1379 1981 1413 2042 in
1434 1997 1480 2055 re,
1510 1987 1664 2060 quantum
1692 1997 1764 2045 curn
1786 1981 1919 2042 Domino
1947 1996 2122 2060 possumus,

1374 2203 1549 2260 adlegandum
1564 2204 1640 2248 enixe
1662 2202 1799 2260 flagitatis,
1814 2207 1844 2249 ut
1858 2203 2056 2261 quamprimum
2071 2203 2124 2250 iter

1374 2270 1466 2316 advos
1481 2270 1604 2316 instituat
1625 2271 1716 2316 sedulo
1737 2271 1908 2317 iniunximus.
1931 2273 1964 2316 ut
1984 2274 2076 2317 autem
2090 2273 2124 2317 ad

1374 2347 1416 2382 res
1431 2339 1532 2382 vestras
1547 2337 1713 2383 sanctissime
1727 2338 1889 2394 peragendas
1900 2338 1975 2384 nulla
1985 2337 2127 2396 apostolici

1375 2402 1518 2448 ministerii
1540 2403 1625 2448 nostri
1642 2403 1762 2448 deessent
1779 2403 1905 2458 subsidia,
1920 2405 2032 2448 eundem
2047 2403 2124 2448 dilec-

1374 2472 1431 2514 ιιιιιι
1454 2469 1540 2514 1111ιιιιι
1561 2469 1718 2525 Ablegatum
1739 2473 1861 2514 nostrum
1880 2469 1923 2521 iis,
1937 2481 1984 2526 per
1998 2470 2067 2515 alias
2081 2481 2125 2514 no

1373 2538 1444 2582 utras
1458 2535 1485 2579 in
1507 2533 1590 2580 simili
1610 2535 1695 2580 forma
1717 2535 1806 2581 Brevis
1827 2535 1929 2590 literas,
1951 2537 2124 2583 facultatibus

1373 2602 1529 2648 necessariis
1543 2605 1569 2647 et
1588 2602 1742 2659 opportunis
1764 2602 1891 2647 donatum
1913 2605 1940 2647 et
1961 2602 2123 2648 instructum

1373 2667 1514 2724 excipietis,
1529 2673 1560 2713 ut
1574 2667 1640 2712 nibil
1654 2669 1687 2714 ad
1702 2667 1830 2714 maiorem
1845 2667 1924 2713 istius
1938 2668 2058 2714 nationis
2072 2669 2114 2714 uti

1373 2733 1478 2780 litatem
1492 2734 1637 2780 conducens
1652 2746 1668 2780 a
1682 2735 1759 2780 Nobis
1774 2734 1902 2780 omissum
1913 2745 1969 2780 esse
1979 2735 2057 2791 plane
2067 2746 2124 2790 per·

1373 2801 1498 2858 spiciatis.
1523 2801 1624 2851 Quanta
1638 2813 1700 2846 vero
1721 2802 1754 2846 ad
1769 2800 1840 2846 vobis
1863 2800 2067 2856 gratificandum
2082 2812 2124 2844 vo-

1372 2869 1475 2924 luptate
1496 2867 1632 2923 ducimur;
1655 2868 1730 2914 tanta
1751 2871 1822 2912 certe
1836 2877 1882 2912 vos
1895 2867 2036 2914 alacritate
2049 2877 2124 2912 cura·

1373 2936 1446 2980 turos
1457 2945 1513 2980 esse
1523 2935 1687 2989 confidimus,
1701 2939 1732 2980 ut
1741 2933 1862 2979 concordi
1872 2933 2014 2980 sedulitate
2023 2944 2054 2978 ac
2064 2933 2122 2989 pari

1371 2999 1521 3046 animorum
1536 3001 1706 3046 consensione
1721 3011 1752 3046 ea
1766 3000 1907 3058 praestetis
1919 3011 1986 3057 qua-e
1997 3003 2023 3044 et
2034 3011 2123 3045 niune·

1372 3066 1410 3112 ris
1424 3067 1506 3112 vestri
1519 3067 1633 3112 officium
1648 3069 1674 3112 et
1689 3067 1729 3112 rei
1743 3065 1861 3123 gravitas
1875 3069 1902 3111 et
1917 3069 2022 3112 vestrae
2035 3065 2064 3111 in
2075 3077 2122 3112 nos

1373 3133 1537 3178 reverentiae
1556 3134 1625 3179 ratio
1640 3135 1666 3178 et
1681 3133 1797 3178 nationis
1816 3133 1894 3177 decus
1909 3136 1936 3177 et
1950 3131 2055 3177 divinae
2068 3132 2122 3188 glo·

1371 3199 1428 3244 riae
1450 3199 1642 3245 incrementum
1664 3211 1679 3245 a
1700 3199 1773 3245 vobis
1794 3199 1935 3256 requirunt
1957 3202 1984 3244 et
2003 3200 2122 3254 expostu-

1371 3266 1442 3320 lant3
1466 3277 1497 3311 ex
1520 3265 1607 3310 literis
1630 3265 1736 3323 quidem
1761 3277 1834 3310 venn.
1859 3265 1974 3311 fratrum
1999 3267 2121 3310 nostrum

1372 3335 1395 3377 S.
1411 3335 1440 3376 R.
1457 3335 1484 3376 Ε.
1504 3331 1683 3378 cardinalium
1706 3331 1819 3390 negotiis
1841 3331 2027 3388 propagandae
2048 3329 2120 3376 ridet

1372 3398 1582 3456 praepositorum
1604 3398 1688 3444 meins
1710 3398 1873 3454 cognoscatis
1894 3408 1961 3455 quae
1978 3397 2081 3443 avobis
2095 3409 2121 3444 a·

1371 3465 1456 3522 genda
1469 3465 1635 3521 gerendaque
1650 3467 1718 3508 sunt.
1735 3468 1805 3515 Quae
1821 3476 1881 3510 vero
1897 3475 1942 3509 nos
1952 3465 1986 3510 ad
1996 3465 2119 3510 eumdem

1371 3545 1426 3578 ven.
1450 3531 1560 3578 fratrem
1582 3532 1721 3588 iosephum
1746 3534 1854 3577 Petrum
1877 3531 2059 3577 Patriarcbam
2081 3543 2121 3576 ve·

1371 3601 1457 3644 strum
1472 3598 1685 3655 praescribimus,
1699 3597 1913 3644 fraternitatibus
1928 3597 2024 3643 vestris
2037 3597 2118 3644 etiam

1371 3668 1434 3710 nota
1450 3665 1653 3718 essevolumus,
1676 3667 1714 3719 ιιι,
1729 3664 1938 3722 omnipotentem
1959 3667 2041 3709 Deum
2056 3675 2119 3721 prae

1372 3731 1455 3776 oculis
1469 3731 1604 3786 habentes,
1620 3729 1792 3788 integerrime
1805 3731 1951 3788 adimplere
1964 3729 2120 3776 connitami-

1371 3797 1412 3852 ni:
1434 3798 1561 3844 nimirum
1584 3799 1614 3842 ut
1635 3807 1725 3842 omnes
1749 3797 1896 3851 unanimes,
1918 3796 2119 3854 compatientes,

1370 3865 1547 3912 maternitatis
1567 3867 1708 3917 amatores,
1729 3863 1921 3920 misericordes,
1936 3863 2058 3917 modesti,
2073 3863 2120 3908 bu-

1371 3933 1447 3978 mMes
1462 3932 1574 3990 pascatis
1589 3931 1676 3988 quiin
1691 3931 1764 3976 vobis
1778 3933 1819 3975 est
1840 3941 1947 3986 gregem
1967 3930 2020 3986 Dei,
2035 3929 2121 3986 prori-

1370 4001 1461 4045 dentes
1476 4010 1527 4044 non
1542 4001 1630 4044 coacte
1645 3997 1689 4042 sed
1704 3999 1847 4054 spontanee
1868 3997 2010 4042 secundum
2027 3999 2117 4041 Deum.

1370 4069 1515 4124 Itapropter
1529 4065 1570 4110 iili
1584 4064 1809 4118 demandavimus,
1820 4065 1858 4118 ut,
1869 4063 1891 4108 si
1906 4074 2004 4120 urgens
2017 4062 2120 4120 provin·

1369 4131 1444 4177 cisiis
1460 4130 1557 4188 synodi
1571 4130 1723 4175 indicendae
1744 4129 1994 4188 congregandaeque
2009 4129 2121 4175 necessi-

1370 4201 1415 4244 tas
1432 4197 1596 4251 constiterit,
1617 4196 1751 4242 indicatur
1771 4199 1994 4252 couvcoeinrque:
2016 4197 2044 4240 in
2066 4207 2119 4252 qus

1369 4265 1429 4310 oum
1444 4265 1556 4322 ipsomet
1570 4263 1724 4310 patriar-ena
1738 4262 1881 4320 oblegatus
1892 4266 1983 4308 noster
1992 4261 2121 4307 etnater·

1370 4333 1467 4377 nitates
1482 4333 1586 4376 vestrae
1600 4329 1754 4384 assidentes,
1769 4329 1865 4376 ceteris
1879 4339 1941 4373 rere
1955 4331 2010 4374 mm
2025 4339 2057 4373 er
2066 4329 2121 4373 Gie-

1369 4408 1493 4455 requam
1508 4409 1539 4442 ex
1554 4397 1699 4442 monastico
1713 4397 1805 4442 ordine
1816 4395 1861 4454 qui
1871 4395 1940 4440 alias
1949 4395 2077 4439 interesse
2086 4394 2120 4439 de

1370 4475 1442 4510 more
1455 4465 1648 4508 consueverunt
1662 4463 1772 4507 minime
1787 4461 1908 4515 exclusis,
1918 4460 1988 4506 iuter
1999 4471 2045 4505 vos
2054 4459 2120 4504 invi·

1369 4541 1424 4575 cem
1439 4530 1602 4576 conferentes
1616 4530 1843 4585 consulentesque,
1853 4537 1884 4572 ce
1894 4527 2042 4572 decernatis
2051 4537 2119 4584 qnae

1369 4597 1396 4641 in
1410 4596 1520 4642 Domino
1535 4595 1620 4652 magis
1630 4595 1750 4652 expedire
1765 4593 1929 4639 censueritis.
1947 4593 2018 4643 Quod
2027 4595 2118 4638 autem

1369 4661 1498 4720 gravioris
1519 4661 1647 4708 momenti
1661 4673 1677 4707 a
1692 4661 1766 4706 nobis
1791 4659 1987 4704 diiudicandum
2002 4659 2120 4704 deciden-

1369 4729 1483 4786 dumque
1498 4739 1525 4774 se
1540 4740 1568 4774 se
1582 4729 1650 4773 forte
1664 4726 1800 4782 obtulerit,
1812 4726 1886 4770 illius
1896 4725 2023 4770 iudicium
2033 4725 2120 4770 decre-

1369 4797 1478 4850 tumque
1493 4796 1567 4840 nobis
1581 4804 1755 4839 reservamus.
1772 4792 1874 4849 Pergite
1886 4803 1972 4848 porro,
1982 4801 2057 4836 vena.
2069 4791 2120 4836 lra-

1369 4865 1432 4916 tres,
1442 4865 1472 4906 ut
1484 4862 1609 4906 hacteuus
1620 4859 1727 4914 fecistis,
1738 4859 1864 4904 eximiam
1878 4859 2012 4915 pietatem,
2024 4857 2119 4902 sollici-

1369 4929 1496 4984 tudinem,
1512 4927 1698 4982 obedientlam,
1713 4927 1807 4980 zelum,
1822 4925 1979 4982 sapientiam
1989 4923 2119 4970 atoarita·

1369 4999 1422 5041 tsrn
1437 4999 1553 5040 vestram
1568 4995 1653 5050 magis
1668 4996 1805 5050 pastorum
1820 4990 1933 5048 Principi
1944 4993 2002 5036 iesu
2013 4989 2120 5035 christo

1368 5072 1447 5120 quam
1463 5061 1538 5106 nobis
1552 5058 1669 5106 eiusdem
1685 5060 1712 5103 in
1727 5058 1806 5104 terris
1821 5057 1891 5102 vices
1900 5055 2054 5114 gerentibus
2065 5065 2119 5100 am·

1368 5129 1438 5186 plius
1460 5129 1579 5186 probare,
1602 5128 1631 5172 ut
1653 5137 1703 5171 non
1727 5125 1814 5171 solum
1835 5122 1997 5182 pontificiam
2012 5133 2028 5167 a
2042 5121 2118 5167 uobis

1368 5197 1485 5253 gratiam
1507 5195 1611 5250 ineatis,
1631 5194 1676 5239 sed
1696 5195 1820 5239 aeternae
1841 5203 1944 5248 quoqne
1965 5189 2119 5235 retributio-

1369 5263 1411 5308 nis
1425 5263 1570 5308 mercedem
1592 5261 1626 5306 ab
1640 5259 1687 5306 illo
1701 5261 1830 5304 bonorum
1845 5257 1964 5304 omnium
1980 5256 2118 5312 Largitors

1371 5328 1535 5381 mereamini,
1552 5327 1627 5372 cuius
1643 5325 1776 5382 auspicem
1793 5327 1819 5369 et
1835 5324 1931 5382 pignus
1946 5321 2118 5380 apostolicam

1369 5395 1577 5440 benedictionem
1598 5395 1717 5438 nostram
1731 5401 1790 5436 eum
1805 5389 1920 5448 plurime
1934 5390 2023 5438 salute
2035 5389 2116 5444 vobis,

1368 5471 1442 5506 veno.
1458 5461 1562 5515 fratres,
1584 5469 1631 5518 per
1652 5459 1773 5504 eumdem
1791 5459 1947 5514 oblegamus
1969 5459 2061 5503 nostro
2074 5467 2118 5502 no·

1369 5528 1440 5573 mine
1454 5527 1658 5584 impertiendam
1673 5537 1730 5571 esse
1743 5523 1871 5581 cupimus.

1408 5596 1502 5639 batum
1523 5597 1630 5647 Romae,
1652 5592 1721 5648 apud
1743 5594 1765 5635 s.
1787 5591 1898 5637 Mariam
1918 5589 2053 5645 Maiorem,
2067 5589 2117 5635 stab

1368 5660 1467 5707 annulo
1481 5659 1630 5715 rismtorts,
1651 5659 1694 5704 die
1714 5669 1769 5704 xxi.
1791 5659 1943 5706 novembris
1956 5667 2116 5712 uaccam,

1368 5727 1538 5784 pontificatus
1552 5726 1637 5772 nostri
1651 5735 1721 5771 anno
1734 5735 1769 5770 vr.
