4880 6982
343 509 397 563 An.
412 511 442 564 G.
463 513 531 564 1715
581 509 640 576 306

764 697 947 766 etentes
971 699 1031 780 ΡΡ.
1056 698 1101 766 lli.

702 837 739 903 11
760 836 889 904 laturam
915 836 958 903 rei
984 787 1163 904 11111111.

373 1034 541 1081 Exordiumo
599 1028 646 1090 Ex
667 1026 716 1088 illa
738 1028 797 1104 die,
821 1044 890 1106 qua,
915 1027 1001 1090 nullo
1025 1027 1096 1089 licet
1117 1025 1303 1087 meritorum

258 1125 259 1128 ,
329 1089 541 1135 necessitatasub-

328 1143 445 1187 movendi
465 1143 541 1189 111-
560 1128 740 1184 nostrorum
772 1121 927 1198 suffragio,
960 1114 1125 1184 catholicae
1153 1119 1303 1181 Ecclesiae

329 1193 378 1239 dio.

559 1213 777 1291 gubernacula,
801 1214 857 1276 hoc
880 1222 925 1274 est
947 1229 1061 1275 munus
1082 1215 1135 1276 111
1159 1213 1301 1291 amplitu-

557 1306 629 1367 dine
651 1306 867 1382 gravissimum
888 1324 922 1367 ae
943 1313 1120 1383 temporum
1140 1305 1302 1384 iniquitate

557 1399 822 1474 molestissimum,
845 1401 906 1462 Deo
928 1401 970 1461 sic
991 1401 1185 1478 disponente,
1201 1417 1302 1460 susce-

558 1494 669 1571 pimus,
686 1493 764 1554 nihil
786 1493 873 1554 nobis
888 1510 1016 1556 manum
1032 1495 1118 1556 clavo
1133 1497 1303 1556 admoven-

557 1587 637 1648 tibus
658 1586 816 1664 antiquius
838 1585 908 1660 luit,
932 1602 1025 1663 quam
1046 1587 1208 1648 acerrimas
1230 1603 1300 1648 con-

558 1679 712 1757 tentiones
733 1679 915 1757 iampridem
936 1679 968 1740 in
996 1680 1126 1758 imperio
1154 1679 1300 1742 Sinarnm

556 1773 638 1834 inter
662 1772 841 1851 apostolicos
873 1772 995 1834 illarum
1026 1773 1161 1851 partium
1183 1775 1302 1835 missio-

556 1867 658 1927 narios
688 1873 821 1940 1111111,
851 1881 1035 1944 semperque
1064 1867 1096 1930 in
1118 1867 1181 1930 dies
1203 1869 1299 1944 magis

555 1959 789 2034 invalescentes,
812 1969 875 2021 tam
898 1960 974 2020 circa
997 1960 1143 2038 quasdam
1159 1961 1301 2021 uecessi-

556 2053 638 2112 nicas
659 2054 694 2114 ad
716 2059 857 2114 sanctum
878 2061 908 2113 et
931 2052 1086 2114 inellahile
1109 2054 1162 2116 Dei
1184 2070 1299 2115 nornen

554 2146 792 2224 exprimendum
814 2147 891 2208 inihi
912 2154 1084 2224 usurpatas,
1107 2163 1199 2226 quam
1222 2148 1299 2209 circa

553 2239 722 2300 nonnullos
742 2255 850 2300 earum
872 2239 1013 2314 gentium
1036 2240 1114 2302 ritus
1136 2241 1299 2302 11111111-

553 2332 740 2410 perstitiosos
768 2349 783 2392 a
815 2333 997 2409 quibusdam
1029 2350 1067 2394 11
1099 2334 1299 2394 missionariis

552 2425 715 2503 praedictis
736 2425 923 2502 reprobatos,
947 2425 983 2487 ab
1005 2426 1071 2486 aliis
1092 2435 1299 2504 1111111111

552 2534 602 2580 eos
623 2518 730 2580 civiles
746 2526 867 2580 tantum
882 2520 1101 2593 asserentibus,
1121 2519 1296 2596 permissos,

551 2613 707 2690 apostolici
740 2612 843 2674 iudicii
875 2613 1004 2674 censurd
1032 2624 1204 2691 opportune
1227 2615 1300 2676 diri-

551 2721 648 2780 mere,
672 2712 717 2780 ut,
739 2706 866 2767 sublatis
887 2705 1018 2767 dissidiis
1045 2708 1229 2770 christianae
1253 2725 1299 2769 re-

551 2798 675 2874 ligionis
697 2798 924 2877 catholicaeque
953 2799 1024 2862 fidei
1046 2802 1297 2879 propagationem

553 2891 759 2966 turbantibus,
782 2909 892 2954 omnes
915 2893 1039 2955 tandem
1056 2895 1085 2956 id
1103 2895 1205 2973 ipsum
1220 2897 1298 2956 dice-

551 2992 622 3045 rent
644 2985 677 3044 in
699 2987 809 3047 eodem
829 3001 923 3046 sensu
945 2993 975 3047 et
998 2987 1029 3046 in
1052 2987 1159 3048 eadem
1173 2997 1298 3049 senten-

552 3077 602 3150 111,
626 3093 752 3154 unoque
773 3095 825 3140 ore
855 3079 1080 3154 glorificaretur
1102 3081 1181 3141 beas
1203 3081 1240 3142 ab
1262 3082 1298 3143 iis

550 3169 604 3246 qui
624 3171 802 3234 sanctificati
823 3181 897 3234 sunt
920 3173 952 3233 in
975 3173 1097 3235 Christo
1120 3175 1197 3235 lesu.

379 3277 443 3322 arne
464 3277 531 3324 edita
590 3263 609 3337 g
632 3261 658 3322 l.
683 3264 745 3326 lloc
766 3266 894 3326 consilio
915 3282 1058 3344 responsa
1084 3266 1146 3342 illa,
1163 3284 1241 3344 quae
1262 3269 1297 3330 ad

322 3333 347 3376 ot
382 3331 531 3378 conllrmata

322 3385 458 3441 sequentia
489 3397 531 3432 re·
552 3357 648 3416 varias
679 3358 872 3434 quaestiones
903 3374 996 3437 super
1024 3359 1175 3422 eiusmodi
1204 3361 1297 3422 rebus

320 3449 420 3494 sponsa.

551 3450 705 3524 excitatas
728 3451 853 3528 praevio
885 3451 1033 3514 diuturno
1065 3453 1296 3529 1111111111-

550 3544 635 3617 dum,
658 3543 801 3606 videlicet
829 3551 968 3623 tempore
995 3545 1090 3608 lellcis
1112 3547 1296 3609 recordatio-

550 3637 598 3698 nis
626 3637 802 3700 lnnocentii
834 3639 929 3716 Papae
961 3640 1025 3702 llll.
1057 3641 1296 3719 praedecessoris

550 3729 659 3804 nostri,
692 3731 846 3805 inchoato,
875 3749 908 3793 ac
935 3731 1043 3794 deinde
1076 3734 1161 3796 iussu
1190 3744 1295 3798 nostro

549 3838 604 3900 per
635 3823 738 3901 plures
770 3841 866 3886 annos
898 3826 1088 3902 continuato,
1121 3828 1296 3908 auditisque

549 3916 832 3996 utriusquepartis
859 3919 1040 3995 rationibus,
1065 3937 1187 3983 necnon
1214 3939 1297 3984 com-

549 4009 1295 4091 pluriumtheologorumetqualiticatorumsen-

549 4103 664 4178 tentiis,
688 4121 703 4164 1
725 4105 974 4182 Congregatione
996 4109 1221 4170 venerabilium
1237 4109 1295 4170 lra-

549 4205 634 4258 trum
656 4207 836 4262 nostrorum
864 4199 993 4262 Sanctae
1015 4200 1170 4264 Romanae
1193 4201 1294 4264 Eccle-

548 4291 609 4351 siae
641 4291 851 4356 cardinalium
873 4296 905 4356 in
938 4295 999 4356 1111
1030 4296 1186 4374 republica
1215 4297 1295 4358 chri-

548 4385 645 4446 stiana
672 4386 865 4462 generalium
897 4388 1118 4466 inquisitorum
1149 4391 1295 4452 adversus

550 4478 734 4541 haereticam
763 4481 946 4558 pravitatem
974 4483 1156 4545 auctoritate
1177 4493 1297 4560 aposto-

550 4571 607 4632 1111
627 4571 846 4650 deputatorum
865 4575 933 4636 data
947 4574 1087 4651 fuerunt,
1104 4593 1160 4638 nos
1175 4577 1222 4638 die
1239 4591 1292 4636 xx.

552 4665 729 4727 novembris
751 4683 882 4730 uncorv.
907 4669 1013 4732 eadem
1028 4670 1209 4732 auctoritate
1223 4685 1294 4732 con-

552 4759 744 4821 firmavimus
766 4769 796 4822 et
818 4762 1063 4841 approbavimus.

333 4866 532 4924 desponsanda
591 4854 659 4929 §2-
681 4854 720 4913 111
749 4863 869 4930 autem,
898 4859 1029 4934 quaein
1058 4858 1211 4936 responsis
1238 4858 1295 4919 hu-

321 4919 360 4966 hlc
377 4922 529 4966 releruntur¹
553 4950 557 4960 -

551 4947 683 5010 rosmodi
715 4949 833 5010 decreta
866 4949 1011 5026 luerunt,
1043 4959 1116 5014 sunt
1149 4967 1227 5030 quae
1247 4969 1294 5013 se-

551 5052 705 5121 quuntur:

591 5232 670 5293 Cum
692 5231 771 5294 Deus
792 5233 926 5310 optimus
944 5234 1098 5295 maximus
1113 5249 1250 5309 corrgrue
1265 5251 1293 5294 1-

550 5327 611 5404 pud
634 5325 721 5388 Sinas
743 5326 897 5386 vocabulis
919 5327 1078 5404 europaeis
1094 5327 1225 5405 exprimi
1241 5344 1294 5388 ne-

550 5426 652 5496 queat,
675 5421 709 5480 111
733 5421 878 5480 eumdem
909 5435 1021 5483 verum
1049 5423 1149 5484 iteum
1176 5421 1291 5497 signifi-

550 5513 681 5574 candum
714 5513 897 5574 vocabulum
934 5513 1008 5574 'sien
1043 5514 1123 5587 Clau,
1153 5517 1209 5576 hoc
1235 5523 1291 5590 est,

550 5607 624 5667 caeli
646 5607 800 5681 dominae,
823 5609 903 5685 quod
926 5625 942 5666 a
968 5608 1146 5670 sinensibus
1174 5609 1295 5670 missio-

550 5699 643 5760 nariis
664 5709 694 5761 et
720 5701 860 5762 fidelibus
892 5700 983 5777 longo
1014 5719 1048 5764 11
1079 5703 1204 5780 probato
1236 5719 1292 5764 usu

550 5801 708 5870 receptum
739 5809 804 5855 esse
836 5795 1037 5870 dignoscitur,
1066 5797 1292 5858 admittendum

550 5899 631 5964 esse3
656 5885 780 5947 1111111
802 5903 875 5949 vero
902 5888 989 5960 Tiec,
1011 5890 1141 5965 caelum,
1157 5899 1187 5952 et
1203 5888 1293 5968 Xuaq

1083 532 1146 576 lun.
1171 529 1262 574 ΡΟΝΤ.
1287 526 1327 572 hd
1348 528 1376 571 Ρ.
1400 525 1428 572 F.
1454 529 1535 574 PARS
1558 526 1577 572 l.

1365 649 1410 720 Ti,
1433 663 1596 726 supremus
1618 647 1794 726 imperator,
1819 647 1941 725 penitus
1963 647 2103 708 11111111-

1359 741 1404 802 11.
1427 741 1545 804 ldcirco
1567 741 1690 803 tabellas
1709 757 1781 802 cum
1796 741 1996 818 inscriptione
2010 741 2103 802 sinica

1362 836 1442 914 Kinp
1463 835 1549 906 Tiert,
1572 834 1691 896 caelum
1706 835 1809 907 colito,
1827 834 1857 895 in
1874 834 2009 896 ecclesiis
2024 835 2103 896 chri-

1358 928 1530 990 stianorum
1551 928 1692 1005 appendi,
1719 944 1784 1002 seu,
1809 928 1869 989 iam
1889 943 2046 1006 appensas,
2069 928 2102 989 in

1358 1029 1516 1098 posterum
1538 1023 1614 1085 inibi
1635 1021 1763 1084 retineri
1779 1022 2025 1100 permittendum
2040 1037 2102 1082 non

1359 1131 1433 1176 esse.

1398 1211 1443 1272 hd
1464 1209 1537 1272 baec
1569 1209 1747 1272 nullatenus
1779 1209 1925 1287 nullaque
1956 1209 2102 1272 (1111111

1358 1303 1603 1380 permittendum
1632 1317 1698 1364 esse
1725 1302 1990 1376 christifidelibus
2023 1305 2101 1380 quod

1358 1397 1504 1474 praesint,
1522 1395 1701 1476 mipistrent
1723 1401 1774 1456 aut
1798 1395 1942 1456 intersint
1956 1396 2101 1458 solemni·

1358 1489 1414 1552 hus
1434 1490 1588 1550 sacrifieiis
1609 1505 1663 1550 seu
1686 1488 1902 1563 oblationibus,
1921 1505 1999 1568 quae
2020 1507 2036 1550 a
2057 1489 2101 1552 Si-

1358 1584 1515 1657 nensibus,
1527 1583 1560 1643 in
1576 1592 1708 1661 utroque
1722 1583 1915 1660 aequinoctio
1927 1583 2100 1644 cuiuscum-

1357 1691 1417 1753 que
1448 1676 1533 1749 anni‚
1557 1675 1705 1737 Conlucio
1728 1681 1758 1735 et
1780 1675 2029 1752 progenitoribus
2050 1677 2101 1738 de·

1357 1769 1470 1830 functis
1493 1769 1558 1831 11111
1581 1769 1694 1842 solent,
1710 1776 1867 1846 tamquam
1883 1770 2101 1847 superstitione

1356 1862 1493 1923 imbutis.
1518 1861 1670 1925 Similiter
1692 1878 1748 1923 nee
1763 1877 1828 1922 esse
1843 1863 2099 1940 permittendum,

1356 1955 1435 2035 qued
1458 1955 1636 2017 insedibus
1659 1953 1811 2029 Conlucii,
1835 1973 1911 2033 qnae
1933 1957 2101 2018 11111111-

1358 2051 1442 2112 mine
1464 2049 1548 2112 Mino
1570 2049 1774 2128 appellantur,
1798 2047 1891 2110 iidem
1918 2050 2103 2112 christifide-

1356 2145 1399 2204 les
1421 2150 1583 2205 exerceant
1605 2160 1638 2204 11
1659 2149 1805 2220 peragant
1827 2143 2044 2216 caeremonias,
2059 2145 2100 2204 11-

1357 2247 1405 2298 tus
1427 2245 1457 2298 et
1479 2237 1658 2310 oblationes,
1689 2251 1766 2313 quae
1788 2237 1820 2296 in
1842 2235 1994 2297 honorem
2023 2237 2102 2296 eins-

1355 2333 1425 2392 dem
1447 2329 1588 2394 Conlucii
1605 2331 1694 2402 dunt,
1713 2338 1780 2402 tum
1794 2330 1926 2406 singulis
1942 2330 2101 2391 mensibus

1357 2425 1387 2486 in
1409 2425 1572 2486 novilunio
1604 2432 1634 2485 et
1666 2423 1837 2502 plenilunio
1866 2441 1882 2484 a
1910 2422 2102 2485 mandarinis

1354 2537 1408 2582 seu
1431 2519 1584 2597 primariis
1603 2518 1832 2594 magistratibus
1847 2517 1975 2596 aliisque
1990 2517 2100 2580 cilicia-

1355 2613 1434 2675 libus
1455 2620 1486 2675 et
1508 2613 1662 2686 litteratis,
1694 2621 1762 2672 tum
1787 2611 1825 2672 ab
1846 2611 1956 2673 iisdem
1979 2613 2101 2674 manda·

1355 2707 1443 2781 rinis,
1460 2722 1515 2766 seu
1537 2707 1795 2781 gubernatoribus
1811 2723 1844 2766 11
1859 2706 2099 2781 magistratibus,

1354 2806 1519 2878 antequam
1551 2799 1734 2876 dignitatem
1766 2801 1887 2874 adeant,
1909 2817 1965 2862 seu
1991 2801 2100 2861 saltem

1356 2901 1421 2970 post
1442 2893 1582 2954 eiusdem
1603 2893 1826 2969 possessionem
1857 2893 2009 2972 adeptam,
2032 2900 2099 2954 tum

1354 2987 1488 3063 denique
1509 3003 1524 3046 a
1547 2986 1699 3062 litteratis,
1723 2987 1788 3064 qui,
1805 2995 1966 3064 postquam
1981 2987 2017 3047 ad
2032 3003 2100 3063 gra-

1355 3081 1410 3141 dus
1431 3087 1504 3141 sunt
1532 3079 1667 3153 admissi,
1690 3080 1859 3156 evestigio
1888 3082 1925 3143 ad
1947 3081 2098 3159 templum

1353 3191 1409 3236 seu
1429 3173 1536 3236 aedem
1558 3174 1696 3236 Conlucii
1718 3190 1749 3234 se
1772 3173 1948 3236 conferunt.

1394 3267 1550 3328 Praeterea
1573 3283 1637 3328 non
1660 3284 1725 3329 esse
1753 3269 1999 3344 permittendum
2021 3269 2099 3330 chri-

1353 3363 1459 3423 stianis
1481 3361 1514 3422 in
1537 3361 1659 3438 templis
1681 3379 1736 3422 seu
1755 3363 1880 3424 aedibus
1895 3363 2100 3440 progenitori·

1354 3457 1410 3517 bus
1431 3455 1534 3518 dicatis
1556 3455 1726 3518 oblationes
1748 3455 1852 3517 minus
1873 3456 2027 3517 solemnes
2043 3457 2099 3518 eis·

1352 3550 1422 3611 dem
1454 3549 1569 3624 111111,
1602 3565 1659 3610 1111
1691 3549 1721 3610 11
1751 3548 1811 3610 illis
1841 3549 2018 3634 ministrare
2046 3557 2099 3610 aut

1352 3643 1583 3722 quomodolibet
1614 3643 1778 3716 inservire,
1801 3642 1852 3704 vel
1873 3643 1947 3702 alios
1969 3643 2047 3703 ritus
2068 3647 2099 3703 et

1352 3739 1557 3800 caeremonias
1579 3751 1737 3814 peragere.

1391 3832 1469 3893 ltem
1498 3847 1555 3892 nec
1582 3846 1645 3892 esse
1677 3829 1923 3908 permittendum
1954 3829 2098 3908 praelatis

1351 3925 1525 3988 christianis
1547 3925 1728 4000 oblationes,
1753 3926 1831 3986 ritus
1846 3933 1876 3988 et
1891 3926 2098 3987 caeremonias

1350 4017 1529 4080 huiusmodi
1550 4033 1654 4080 coram
1675 4019 1912 4096 progenitorum
1930 4019 2051 4080 tabellis
2066 4019 2097 4080 in

1351 4113 1477 4191 privatis
1502 4111 1656 4186 domibus,
1678 4111 1798 4174 sivein
1824 4114 2006 4174 eorumdem
2027 4127 2098 4190 pro·

1351 4206 1529 4282 genitorum
1560 4204 1742 4282 sepulchris,
1764 4206 1830 4267 sive
1857 4213 2023 4284 antequam
2045 4206 2098 4266 de-

1351 4297 1449 4361 111111
1470 4299 1648 4374 sepulturae
1670 4298 1842 4372 tradantur,
1866 4299 1899 4359 in
1921 4299 2098 4360 111111111-

1351 4407 1459 4455 norem
1482 4391 1549 4454 beri
1564 4399 1736 4466 consuetas,
1754 4393 1815 4454 111
1829 4407 1901 4453 cum
1917 4391 2095 4468 gentilibus,

1350 4485 1400 4546 vel
1421 4485 1550 4547 seorsim
1572 4485 1608 4545 ab
1630 4483 1701 4559 illis,
1723 4501 1870 4561 peragere
1885 4485 1991 4564 eisque
2005 4485 2097 4546 mini-

1350 4585 1445 4640 strare
1468 4585 1520 4639 aut
1542 4579 1707 4653 interesse3
1731 4578 1793 4638 imo
1813 4579 1965 4656 praedicta
1980 4579 2096 4654 omnia,

1350 4680 1457 4750 utpote
1478 4687 1567 4748 quae,
1591 4671 1750 4750 perpensis
1768 4672 1844 4733 hinc
1860 4671 1931 4733 inde
1946 4671 2095 4747 deductis,

1351 4779 1472 4826 necnon
1483 4764 1649 4840 diligenter
1660 4781 1692 4825 ac
1708 4771 1828 4825 mature
1840 4765 1981 4834 discussis
1996 4765 2097 4826 omni-

1350 4860 1416 4933 bue,
1440 4859 1480 4918 111
1502 4858 1607 4934 peragi
1629 4866 1783 4934 comperta
1805 4864 1971 4932 suntote
1992 4873 2096 4936 super·

1349 4951 1475 5012 stitione
1497 4952 1628 5029 separari
1661 4958 1828 5028 nequeant,
1852 4952 2034 5014 christianae
2055 4951 2097 5012 le-

1350 5045 1395 5120 gis
1416 5044 1585 5106 cultoribus
1607 5061 1647 5106 ne
1668 5043 1794 5122 quidem
1808 5045 2016 5124 permittenda
2033 5062 2098 5107 esse

1350 5138 1513 5215 praemissa
1534 5138 1654 5216 publica
1675 5137 1726 5199 vel
1744 5141 1860 5200 secreta
1874 5139 2096 5216 protestatione

1348 5248 1380 5292 se
1403 5247 1466 5292 non
1488 5231 1632 5308 religioso
1652 5232 1704 5294 sed
1724 5232 1809 5293 cirili
1830 5249 1864 5294 ac
1884 5232 2008 5312 politico
2029 5240 2095 5294 tan-

1351 5333 1417 5387 tum
1438 5327 1525 5387 cultu
1540 5339 1612 5401 erga
1628 5320 1788 5388 delunctos
1802 5326 1855 5387 illa
1869 5332 2024 5405 praestare
2039 5341 2095 5387 neo

1349 5419 1385 5480 ab
1407 5419 1449 5480 eis
1470 5419 1638 5497 quidquam
1660 5427 1765 5498 petere
1785 5427 1838 5482 aut
1859 5435 1993 5498 sperare.

1388 5511 1457 5574 Non
1490 5519 1593 5574 tamen
1625 5530 1679 5592 per
1709 5517 1781 5575 haec
1813 5512 1998 5575 censendam
2030 5528 2096 5574 esse

1349 5607 1524 5668 damnatam
1545 5606 1750 5684 praesentiam
1772 5606 1857 5668 illam
1877 5623 1931 5668 seu
1953 5606 2094 5668 assisten-

1349 5701 1423 5761 tiam
1444 5716 1529 5761 mere
1550 5700 1753 5773 materialem,
1777 5716 1870 5778 quam
1884 5715 1955 5762 cuna
1972 5699 2096 5776 gentili·

1348 5793 1403 5853 bus
1424 5793 1635 5870 superstitiosa
1655 5792 1885 5871 peragentibus,
1903 5793 1979 5854 citra
2000 5793 2095 5854 ullam

1347 5889 1412 5950 sive
1434 5902 1609 5965 expressam
1630 5887 1696 5948 sive
1720 5888 1842 5949 tacitam
1865 5895 2026 5964 gestorum
2046 5901 2095 5966 ap·

2134 513 2189 568 An.
2204 517 2235 566 O.
2260 513 2334 564 1715
