4848 6990
963 581 1171 628 innocencius
1193 583 1236 630 xl.

322 704 428 766 eadem
456 709 556 766 mater
580 701 783 780 spiritualiter
808 701 918 778 genuit
944 707 975 761 et
996 700 1071 774 edu-

322 799 416 872 cavit,
446 796 606 876 disparitas
631 795 772 858 muneris
794 811 857 857 non
884 803 1015 873 separet,
1040 801 1069 856 et

322 889 495 952 fraternalis
506 890 651 964 amicitia,
663 889 819 950 curialitas
833 906 867 950 ac
877 897 987 952 mutua
1002 891 1071 950 bos-

322 984 451 1062 piraticas
471 983 609 1044 strictius
637 982 819 1062 coniungat)
842 983 1069 1060 praedictorum

322 1077 563 1140 seminariorum
592 1075 802 1154 superioribus
829 1077 935 1137 stricte
955 1076 1070 1153 praeei-

322 1172 435 1249 pimus,
459 1177 505 1243 ut,
527 1169 651 1246 quando
679 1167 876 1246 provincialis
897 1168 980 1230 illius
1001 1184 1070 1247 pro-

253 1266 256 1270 ’
323 1263 454 1336 vinciae,
479 1263 511 1324 in
534 1278 592 1340 qua
614 1262 817 1324 seminarium
839 1262 945 1334 luerit,
963 1262 1070 1339 bospes

323 1357 357 1418 ad
379 1355 455 1416 illud
487 1353 623 1428 accedat,
655 1371 729 1415 eum
750 1371 784 1416 ac
809 1354 892 1416 illius
924 1353 1069 1416 lumiliam

323 1448 500 1510 charitative
521 1448 684 1526 recipiant,
700 1455 730 1508 et
748 1463 802 1526 per
822 1448 955 1525 spatium
973 1447 1070 1508 trium

323 1541 443 1602 dierum
466 1541 551 1602 omni
572 1541 687 1602 claudet
710 1541 884 1602 reverentii
907 1541 951 1601 illi
972 1541 1070 1602 inser-

322 1636 386 1696 uire
398 1642 573 1696 teneantur.
589 1635 764 1696 l'raediotus
779 1642 885 1696 autent
899 1634 1072 1710 provincia-

321 1730 358 1790 lis
379 1730 523 1792 minister
544 1729 688 1790 eumdem
711 1728 814 1788 locum
836 1735 867 1788 et
887 1730 1071 1806 praeceden-

324 1824 394 1886 tiam
412 1826 443 1886 in
459 1822 734 1884 communitatibus
755 1823 996 1884 seminaricrum
1019 1822 1070 1882 ba-

323 1921 406 1982 bebit
425 1935 519 1998 quem
542 1917 631 1978 babet
652 1917 684 1976 in
711 1917 777 1978 aliis
799 1933 871 1980 suae
894 1919 1070 1994 provinciae

322 2013 543 2088 conventibus;
566 2013 680 2090 poterit
702 2019 804 2072 tamon
824 2011 957 2088 aliquam
980 2011 1068 2074 oolla·

323 2109 438 2169 tionem
449 2105 642 2185 spiritualem
654 2105 854 2168 missionariis
866 2106 897 2167 in
907 2106 1069 2169 refectorio

323 2201 507 2280 pmedicnro,
520 2199 624 2278 ibique
644 2200 830 2276 praesidere,
854 2207 884 2260 et
907 2200 936 2260 in
960 2200 1068 2278 aliqui·

322 2295 378 2357 bns
401 2293 595 2372 poenitentiis
621 2292 781 2354 seminarii
806 2293 951 2355 iratribus
973 2294 1069 2374 impo-

322 2388 387 2450 sitis
413 2387 606 2464 dispensare,
629 2385 748 2447 nullam
778 2395 881 2448 tamen
911 2386 1000 2450 aliam
1024 2389 1068 2452 iu·

322 2479 534 2544 riedictionem
549 2479 590 2540 ibi
605 2487 657 2541 aut
679 2487 820 2558 respectu
841 2481 1067 2557 praedictorum

322 2573 452 2658 lratrum
484 2572 648 2650 aliquande
676 2589 822 2634 exercere
844 2573 985 2648 studebit,
1009 2575 1068 2635 nisi

321 2665 401 2728 adid
417 2665 643 2741 delegationem
664 2664 797 2743 aliquam
812 2682 827 2726 a
843 2667 1001 2744 superiore
1017 2683 1069 2742 ge·

321 2758 419 2820 nerali
441 2758 584 2836 recipiat;
607 2759 660 2834 qui
683 2773 750 2820 eam
771 2758 941 2820 absolutam
963 2767 994 2821 ot
1017 2775 1069 2836 gc·

321 2850 460 2913 neralcm
472 2867 632 2928 nunquam
647 2859 801 2929 praestare
815 2853 939 2930 poterit,
952 2852 1065 2913 solum·

321 2960 382 3022 que
404 2945 436 3006 in
458 2943 610 3022 aliquibus
637 2943 756 3006 casibus
776 2951 807 3004 et
830 2961 884 3022 pro
913 2943 1066 3023 aliquibus

320 3036 529 3114 singularibus
561 3036 742 3112 indigentiis
772 3051 859 3098 snam
890 3035 1064 3098 lacrdtatem

321 3145 376 3208 pre
397 3130 520 3192 unavel
541 3129 599 3190 alia
614 3131 680 3191 vice
694 3130 849 3208 praedicto
871 3131 1064 3209 provinciali,

321 3240 354 3286 ac
376 3223 631 3297 convenientius,
655 3239 688 3284 ac
714 3239 786 3285 cum
814 3225 935 3285 minore
962 3225 1065 3286 litium

320 3317 474 3396 periculo,
503 3317 592 3378 alteri
614 3316 702 3392 gravi
722 3316 869 3392 religioso
893 3319 1067 3380 communi-

320 3425 388 3471 care
411 3409 534 3472 valebit.
567 3407 777 3470 Praefaturum
804 3415 907 3470 autem
934 3411 1067 3470 semina·

320 3501 440 3565 riorum
461 3501 622 3579 guardiani
651 3501 736 3562 illam
765 3503 1011 3579 praecedentiam
1033 3503 1065 3564 in

318 3595 471 3658 dictarum
492 3593 722 3673 provinciarum
748 3595 954 3656 conventibus
975 3595 1065 3658 babe-

318 3686 406 3764 bunt,
418 3701 497 3766 quae
511 3687 681 3764 guardiano
692 3685 916 3766 principaberis
931 3703 1065 3750 conven-

318 3787 367 3841 tus
397 3779 562 3843 cuiuslibet
593 3779 788 3858 provinciae,
821 3787 1007 3843 statutorum
1033 3789 1065 3843 et

318 3873 552 3936 consuetudinis
567 3873 688 3948 vigore,
704 3873 830 3935 concedi
851 3873 941 3947 solet,
957 3881 987 3936 et
1002 3881 1064 3935 tam

318 3966 478 4044 guardiani
500 3981 594 4044 quam
614 3965 666 4026 alii
696 3965 905 4044 praelatorum
932 3968 1063 4029 semina-

317 4059 437 4122 riorum
448 4057 557 4123 iratres
568 4058 647 4138 apud
658 4059 877 4122 Observantiae
891 4059 1062 4136 religiosos,

316 4153 342 4214 si
363 4152 493 4226 luerint,
514 4152 563 4215 sin
585 4159 689 4213 autem
711 4153 790 4230 apud
811 4151 1010 4228 Recolleetos,
1033 4163 1064 4216 et

316 4245 355 4307 iis
375 4243 607 4318 deficientibus,
634 4243 712 4323 apud
744 4243 943 4306 Discalceatos
964 4245 1064 4324 bospi-

318 4337 398 4399 tium
418 4335 548 4412 eligant,
572 4337 692 4415 ipsique
711 4351 763 4396 eos
785 4337 922 4414 recipere
943 4345 974 4399 et
995 4340 1060 4400 cba-

319 4429 442 4492 ritative
456 4435 598 4502 tractare,
613 4427 672 4490 sub
686 4427 793 4506 poenis
808 4429 932 4490 unionis
944 4429 1064 4492 Ordinis

318 4522 585 4600 perturbatoribus
606 4521 770 4600 impositis,
787 4521 1064 4600 indispensabiliter

318 4622 495 4678 teneantur.

111 4721 155 4780 na,
168 4715 299 4774 religiosis
359 4725 393 4770 n.
410 4708 495 4794 Quod
510 4709 542 4770 in
556 4708 697 4786 praelatis
710 4707 895 4782 seminariis,
909 4715 970 4770 tam
982 4723 1063 4772 erec·

76 4772 247 4872 caerem
274 4783 287 4818 0

288 4775 300 4818 t

319 4801 357 4863 tis
377 4817 471 4880 quam
492 4802 661 4880 erigendis,
690 4801 817 4878 triginta
840 4809 900 4864 tres
928 4801 1064 4878 religiosi

318 4897 356 4958 de
376 4894 490 4956 lamiliai
511 4902 542 4957 et
559 4910 622 4956 non
643 4894 775 4974 amplius
789 4894 910 4958 admitti
932 4896 1062 4973 possint3

318 4987 431 5049 horum
442 4993 548 5050 autem
558 4995 692 5066 quatuor
701 4987 762 5051 sint
773 4987 851 5060 laici,
864 4987 974 5064 reliqui
989 5003 1064 5054 vero

317 5081 353 5142 ad
374 5079 560 5142 exercitium
575 5080 759 5142 missionum
773 5079 833 5141 sint
850 5079 969 5154 idonei3
987 5079 1064 5142 itaut

317 5171 424 5237 nullus
439 5173 471 5234 in
486 5171 627 5252 praelatis
647 5171 822 5234 seminariis
843 5171 937 5250 recipi
952 5172 1062 5244 valeat,

318 5267 382 5345 qui,
405 5267 538 5328 verbum
552 5266 606 5328 Dei
620 5265 822 5344 praedicando
836 5265 887 5326 vel
901 5265 1065 5327 conlessio·

318 5375 373 5422 nes
393 5359 561 5434 audiendo,
590 5365 643 5420 aut
663 5360 836 5422 doctrinam
863 5357 1063 5421 christianam

317 5459 348 5514 et
369 5460 492 5514 nestrae
513 5453 584 5514 fidei
606 5451 781 5515 rudimenta
803 5452 951 5526 docendo,
969 5453 1064 5514 dnem

318 5545 482 5608 erectionis
502 5543 711 5622 praefatorum
731 5545 973 5607 seminaricrum
995 5561 1064 5623 pro-

318 5653 445 5700 movere
466 5654 530 5700 nen
552 5639 656 5718 pessit.
680 5637 713 5701 Si
730 5645 835 5702 autem
857 5653 911 5716 pro
933 5638 1018 5700 victu
1033 5645 1065 5699 et

317 5732 434 5794 vestitu
455 5731 671 5808 eleemosynae
685 5747 750 5793 non
766 5729 934 5806 deluerint,
951 5739 982 5792 et
997 5729 1071 5808 plu-¹

317 5839 367 5885 res
387 5823 524 5902 religiosi
545 5839 602 5902 pro
623 5823 762 5886 locorum
776 5831 809 5886 et
830 5833 1006 5902 temporum
1020 5823 1066 5883 di-

317 5917 415 5981 versis
449 5935 483 5981 ac
509 5917 598 5982 novis
629 5918 869 5982 circumstantiis
901 5917 1064 5980 necessarii

422 6066 474 6116 lor.
492 6067 561 6115 Poot.
578 6064 608 6113 de
625 6065 698 6128 Prep.
712 6063 775 6114 Fide
789 6063 871 6112 Partis
884 6063 903 6112 l.
918 6062 972 6112 vel.
986 6063 1017 6112 ιι.

1125 709 1327 776 censeantur,
1349 703 1491 782 superior
1522 702 1674 780 generalis
1703 703 1873 781 respective

1125 792 1163 854 de
1182 809 1335 856 consensu
1357 803 1387 856 et
1408 809 1533 856 assensu
1555 795 1727 856 discretorii
1747 795 1873 856 cuiusli-

1125 887 1176 946 bet
1201 888 1358 950 seminarii
1391 903 1559 950 numerum
1591 885 1781 967 praedictum
1811 895 1873 950 tam

1125 979 1276 1042 laicorum
1298 995 1390 1059 quam
1412 987 1589 1044 ceterorum
1605 979 1738 1044 lratrum
1759 997 1874 1058 augere

1125 1073 1248 1148 poterit.
1273 1073 1311 1134 Et
1333 1074 1643 1152 ‹prriapraedictorum
1665 1073 1796 1136 fratrum
1810 1075 1875 1136 lau-

1125 1164 1223 1226 dabile
1244 1166 1457 1228 ministerium
1478 1166 1622 1228 omniurn
1644 1167 1800 1230 virtutum
1822 1185 1873 1229 cu-

1125 1257 1222 1332 mulo,
1239 1259 1386 1320 orationis
1406 1275 1440 1320 ac
1461 1258 1658 1337 perfectiouis
1677 1261 1873 1322 omnimodae

1125 1365 1301 1426 progressu,
1317 1358 1348 1412 et
1369 1353 1583 1414 strictissimae
1604 1361 1728 1414 nestrae
1749 1354 1874 1429 regulae

1125 1443 1337 1504 observantiae
1367 1443 1520 1506 soliditate
1552 1446 1706 1508 nitescere
1732 1463 1795 1508 nen
1824 1449 1874 1508 de-

1124 1535 1222 1610 sistet,
1246 1537 1360 1610 immo,
1384 1538 1446 1598 lleo
1468 1536 1576 1612 dame,
1606 1554 1715 1600 eorum
1741 1539 1873 1602 iratrum

1125 1629 1279 1690 exercitiis
1301 1631 1450 1707 (equorum
1470 1646 1577 1708 scopus
1600 1631 1659 1691 erit
1680 1632 1797 1693 animas
1812 1633 1874 1694 beo

1126 1721 1318 1796 lucrifacere,
1335 1723 1486 1784 industria
1507 1732 1538 1784 et
1559 1723 1768 1786 sollicitudine
1789 1725 1873 1786 adul-

1126 1816 1240 1875 terinas
1262 1815 1467 1894 plantationes
1494 1816 1659 1890 divellere,
1687 1818 1819 1879 virtutes
1840 1820 1871 1880 in

1125 1923 1223 1968 messe
1245 1908 1367 1969 bomini
1389 1925 1506 1982 serere,
1523 1909 1597 1968 vitia
1612 1910 1758 1972 raeticitus
1777 1912 1873 1972 entir-

1125 2015 1215 2078 pare,
1239 2001 1411 2062 bumanum
1445 2016 1544 2076 genus
1572 2001 1608 2062 ad
1635 2003 1821 2078 cognitionis
1843 2012 1873 2066 et

1124 2091 1290 2152 Salvatoris
1322 2094 1446 2154 semitas
1478 2095 1637 2168 reducere,
1666 2111 1699 2156 ac
1724 2096 1873 2173 apostolo-

1124 2201 1207 2259 rum,
1230 2187 1282 2262 qud
1305 2187 1365 2246 iam
1388 2186 1419 2246 in
1443 2187 1518 2247 orbe
1539 2203 1603 2248 non
1626 2187 1781 2262 existunt,
1804 2204 1874 2250 mu-

1124 2291 1183 2338 nus
1198 2277 1321 2356 gerere)
1342 2275 1523 2339 laudabilius
1538 2286 1569 2340 et
1584 2277 1750 2356 perfectius
1763 2279 1794 2341 in
1809 2280 1873 2342 dies

1123 2370 1316 2442 ostendetur,
1338 2370 1473 2444 statutis,
1496 2387 1510 2430 a
1535 2369 1589 2434 SS.
1607 2372 1642 2432 b.
1661 2370 1697 2432 N.
1722 2372 1874 2434 lnnocen-

1124 2462 1166 2522 tio
1188 2462 1240 2524 xl.
1265 2463 1296 2524 in
1319 2479 1375 2522 suo
1398 2462 1491 2524 Brevi
1516 2463 1674 2524 Ecclesiae
1695 2463 1872 2526 cetitolicoe

1123 2554 1291 2632 incipiente
1313 2555 1514 2630 confirmatis,
1543 2556 1747 2619 inhaerendo:
1772 2559 1873 2619 omni·

1123 2647 1180 2709 bus
1201 2657 1231 2709 et
1252 2648 1384 2724 singulis
1411 2649 1553 2726 praelatis
1579 2658 1611 2710 et
1639 2650 1791 2726 religiosis
1814 2652 1873 2713 sub

1123 2740 1293 2802 obedientie
1322 2743 1426 2802 nostrai
1448 2740 1649 2817 degentibus,
1676 2743 1797 2805 etiamsi
1818 2744 1873 2805 ali-

1122 2833 1209 2894 cuius
1230 2833 1407 2910 provinciae
1421 2833 1616 2896 Reformatae
1638 2836 1687 2896 vel
1710 2837 1872 2899 Disealcea-

1124 2931 1169 2985 tae
1191 2925 1265 2999 sint,
1290 2941 1344 3004 per
1366 2934 1502 2988 sanctam
1524 2926 1744 3004 obedientiam,
1761 2929 1793 2991 in
1809 2931 1871 2990 vir·

1122 3025 1189 3078 tute
1210 3017 1343 3095 Spiritus
1366 3017 1482 3091 Sancti,
1499 3025 1530 3080 et
1544 3019 1602 3082 sub
1622 3021 1730 3097 poenis
1747 3037 1871 3084 excom-

1121 3109 1340 3172 municationis
1354 3111 1491 3186 maioris,
1505 3112 1686 3188 privationis
1698 3115 1871 3177 officiorum

1122 3211 1152 3264 et
1178 3202 1381 3280 dignitatum,
1411 3220 1444 3265 ac
1476 3204 1677 3266 inbabilitatis
1705 3216 1872 3286 perpetuae

1121 3296 1156 3358 ad
1179 3295 1355 3371 obtinenda,
1380 3297 1444 3374 ipso
1466 3295 1544 3358 lacto
1566 3297 1772 3376 incurrendis,
1785 3317 1872 3379 prae·

1121 3387 1252 3465 cipimus
1273 3396 1304 3449 et
1326 3389 1520 3462 mandamus,
1538 3396 1573 3451 ut
1596 3389 1685 3452 nulle
1706 3392 1809 3467 niodo,
1826 3393 1870 3456 di-

1121 3487 1203 3542 recte
1225 3481 1275 3542 vel
1291 3481 1452 3556 indirecte,
1470 3497 1524 3559 per
1539 3498 1572 3544 se
1588 3481 1638 3544 vel
1653 3484 1871 3564 interpositam

1120 3590 1294 3654 persenam,
1311 3573 1473 3650 religiosos
1493 3575 1551 3636 sibi
1574 3575 1711 3638 subditos
1732 3585 1785 3638 aut
1800 3595 1870 3642 cen·

1120 3665 1269 3742 subditos,
1293 3667 1433 3728 volentes
1455 3667 1491 3727 ad
1513 3667 1706 3745 praedictum
1725 3678 1870 3734 sanctum

1120 3775 1196 3838 opus
1219 3759 1368 3834 transire,
1396 3759 1581 3840 impediant,
1608 3761 1795 3838 perturbent
1817 3773 1869 3826 aut

1120 3859 1282 3925 evertant,
1304 3854 1356 3914 sed
1383 3855 1427 3914 eis
1449 3853 1550 3932 potius
1577 3853 1714 3917 divinam
1739 3856 1871 3935 inspira-

1121 3945 1240 4006 tionem
1250 3961 1284 4006 ac
1299 3945 1492 4006 vocationem
1503 3945 1591 4024 sequi
1606 3946 1788 4010 charitative
1801 3965 1868 4010 sua-

1120 4041 1221 4101 deant.
1246 4039 1476 4102 Praedictoruru
1502 4047 1606 4102 autem
1627 4042 1869 4106 seminariorum

1120 4132 1291 4208 guardiani,
1315 4133 1351 4194 de
1372 4133 1499 4195 consilio
1521 4141 1552 4194 et
1572 4149 1697 4196 assensu
1722 4134 1867 4198 discreto-

1119 4237 1202 4300 rum,
1213 4231 1244 4284 et
1255 4223 1484 4285 commissarius
1496 4223 1759 4300 missionum,sub
1770 4226 1868 4290 forma

1119 4317 1262 4396 superius
1282 4317 1479 4396 praescripti,
1501 4333 1570 4380 suas
1594 4317 1711 4380 litteras
1733 4321 1868 4399 praelato

1120 4409 1208 4472 locali
1228 4408 1365 4485 religiosi
1387 4411 1501 4488 recepti
1530 4409 1660 4478 directas
1684 4412 1866 4492 expedient,

1119 4503 1272 4584 praelatus
1294 4517 1369 4565 vero
1390 4503 1543 4583 praelatus
1565 4507 1667 4585 ipsum
1688 4523 1760 4570 cum
1782 4507 1868 4570 libris

1120 4599 1236 4678 proprii
1252 4615 1326 4662 usus
1337 4599 1441 4662 statim
1455 4601 1606 4678 remittet3
1623 4610 1654 4664 et
1665 4611 1767 4680 postea
1782 4621 1868 4683 prae·

1120 4695 1212 4756 dictas
1233 4694 1352 4756 litteras
1378 4693 1617 4758 administrum
1644 4697 1868 4775 provincialem

1119 4788 1322 4862 transmittet,
1339 4796 1384 4864 ut,
1407 4805 1500 4866 super
1514 4789 1636 4852 subdito
1650 4791 1685 4854 ad
1701 4790 1868 4869 perfectius

1120 4900 1236 4948 munus
1262 4895 1293 4948 et
1320 4885 1505 4948 exercitium
1537 4883 1696 4959 translato,
1719 4885 1867 4962 gaudium

1119 4981 1212 5042 sitin
1240 4983 1301 5042 teta
1328 4981 1496 5059 provincie
1530 4982 1633 5042 Primo
1660 4997 1742 5043 anno
1759 4981 1811 5042 sui
1833 4981 1866 5042 in

1119 5074 1323 5137 seminarium
1352 5075 1520 5151 ingressus,
1543 5075 1565 5136 si
1590 5074 1661 5136 aliis
1682 5075 1715 5136 in
1737 5073 1797 5136 alio
1820 5090 1867 5135 sc·

1120 5171 1252 5232 minaria
1273 5189 1328 5250 per
1348 5172 1432 5234 idem
1454 5179 1575 5249 tempus
1596 5185 1660 5234 non
1682 5172 1866 5251 permansis-

1119 5271 1177 5338 set,
1200 5265 1236 5326 ad
1257 5265 1438 5327 missionem
1459 5279 1523 5328 nen
1545 5264 1724 5344 deputetur,
1742 5281 1798 5326 nec
1813 5281 1866 5327 vo-

1121 5365 1188 5420 tum
1209 5359 1242 5418 ln
1263 5357 1413 5418 electione
1429 5356 1555 5435 praelati
1577 5358 1697 5432 babeat,
1712 5359 1765 5422 sed
1780 5360 1866 5438 quasi

1119 5449 1176 5513 sub
1202 5449 1381 5528 probatione
1403 5457 1542 5524 maneat,
1571 5459 1606 5513 ut
1627 5453 1664 5514 de
1685 5453 1752 5514 eius
1782 5454 1868 5516 suffi-

1120 5544 1231 5606 cieutia
1252 5541 1364 5606 melius
1378 5549 1519 5604 constare
1541 5545 1656 5619 valeat3
1679 5555 1721 5618 ct,
1736 5546 1761 5604 si
1782 5545 1865 5606 intra

1120 5653 1238 5698 annum
1270 5634 1320 5698 vel
1351 5645 1454 5716 postea
1486 5636 1524 5698 de
1545 5636 1628 5698 illius
1650 5637 1865 5700 insufficientia

1120 5729 1304 5803 constiterit,
1321 5735 1373 5791 aut
1388 5745 1441 5807 per
1457 5729 1579 5807 aliquod
1601 5729 1715 5792 vitium
1737 5745 1792 5792 seu
1807 5730 1865 5792 cri-

1120 5839 1205 5898 men,
1228 5823 1277 5884 vel
1300 5839 1355 5901 per
1377 5822 1500 5901 aliquod
1520 5823 1706 5898 scandalum,
1724 5825 1756 5886 in
1776 5840 1864 5885 ever-

1120 5917 1229 5979 cilium
1250 5917 1435 5980 missionum
1463 5915 1587 5990 datum,
1616 5933 1670 5978 seu
1691 5931 1747 5995 per
1774 5933 1865 5979 excu-

1731 6061 1758 6127 tl

1745 555 1749 568 '
1813 565 1852 630 89
1902 569 2091 626 tn.e.1oeo
