4880 6982
318 557 416 611 333.
438 559 506 611 tata
555 559 613 622 ’.110
706 543 710 558 ’

348 1353 467 1402 Formula
482 1355 519 1400 iu·

308 1409 418 1454 ramonti
444 1420 519 1463 prae-

308 1461 407 1516 standi,
430 1467 458 1508 nt
479 1473 519 1508 su·

308 1526 360 1571 pra.

535 694 690 770 stantiam,
713 699 765 756 aul
793 711 899 758 earum
931 693 1203 774 contemplatione,
1225 710 1280 756 seu

536 788 609 850 aliis
630 788 859 867 quomodolibet
880 789 913 850 in
928 789 1119 852 contrarium
1135 787 1282 868 praemis-

535 897 643 943 sorum
674 881 834 956 concessis,
864 882 965 958 editis,
991 881 1088 957 lactis,
1111 899 1144 944 ec
1165 880 1281 961 pluries

535 974 664 1050 iteratis,
685 993 718 1038 ac
739 975 998 1054 quantiscumque
1028 975 1146 1038 vicibus
1174 990 1280 1053 appro-

536 1067 624 1143 batis,
640 1069 829 1132 confirmatis
849 1077 880 1132 et
901 1069 1071 1146 innovatis3
1089 1069 1200 1148 quihus
1215 1083 1280 1128 om-

536 1161 628 1223 nibus
650 1169 679 1224 et
700 1163 842 1240 singulis,
864 1171 922 1226 etc.
945 1163 1002 1242 (l);
1022 1161 1195 1241 ceterisque
1210 1177 1282 1224 con-

537 1254 637 1315 trariis
658 1255 915 1335 quibuscumque.

577 1349 596 1423 ἓ
619 1348 664 1412 10.
688 1350 833 1412 Formula
865 1360 969 1414 antem
1001 1352 1179 1426 iuramenti,
1202 1351 1281 1413 sicut

538 1444 759 1520 praemittitur,
778 1445 959 1524 praestandi,
976 1453 1021 1508 est
1036 1461 1114 1525 quae
1128 1445 1279 1524 sequitur,

537 1536 694 1600 videlicet:

578 1728 642 1804 Ego
664 1727 701 1790 N.
725 1727 936 1791 missionarius
955 1727 991 1788 ad
1007 1726 1105 1802 Sinas,
1121 1727 1168 1788 331
1184 1727 1219 1790 ad
1235 1741 1281 1786 re-

538 1837 635 1899 gnum
657 1822 709 1897 Ν.,
738 1824 784 1884 331
810 1822 847 1883 ad
873 1823 1064 1901 provinciam
1091 1819 1142 1895 Ν.,
1166 1839 1181 1882 3
1204 1821 1281 1883 83313

537 1917 720 1996 Apostolicai,
749 1917 795 1976 331
817 1933 832 1976 3
853 1915 1064 1994 superioribus
1093 1914 1169 1975 meis
1197 1913 1280 1976 iuxta

537 2009 694 2072 facultates
715 2010 759 2070 eis
780 2027 795 2069 a
817 2008 896 2072 Sede
917 2009 1087 2088 3333131131
1112 2023 1280 2082 concessae,

537 2103 659 2177 missus,
684 2101 733 2164 vel
753 2103 932 2176 destinatus
959 2111 1121 2180 praecepto
1142 2119 1175 2163 33
1196 2117 1282 2162 333-

536 2195 605 2258 31313
626 2196 790 2274 3333131133
804 2213 897 2274 33333
912 2197 1021 2258 ritihus
1036 2203 1066 2258 31
1080 2195 1282 2258 33333333113

537 2287 712 2352 cinensibus
730 2291 762 2352 in
784 2290 1006 2353 constitutione
1021 2289 1076 2353 88.
1092 2288 1210 2351 domini
1227 2305 1282 2349 no-

536 2383 591 2444 stri
612 2384 730 2446 domini
759 2383 927 2446 Clementis
959 2383 1062 2445 divini
1090 2383 1282 2460 providentii

537 2475 632 2557 Papae
644 2478 694 2539 111.
710 2477 765 2539 333
778 2477 815 2537 de
830 2493 862 2537 re
878 2476 968 2548 editi,
983 2493 1042 2554 qua
1054 2477 1222 2554 praesentis
1238 2476 1282 2538 iu·

537 2571 669 2632 rumenti
692 2569 824 2632 formula
845 2569 1027 2648 praescripta
1050 2575 1106 2642 est,
1123 2575 1281 2642 contento,

536 2681 569 2724 ac
592 2663 668 2724 mihi
689 2678 743 2740 per
764 2663 918 2738 integram
937 2663 1072 2724 eiusdem
1089 2662 1282 2724 constitutio·

537 2755 585 2816 nis
606 2754 756 2817 lecturam
777 2755 892 2832 optime
914 2761 999 2830 noto,
1022 2755 1114 2834 plene
1135 2755 1285 2818 33131311-

537 2857 585 2910 133
612 2848 734 2926 parebo,
768 2849 905 2928 illudque
935 2856 1051 2924 exacte,
1084 2849 1221 2910 absoluto
1250 2865 1282 2908 ac

537 2941 757 3004 inviolabiliter
778 2941 944 3003 observabo
966 2949 996 3002 et
1017 2941 1129 3020 absque
1145 2940 1206 3002 ulli
1224 2949 1281 3002 ter·

537 3037 743 3112 giversalione
776 3035 964 3114 adimpleb03
997 3036 1022 3096 si
1052 3042 1157 3098 autem
1188 3037 1282 3114 (quod

536 3128 617 3190 Deus
631 3129 761 3208 avertat)
774 3146 899 3208 quoquo
915 3130 1005 3192 modo
1020 3129 1281 3203 contravenerim,

537 3221 628 3283 toties
649 3223 770 3300 quoties
791 3223 819 3284 id
840 3223 991 3298 evenerit,
1008 3223 1114 3302 poenis
1129 3238 1183 3300 per
1198 3239 1283 3301 prae-

537 3314 649 3376 dictam
676 3317 930 3378 constitutionem
960 3317 1112 3396 impositis
1138 3333 1188 3380 me
1212 3317 1283 3379 sub

537 3407 654 3468 iectum
685 3425 816 3486 agnosco
838 3418 868 3471 et
890 3409 1021 3472 declaro.
1052 3412 1107 3485 lta,
1132 3411 1281 3472 13311333-

537 3501 702 3562 orosanctis
732 3501 917 3579 evangeliis,
941 3503 1105 3582 promitto,
1133 3510 1283 3564 3333331

538 3593 615 3654 iuro.
640 3593 690 3657 813
712 3611 762 3656 33
784 3596 863 3657 Deus
884 3598 1018 3670 adiuvet,
1040 3605 1072 3658 et
1092 3599 1282 3661 3333333313

537 3687 591 3748 Dei
614 3688 791 3766 Evangelia.

844 3812 909 3890 Ego
931 3809 968 3874 N.
994 3827 1088 3873 mann
1110 3811 1241 3890 propria.

1052 575 1115 620 luit.
1141 575 1230 619 PONT.
1255 575 1295 618 be
1317 574 1345 618 P·
1369 573 1398 618 F·
1424 574 1505 620 untes
1529 574 1548 617 1.

1335 692 1508 771 exequendi
1531 699 1562 754 31
1583 692 1777 757 observandi.
1805 694 1880 770 Quia
1905 710 1982 758 vero
2003 694 2082 756 dilla-

1335 785 1393 848 cile
1414 785 1493 848 loret
1511 787 1627 850 litteras
1642 787 1819 850 huiusmodi
1834 787 2001 864 originales
2015 788 2081 849 uhi-

1335 895 1397 958 que
1418 880 1537 944 ostendi
1558 887 1589 942 et
1616 881 1776 960 publicari,
1800 882 1946 944 volumus
1967 883 2082 962 pariter

1336 982 1367 1035 et
1394 973 1591 1038 decernimus
1623 975 1747 1037 illarum
1779 977 1995 1056 transumptis,
2027 995 2080 1040 seu

1336 1068 1496 1146 exemplis,
1519 1069 1612 1132 etiam
1640 1069 1808 1147 impressis,
1832 1085 1927 1132 manu
1954 1069 2082 1132 alicuius

1338 1161 1450 1222 notarii
1471 1161 1586 1239 publici
1607 1160 1796 1240 subscriptis,
1813 1169 1843 1224 31
1862 1162 1965 1238 sigillo
1980 1179 2082 1241 perso-

1336 1269 1393 1314 nae
1420 1253 1453 1315 in
1484 1254 1686 1316 ecclesiastici
1717 1254 1867 1332 (lignitate
1897 1255 2083 1318 constitutae

1337 1345 1477 1420 munitis,
1494 1348 1635 1410 eamdem
1657 1362 1782 1424 prorsus
1800 1347 1893 1410 iidem
1910 1355 1972 1409 133
1988 1347 2019 1410 13
2036 1350 2083 1410 13-

1337 1438 1414 1500 311313
1436 1455 1529 1516 3333
1551 1445 1635 1500 33133
1655 1439 1730 1502 illud
1745 1440 1860 1518 ubique
1875 1440 2015 1504 locorum
2031 1441 2081 1502 ha-

1337 1531 1413 1606 beri,
1437 1548 1515 1611 quae
1540 1533 1708 1596 haberetur
1728 1533 1799 1612 ipsis
1824 1534 2036 1612 praesentibus
2057 1535 2081 1596 31

1337 1623 1439 1688 133331
1461 1625 1613 1688 exhibitae
1635 1626 1685 1688 vel
1706 1632 1855 1688 ostensae.

1377 1719 1487 1781 113133
1516 1718 1644 1798 nomae,
1669 1718 1748 1800 apud
1777 1718 1808 1782 8.
1839 1719 1965 1782 1133133
1992 1721 2082 1783 Maio-

1336 1826 1415 1885 rem,
1437 1812 1494 1873 suh
1514 1811 1631 1873 annulo
1653 1812 1823 1886 Piscatoris,
1846 1813 1896 1874 die
1918 1829 2084 1876 313333-

1338 1906 1373 1967 111
1395 1921 1549 1982 333333,
1573 1905 1768 1984 pontificatus
1791 1907 1891 1968 nostri
1912 1922 2059 1969 333333.

1594 2061 1833 2078 ψ

1656 2190 1763 2254 XLIX.

1339 2377 1500 2456 Appa'obnt
1516 2381 1705 2443 erectionem
1722 2377 1854 2460 Collepii
1871 2380 2083 2458 [331331113-

1379 2474 1422 2533 cii
1443 2473 1728 2551 promissionibus
1752 2473 1889 2544 Suebiae,
1915 2474 2083 2537 1133313331

1379 2563 1554 2646 Ν33333133
1592 2583 1689 2629 33333
1723 2564 1981 2644 presbyterorum
2015 2567 2082 2629 833.

1309 2716 1311 2729 ,
1378 2661 1448 2722 1333
1491 2660 1670 2730 camarini,-
1692 2659 1882 2742 3333113133
1908 2661 2084 2738 333331331-

1379 2753 1436 2814 333
1459 2755 1582 2834 3333331
1604 2760 1735 2814 3131313
1757 2769 1812 2830 333
1834 2753 1890 2816 1113
1912 2753 2084 2825 3333133311·

1380 2848 1513 2924 iusuper
1534 2847 1649 2908 euimit
1672 2844 1711 2908 ob
1736 2846 1909 2910 0331133311
1933 2847 2084 2908 iurisdic-

1380 2941 1476 3014 tione,
1499 2939 1674 3001 subiiciens
1696 2939 1882 3002 visitationi
1903 2942 2084 3016 333313313-

1379 3034 1418 3096 113
1443 3031 1509 3094 Soc.
1533 3035 1604 3096 1333
1627 3039 1656 3093 31
1680 3031 1800 3094 Nuntii
1830 3033 2004 3112 Apostolici
2026 3033 2080 3113 (1).

1537 3203 1723 3272 oteness
1747 3203 1806 3270 ΡΡ.
1830 3203 1877 3271 lll.

1458 3327 1501 3394 hcl
1524 3331 1696 3411 perpetuam
1719 3326 1762 3393 rei
1785 3326 1963 3452 33333133.

1378 3504 1538 3566 Pastoralis
1559 3505 1650 3567 ollicii
1669 3521 1741 3566 eura
1763 3504 1862 3576 nobis,
1879 3503 1999 3568 meritis
2014 3503 2084 3566 licet
2134 3524 2273 3570 uxoratum.

1340 3599 1519 3678 imparibus,
1532 3615 1571 3660 ex
1591 3599 1652 3660 alto
1673 3601 1845 3674 commissa,
1863 3615 1918 3661 nos
1940 3599 2085 3660 admonet

1338 3701 1369 3754 31
1392 3693 1521 3767 inducit,
1548 3702 1581 3755 ut
1603 3693 1650 3771 pia
1672 3693 1748 3768 loca,
1765 3709 1843 3770 quae
1864 3709 1919 3770 pro
1941 3693 2085 3756 christist-

1310 3810 1313 3905 2
1339 3789 1454 3850 delium
1484 3790 1645 3851 commodo
1667 3797 1697 3850 et
1721 3797 1889 3864 augmento
1918 3796 2017 3852 erecta
2039 3788 2084 3848 di-

1339 3890 1466 3957 cuntur,
1480 3891 1514 3945 ut
1536 3884 1624 3944 firma
1639 3890 1669 3944 et
1684 3882 1799 3944 illibata
1822 3882 1998 3960 persistant,
2015 3897 2085 3959 apo-

2111 565 2165 616 33.
2180 564 2211 616 C.
2234 562 2308 612 1715

311 4036 315 4045 .
338 3982 519 4080 grassantium
577 3977 596 4052 ἓ
612 3976 659 4038 11.
674 3979 820 4042 Ceterum
836 3979 980 4041 volumus
995 3985 1025 4039 31
1040 3991 1183 4054 expresse
1198 3989 1285 4034 man·

308 4039 520 4135 1111εὲ031)αοῖΓῇῧὲ
538 4076 657 4150 damus,
680 4081 714 4136 ut
735 4077 859 4136 eaedem
881 4081 1055 4152 praesentes
1077 4071 1284 4143 litte1·ae,seu

308 4146 520 4244 pffinsumpco.
539 4185 645 4231 earum
667 4169 817 4245 exempla,
838 4167 931 4228 etiam
948 4167 1104 4243 impressa,
1122 4165 1283 4226 331111333-

540 4271 591 4325 tur
612 4270 642 4324 et
664 4262 852 4324 intimentur
866 4260 1013 4322 omnihus
1028 4265 1058 4320 31
1073 4256 1205 4334 singulis
1221 4271 1286 4318 rne-
1310 4234 1313 4331 l
1339 4257 1409 4334 pido
1441 4255 1560 4333 capitali
1590 4256 1757 4333 superioris
1788 4255 1930 4319 hustriae
1960 4257 2085 4320 civitate

538 4363 730 4418 moratorum
751 4355 913 4428 dadinum,
929 4352 1219 4429 congregationum,
1237 4350 1284 4410 in·
1340 4359 1518 4428 nuncupato
1549 4351 1649 4412 Lincii
1682 4349 1884 4412 Passaviensis
1916 4352 2083 4426 3113333313,

537 4451 720 4512 3111313333
743 4455 773 4510 31
793 4448 986 4520 societatum,
1009 4446 1100 4508 etiarn
1133 4445 1285 4518 133333-
1311 4480 1313 4492 ,
1340 4451 1406 4524 post
1434 4447 1580 4508 diuturna
1606 4445 1774 4522 eademque
1799 4446 2085 4510 33311333313313-

538 4545 709 4623 perioribus
744 4541 940 4619 generalibus
971 4547 1003 4601 et
1034 4502 1313 4616 procuratoribus!
1340 4538 1500 4600 33313333
1532 4537 1692 4601 8331313113
1719 4539 1786 4600 1333
1813 4541 1843 4601 13
1873 4540 2083 4617 septentrione

539 4637 745 4715 generalibus,
765 4637 801 4698 ad
823 4636 879 4697 hoe
894 4642 929 4695 ut
945 4641 1005 4696 tarn
1021 4647 1077 4695 suo
1091 4647 1184 4710 quam
1200 4645 1285 4708 prae·
1310 4606 1313 4717 Ι
1339 4631 1554 4692 ardentissima
1576 4639 1662 4708 3313,
1687 4648 1805 4694 33333
1833 4633 2007 4707 Collegium
2029 4649 2084 4694 seu

1338 3976 1446 4037 3131133
1478 3975 1626 4055 praesidio
1658 3975 1901 4048 consolidemus,
1931 3982 2023 4053 prout
2051 3975 2084 4035 in

1340 4069 1470 4130 Domino
1491 4069 1696 4146 conspicimus
1717 4068 1881 4130 salubriter
1903 4068 2057 4148 expedire.

1330 4222 1334 4237 ,
1379 4163 1398 4235 ἓ
1422 4163 1449 4223 1.
1474 4162 1563 4236 8333,
1586 4162 1664 4223 31331
1690 4162 1777 4224 nobis
1805 4163 1954 4238 innotuit,
1978 4165 2010 4228 ln
2032 4179 2084 4241 op·
2102 4177 2316 4289 gpggrntlngffl-

538 4732 691 4794 dictorum
712 4731 756 4790 eis
774 4729 943 4806 respective
956 4726 1152 4789 subditorum
1168 4740 1222 4785 seu
1239 4723 1284 4783 in-

539 4825 686 4886 13313333
703 4823 830 4884 nonrine
846 4822 923 4899 ipsas
939 4821 1055 4882 litteras
1068 4819 1200 4880 fideliter
1214 4833 1285 4877 exe·

538 4919 590 4996 qui
603 4925 633 4980 el
645 4918 807 4978 ohservare
820 4913 1001 4992 spondeant,
1014 4918 1180 4989 actumque
1193 4927 1284 4988 spon-

538 5012 634 5073 sionis
663 5007 837 5072 huiusmodi
868 5009 898 5068 in
925 5007 1046 5084 scriptis
1075 5006 1214 5076 reddant,
1238 5021 1285 5066 ea-

539 5121 610 5168 rum
632 5119 706 5164 3333
728 5101 868 5178 3333313
891 5099 1040 5178 praedicta
1061 5098 1200 5178 pluribus
1215 5099 1284 5172 viis,

539 5205 655 5275 quanto
676 5196 765 5258 citius
788 5195 854 5255 lieri
878 5193 1003 5272 poterit,
1020 5191 1232 5254 transmittant
1249 5192 1285 5252 ad

1340 4725 1549 4789 Seminarium
1576 4726 1634 4786 snb
1662 4727 1752 4787 titulo
1776 4733 1807 4786 et
1833 4725 2085 4788 denominatione

1341 4821 1437 4882 trium
1459 4819 1512 4882 SS.
1538 4819 1658 4895 Regum
1680 4827 1711 4881 31
1731 4820 1902 4897 Martyrum
1920 4821 2013 4893 lirici,
2031 4820 2085 4886 Ca-

1311 4968 1313 4984 ,
1341 4913 1558 4986 3311310131,
1582 4913 1670 4974 3113
1693 4930 1728 4973 33
1750 4914 1873 4988 nobilis,
1897 4915 2031 4989 ingenua
2054 4917 2085 4974 et

1340 5005 1462 5068 maioris
1477 5006 1541 5084 spei
1561 5006 1707 5068 iuventus
1722 5005 1758 5067 ad
1773 5007 1974 5068 orthodoxam
1991 5007 2084 5068 fidem

1340 5099 1981 5162 333333333131133133131331333313333
1996 5103 2085 5178 operi

1339 5194 1548 5254 convertenda
1564 5209 1602 5254 33
1620 5193 1715 5254 trihus
1730 5194 2024 5271 septentrionalibus
2038 5210 2085 5256 re-

539 5289 662 5351 eosdem
684 5305 754 5350 suos
774 5288 912 5350 subditos
933 5303 987 5348 seu
1010 5285 1169 5346 1313313333
1191 5286 1223 5346 13
1240 5285 1287 5348 Si·
1341 5287 1420 5361 gnis,
1443 5285 1557 5347 scilicet
1579 5285 1696 5361 Svecii,
1720 5287 1824 5360 113313,
1848 5287 2085 5363 3333331333-

539 5382 736 5460 31331113333
758 5378 1285 5458 333313313333133113333333113113
1312 5408 1314 5444 ι
1340 5380 1474 5456 (lemque
1502 5379 1673 5456 respective
1693 5380 1838 5441 subiectis
1869 5381 2033 5458 provinciis
2055 5387 2085 5442 ct

538 5475 778 5552 degentes‚cum
794 5471 1286 5552 3331133131333333331133333133
1312 5454 1314 5529 l
1340 5471 1524 5533 stationibus
1545 5471 1686 5547 oriunda,
1700 5475 1774 5550 paral
1796 5490 1828 5534 ac
1851 5473 1994 5535 catholici
2016 5475 2086 5535 doc-

540 5569 655 5630 litteras
676 5577 707 5629 31
729 5569 760 5630 13
777 5567 820 5628 313
834 5572 980 5628 33313313
995 5581 1208 5645 3333333333
1222 5565 1287 5645 ple·
1341 5565 1433 5640 trini,
1450 5566 1573 5644 pietate,
1597 5566 1698 5642 probis
1714 5567 1911 5644 honestisque
1934 5567 2084 5641 moribus,

539 5663 625 5724 nario
647 5671 677 5724 et
699 5662 832 5737 integre,
856 5677 889 5722 ac
911 5677 996 5735 vere,
1016 5659 1141 5722 realiter
1161 5666 1192 5721 31
1214 5675 1286 5723 333
1340 5659 1429 5721 bonis
1450 5676 1573 5738 quoque
1594 5659 1710 5720 artibus
1732 5669 1762 5720 et
1783 5660 1920 5722 scientiis
1942 5649 2083 5722 orthodo-

539 5755 662 5830 etiectu,
679 5754 710 5816 in
733 5755 877 5816 omnihus
896 5761 926 5816 et
940 5753 1126 5833 peremnia,
1143 5753 1287 5816 similiter
1311 5784 1315 5815 ι
1343 5769 1396 5814 333
1428 5753 1499 5814 fidei
1523 5751 1712 5828 dilatandae,
1741 5752 1864 5830 illisque
1885 5753 1918 5814 in
1947 5753 2085 5832 partibus

1049 5891 1300 5899 ——-————--—--
1315 5893 1321 5897 -
1495 5890 1576 5896 ——-.

581 5967 610 6022 (l)
626 5965 1087 6024 33333333133331333333331113.
1310 5969 1314 6022 ι
1381 5967 1410 6024 le)
1426 5969 1463 6012 n'x
1478 5971 1539 6024 App.
1555 5965 1651 6012 13311).
1667 5966 1699 6011 cla
1713 5969 1738 6010 P.
1755 5967 1781 6010 F.
1797 5977 1854 6024 pag.
1870 5967 1918 6021 139,
1932 5962 2019 6011 331131.
2035 5967 2083 6010 313.
