4866 6980
130 611 192 663 An.
207 612 238 664 G.
261 611 331 664 1678

998 623 1207 672 iunocenrtns
1229 621 1273 668 xl.

360 751 562 828 Regularium
577 751 831 831 praepositorum,
843 751 897 831 qni
908 749 1056 812 dilectum
1069 747 1103 808 ii·

359 843 436 906 lium
450 852 682 923 procuratorem
697 845 873 922 generalem
884 842 1007 908 Ordinis
1018 857 1103 920 prae·

359 939 432 1000 dicti
453 939 652 1014 audiverunt,
674 939 813 1014 consilio,
833 937 1013 1002 auctoritate
1033 952 1105 1014 apo-

358 1031 474 1106 stolicd,
497 1041 606 1096 tenore
630 1033 853 1114 praesentium,
875 1039 1024 1111 perpetuo
1044 1036 1105 1090 sta-

360 1127 476 1189 tuimus
507 1134 538 1188 et
568 1127 759 1202 ordinemne,
782 1134 828 1203 nt,
850 1126 875 1187 si
903 1126 936 1188 in
964 1123 1102 1200 Quitensi

359 1219 409 1284 vel
423 1220 490 1282 aliis
503 1221 662 1283 lndiarum
672 1220 839 1299 provinciis
850 1218 1011 1298 praedictis
1025 1216 1103 1278 elec-

361 1314 401 1374 tio
421 1313 532 1391 prioris
553 1314 750 1392 provincialis
763 1313 839 1376 iacta
853 1313 913 1375 luit
927 1327 982 1390 per
996 1309 1102 1372 suifra-

358 1406 445 1483 ginm
465 1416 621 1470 secretum
642 1424 658 1468 a
680 1407 788 1470 maiori
808 1413 894 1484 parte
918 1405 1101 1477 electorum,

358 1515 454 1578 eaque
468 1517 484 1560 a
499 1500 693 1578 praesidente
707 1499 833 1579 capituli
847 1498 1018 1561 successive
1032 1511 1104 1559 cou-

358 1593 491 1666 tirmata,
524 1609 633 1656 omnes
663 1601 694 1656 et
724 1592 840 1670 singuli
871 1590 1103 1670 provinciarum

358 1687 533 1750 huiusmodi
561 1687 731 1766 respective
757 1685 906 1764 religiosi,
928 1683 1102 1748 cuiuscum-

357 1797 418 1859 que
449 1782 571 1857 gradns,
600 1781 760 1858 dignitatis
782 1787 812 1842 et
833 1779 1018 1842 conditionis
1040 1778 1103 1839 1111-

357 1881 450 1949 stant,
471 1875 530 1937 sub
550 1874 731 1953 privationis
751 1874 835 1937 vocis
856 1873 972 1935 activae
992 1878 1023 1934 et
1036 1886 1102 1949 pas-

356 1969 440 2030 sivae
460 1985 493 2029 11
515 1969 668 2045 graduum
689 1976 720 2030 et
748 1967 935 2044 dignitatum
961 1982 1015 2028 sen
1037 1965 1103 2026 offi-

356 2063 476 2124 ciorum
498 2078 553 2141 per
572 2077 624 2123 eos
645 2063 856 2135 obtentorum,
873 2065 1102 2140 perpetuaeque

356 2154 557 2218 inhabilitatis
577 2156 614 2218 ad
635 2155 685 2216 illa
706 2162 737 2217 et
758 2154 815 2216 alia
830 2154 862 2214 in
877 2161 1035 2231 posterum
1050 2153 1103 2214 ob

356 2249 494 2324 linenda,
512 2266 545 2312 ac
564 2250 659 2310 etiam
674 2248 797 2310 maioris
812 2245 1103 2310 excommunicatio·

356 2347 403 2408 nis
424 2345 531 2424 poenis
552 2345 618 2422 ipso
639 2344 718 2406 iacto
745 2341 951 2415 incurrendis,
976 2348 1101 2403 tenean-

357 2449 408 2502 tur
439 2455 501 2501 non
533 2439 635 2500 solnm
662 2438 700 2500 ab
726 2437 782 2498 1111
813 2437 965 2499 electione
991 2435 1101 2514 prioris

354 2533 550 2612 provincialis
571 2533 736 2605 abstinere,
759 2530 919 2594 sedetiam
935 2529 991 2608 ipsi
1006 2529 1101 2608 priori

355 2627 533 2706 provinciali
554 2643 609 2688 seu
631 2625 742 2688 rectori
761 2623 954 2702 provinciali,
971 2623 1099 2700 aliisque

355 2728 390 2783 nt
409 2737 500 2800 supra
521 2719 692 2798 respective
713 2718 817 2780 electis
832 2726 863 2780 et
877 2717 1038 2792 institutis,
1054 2734 1100 2778 se-

353 2816 424 2877 cuti
454 2813 687 2876 confirmatione
716 2811 847 2890 praelata
867 2827 883 2870 a
905 2811 1100 2889 praesidente

353 2909 440 2982 iacti,
462 2907 595 2969 debitam
625 2906 772 2967 exhihere
802 2904 1009 2967 obedientiam
1038 2913 1098 2965 tam

353 3003 386 3063 in
408 3001 627 3079 temporalibus
641 3015 734 3078 qnam
750 3000 781 3061 in
796 2997 1017 3078 spiritualibus,
1034 3013 1097 3059 non

352 3095 492 3157 obstante
512 3109 706 3173 quacumque
733 3093 955 3173 protestatione
974 3099 1027 3153 aut
1048 3107 1098 3170 ap-

353 3189 518 3268 pellatione
538 3189 632 3250 etiam
658 3195 725 3266 post
751 3187 1020 3250 confirmationem
1041 3185 1097 3247 hu-

352 3280 484 3344 iusmodi
506 3280 651 3344 11111111
673 3280 853 3358 interposite
874 3279 1018 3355 deiero,
1042 3295 1098 3341 nos

351 3374 437 3435 enirn
457 3376 493 3437 ad
513 3375 599 3436 hunc
630 3373 775 3435 ellectum
802 3389 840 3434 ex
861 3373 944 3434 11111
971 3372 1098 3436 scientie

351 3474 382 3528 et
400 3468 437 3528 de
451 3467 630 3546 apostolicae
645 3466 802 3544 potestatis
817 3465 1012 3545 plenitudine
1025 3481 1098 3544 sup·

352 3561 448 3639 pletos
468 3559 603 3636 intelligi
624 3576 657 3622 ac
677 3575 733 3638 pro
753 3560 903 3638 suppletis
924 3559 1030 3620 haberi
1044 3577 1095 3619 vo-

351 3655 454 3716 lumus
485 3670 593 3716 omnes
612 3660 645 3714 et
671 3653 810 3729 singulos
841 3653 915 3713 alios
947 3652 1095 3726 delectus,

351 3749 443 3810 etiam
466 3746 694 3822 substantiales,
717 3747 794 3808 iuris
814 3754 844 3809 et
865 3745 948 3820 lacti,
970 3745 994 3806 si
1016 3745 1095 3806 lorte

350 3839 579 3904 intervenerint
600 3841 633 3902 in
654 3841 835 3920 supradietis
849 3839 1051 3902 electionibus
1066 3847 1096 3900 et

350 3933 646 4009 confirmationibus,
662 3924 791 4012 illasque
809 3949 864 4011 per
885 3948 1096 4012 quoscumque

349 4027 476 4103 iudices,
498 4027 592 4088 etiam
618 4027 719 4106 palatii
751 4026 906 4105 apostolici
927 4029 1094 4102 auditores,

349 4125 448 4202 quoad
470 4137 578 4184 omnes
600 4128 630 4183 et
643 4119 783 4198 singulos
799 4121 874 4183 iuris
889 4122 1028 4196 ellectm,
1045 4123 1095 4183 ha-

260 4286 261 4302 *
349 4216 414 4278 beri
436 4215 607 4278 1111111111
623 4223 780 4292 tamquam
795 4214 935 4291 legitime
948 4213 1095 4276 canonice

322 4375 326 4385 ,
349 4307 451 4384 iactas,
474 4308 602 4371 interim
624 4315 655 4369 et
676 4324 838 4386 quousque
859 4310 894 4370 ad
915 4308 1094 4384 Qnitensem

348 4419 404 4464 seu
433 4401 506 4464 alias
536 4401 693 4464 indiarum
724 4401 897 4480 provincias
928 4401 1095 4480 praedictas

350 4495 518 4575 respective
539 4493 650 4573 prioris
671 4495 823 4572 generalis
845 4495 894 4556 vel
917 4495 1022 4558 vicarii
1043 4511 1093 4572 ge-

348 4589 461 4652 neralis
481 4589 620 4651 eiusdem
640 4588 763 4652 Ordinis
786 4589 1004 4652 determinatio
1026 4606 1095 4667 per-

349 4683 482 4758 venerit,
514 4682 716 4760 legitimeque
737 4683 775 4744 de
803 4684 836 4743 ed
867 4683 1042 4746 constiterit
1062 4693 1094 4747 et

347 4777 488 4840 intimata
507 4776 601 4839 inerit
621 4777 734 4855 quibus
754 4779 792 4840 de
813 4777 880 4838 inre
901 4785 1042 4840 constare
1062 4787 1093 4841 et

348 4871 486 4934 intimari
507 4871 608 4936 debet.
624 4870 748 4945 Quodsi
763 4868 818 4932 lite
832 4870 986 4948 pendente
1000 4889 1093 4950 super

347 4965 505 5028 validitate
524 4981 579 5026 seu
600 4964 744 5026 nullitate
757 4963 882 5041 capituli
897 4965 1093 5042 provincialis

347 5059 397 5121 vel
411 5059 634 5136 cuiuscumque
647 5057 808 5120 electionis
823 5057 917 5119 instet
932 5058 996 5120 dies
1007 5075 1093 5137 prae-

348 5154 427 5214 fixus
440 5151 638 5214 celebrationi
653 5151 728 5212 novi
741 5151 867 5229 capituli
883 5152 1091 5228 provincialis,

347 5247 464 5324 possint
495 5244 705 5322 nihilominus,
727 5251 757 5305 11
786 5253 952 5308 teneantur
982 5261 1092 5308 omnes

347 5339 495 5402 electores
515 5339 551 5400 ad
574 5339 675 5403 locum
703 5338 889 5402 destinatum
910 5340 1090 5413 convenire,

347 5439 388 5508 et,
410 5434 496 5497 iuxta
516 5450 617 5498 sacros
645 5449 789 5507 meones,
813 5433 942 5496 Consilii
964 5433 1090 5496 Triden-

347 5529 404 5592 tini
425 5529 557 5603 decreta,
579 5543 613 5590 ac
634 5527 811 5606 apostolicas
832 5535 863 5590 et
880 5527 954 5590 dicti
968 5527 1090 5590 Ordinis

346 5621 594 5698 constitutiones,
622 5637 742 5685 novum
772 5621 944 5701 capitulum
964 5622 1089 5700 provin-

345 5716 422 5778 ciale
434 5715 611 5778 huiusmodi
626 5715 792 5791 celebrare,
805 5731 873 5788 nec,
889 5715 1009 5776 ratione
1023 5715 1090 5778 talis

346 5809 407 5873 litis
433 5808 619 5890 pendentiae
645 5826 701 5872 seu
728 5809 879 5872 nullitatis
899 5815 1087 5886 praetensae,

1159 745 1324 825 quisquam
1344 753 1450 810 contra
1467 747 1562 827 ipsius
1576 747 1701 829 capituli
1715 746 1904 810 validitatem

1159 855 1262 904 coram
1274 857 1470 920 quocumque
1481 843 1628 907 tribunali
1641 843 1705 906 ullo
1716 845 1807 906 modo
1817 842 1905 921 quid-

1160 951 1253 1013 qnam
1273 951 1429 1015 opponere
1450 937 1555 1015 possit.
1579 937 1725 1015 ldemqne
1745 937 1784 998 sit
1805 943 1837 998 et
1859 936 1904 997 in-

1159 1028 1329 1106 telligatur,
1352 1028 1473 1092 etiamsi
1505 1039 1572 1108 post
1592 1031 1710 1094 dictum
1735 1029 1905 1109 capitulum

1159 1123 1348 1202 provinciale
1377 1133 1612 1201 congregatum,
1635 1141 1689 1187 seu
1720 1123 1781 1186 iam
1803 1137 1905 1202 perac-

1160 1221 1240 1290 tum,
1269 1219 1487 1296 supervenerit
1508 1218 1544 1280 ad
1572 1217 1775 1297 provinciam,
1804 1215 1855 1278 vel
1877 1216 1905 1278 ei

1159 1309 1339 1386 intimetur,
1371 1312 1525 1374 sententia
1557 1312 1762 1376 annullatoria
1794 1309 1905 1390 prioris

1159 1403 1324 1479 generalis,
1347 1405 1397 1466 vel
1428 1405 1533 1468 vicarii
1565 1406 1729 1483 generabo,
1751 1411 1804 1466 aut
1825 1419 1905 1476 nova

1159 1494 1268 1557 electio
1299 1497 1409 1576 prioris
1441 1499 1653 1577 provincialis,
1690 1513 1745 1560 seu
1776 1497 1905 1560 rectoris

1158 1590 1367 1668 provincialis
1389 1591 1585 1672 aliorumque
1610 1593 1804 1670 officialinm3
1827 1607 1905 1670 quae

1158 1683 1262 1744 omnia
1283 1685 1319 1746 ad
1344 1687 1490 1749 ellectum
1522 1687 1702 1750 annullandi
1734 1686 1903 1765 capitulum

1159 1776 1348 1854 provinciale
1368 1787 1602 1858 congregatum,
1625 1787 1657 1842 et
1677 1797 1732 1842 seu
1754 1779 1816 1841 iam
1837 1795 1905 1857 per·

1158 1876 1273 1944 actum,
1296 1881 1388 1949 prout
1419 1875 1630 1952 supradictum
1661 1881 1718 1950 est,
1749 1883 1905 1952 tamquam

1158 1962 1291 2039 inutilia,
1304 1980 1337 2026 ao
1350 1965 1375 2025 si
1391 1966 1569 2030 nullatenus
1584 1975 1790 2043 emanassent,
1802 1968 1904 2030 omni-

1159 2070 1199 2116 no
1225 2055 1395 2120 habeantur
1423 2065 1453 2120 et
1485 2060 1679 2138 iudicentur3
1713 2063 1905 2141 proindeque

1158 2147 1330 2225 praelatum
1361 2152 1532 2230 capitulum
1563 2155 1769 2232 provinciale,
1802 2157 1842 2216 ita
1873 2161 1905 2217 et

1158 2248 1250 2318 prout
1270 2260 1361 2321 supra
1389 2245 1590 2318 celebratum,
1613 2249 1780 2311 abeodem
1801 2249 1904 2328 priore

1156 2351 1210 2396 seu
1224 2335 1336 2398 vicario
1348 2338 1486 2413 generali
1497 2339 1674 2403 confirmari
1686 2343 1803 2417 debeat,
1816 2345 1904 2404 dum-

1157 2429 1248 2490 modo
1269 2430 1341 2492 11111
1355 2433 1502 2496 11111111
1517 2443 1548 2495 11
1563 2435 1702 2512 legitime
1716 2437 1904 2498 celebratum

1156 2523 1207 2584 sit.
1224 2523 1288 2586 Nec
1304 2526 1348 2604 (l)
1363 2533 1467 2588 tamen
1483 2544 1521 2590 111
1535 2531 1594 2591 hoc
1608 2529 1717 2608 aliquis
1733 2531 1797 2592 ullo
1813 2532 1904 2592 morlo

1156 2618 1346 2680 occasionem
1366 2637 1491 2683 sumere
1513 2623 1606 2700 possit
1630 2623 1782 2685 malitiose
1803 2624 1905 2686 occul·

1158 2711 1252 2786 tandi,
1267 2711 1417 2795 alterandi
1433 2731 1488 2776 seu
1503 2714 1665 2778 differendi
1680 2717 1904 2780 exhibitionem

1156 2811 1187 2865 et
1214 2805 1454 2883 publicationem
1486 2826 1756 2890 quarumcumque
1787 2812 1904 2874 littera-

1156 2913 1227 2960 rum
1249 2901 1282 2960 in
1303 2901 1415 2978 quibus
1436 2904 1632 2966 contineatur
1659 2906 1832 2968 annullatio
1853 2907 1902 2967 vel

1156 3008 1235 3054 nova
1256 2995 1370 3056 creatio
1391 2995 1563 3058 electorum
1586 3005 1654 3061 tum
1675 3000 1820 3078 incapite
1835 3009 1901 3062 tum

1155 3085 1187 3147 in
1210 3088 1369 3163 membris,
1391 3089 1417 3150 si
1437 3089 1540 3152 forsan
1561 3109 1577 3152 1
1599 3093 1702 3169 priore
1723 3093 1773 3156 vel
1788 3095 1902 3156 vicario

1154 3179 1294 3256 generali
1325 3181 1366 3243 ita
1398 3185 1558 3260 provisum
1589 3185 1641 3262 sit,
1675 3193 1818 3250 teneatur
1844 3189 1902 3249 sub

1154 3275 1271 3336 eisdem
1292 3276 1399 3353 poenis
1420 3283 1452 3338 et
1472 3280 1612 3351 censuris
1634 3280 1698 3356 ille,
1720 3281 1840 3343 etiamsi
1861 3281 1902 3343 sit

1154 3367 1239 3444 prior
1258 3369 1457 3447 provincialis
1479 3373 1614 3448 actualis,
1637 3375 1673 3436 ad
1688 3375 1775 3436 cuius
1790 3390 1901 3437 manus

1153 3461 1286 3546 litteras
1304 3461 1482 3524 huiusmodi
1517 3467 1683 3544 pervenire
1715 3469 1898 3545 contigerit,

1153 3553 1231 3632 ipsas
1252 3556 1449 3619 maniiestare
1470 3559 1520 3620 vel
1541 3559 1687 3622 intimare
1702 3561 1745 3622 illi
1763 3562 1811 3622 vel
1829 3562 1899 3637 illis,

1152 3649 1263 3725 quibus
1285 3650 1323 3711 de
1336 3650 1407 3712 iure
1420 3651 1611 3715 manifestari
1626 3671 1681 3716 seu
1696 3655 1833 3716 intimari
1848 3655 1899 3718 de-

1153 3740 1236 3804 bent.

1191 3836 1210 3908 ἓ
1231 3835 1260 3896 1.
1285 3837 1444 3915 Ceterum,
1467 3848 1502 3903 ut
1517 3857 1610 3904 nemo
1625 3845 1833 3922 praesentium
1850 3845 1899 3907 lit-

1154 3934 1288 3990 terarum
1320 3931 1527 4007 ignorantiam
1559 3937 1760 4014 praetendere
1791 3939 1897 4017 possit,

1153 4021 1296 4084 volumus
1319 4031 1353 4086 ut
1374 4024 1455 4102 illae,
1477 4029 1583 4090 statim
1603 4037 1695 4108 atque
1716 4033 1751 4094 ad
1771 4033 1899 4108 0111111-

1151 4131 1216 4176 som
1238 4116 1350 4179 aliasve
1372 4119 1531 4184 indiarum
1554 4125 1724 4202 provincias
1751 4127 1898 4204 praelatas

1151 4211 1321 4288 respective
1351 4216 1566 4292 pervenerint,
1598 4217 1807 4296 publicentur,
1830 4237 1897 4298 per-

1151 4304 1314 4383 petuisque
1343 4305 1457 4369 suturis
1488 4311 1679 4388 temporibus
1705 4313 1739 4374 in
1766 4313 1897 4390 singulis

1849 607 1884 670 13
1936 605 2034 660 110.
2056 607 2124 659 1678

1945 3853 2088 3902 clausulae.

1150 4397 1331 4460 earumdem
1352 4401 1584 4478 provinciarum
1610 4404 1751 4482 capitulis
1772 4409 1898 4485 provin·
1974 4455 1978 4468 .

1149 4490 1288 4568 cialibuS,
1311 4503 1378 4572 post
1409 4496 1654 4573 recognitionem
1682 4499 1895 4576 praesidentis,

1150 4583 1224 4662 ipse,
1246 4594 1412 4665 antequam
1433 4591 1469 4651 ad
1490 4589 1623 4668 aliquam
1645 4591 1831 4655 electionem
1845 4595 1896 4656 de·

1151 4680 1306 4755 veniatur,
1341 4687 1482 4744 teneatur
1512 4687 1658 4746 mandare
1687 4695 1721 4748 ut
1749 4688 1895 4750 omnibus

1148 4773 1358 4851 capitulariter
1386 4779 1581 4854 congregatis
1610 4780 1692 4858 ipsae
1719 4789 1895 4859 praesentes

1148 4865 1270 4930 litterae
1291 4870 1353 4931 uni
1374 4886 1446 4932 curn
1467 4871 1594 4950 reliquis
1621 4873 1894 4938 constitutionibus

1148 4961 1186 5022 de
1205 4977 1293 5024 more
1314 4963 1453 5040 legendis
1481 4965 1642 5044 legantnr;
1674 4968 1757 5029 sarva
1790 4976 1893 5030 tamen

1147 5070 1269 5134 semper
1289 5057 1322 5118 in
1350 5058 1523 5135 praemissis
1550 5061 1731 5130 auctoritate
1758 5063 1895 5138 Congre-

1148 5148 1280 5224 gationis
1301 5159 1546 5214 memoratorum
1568 5155 1787 5217 cardinalium.

1188 5243 1207 5317 ἓ
1227 5243 1256 5304 5.
1281 5246 1489 5310 Decernentes
1509 5249 1631 5311 easdem
1647 5259 1822 5328 praesentes
1844 5251 1894 5313 lit-

1150 5342 1227 5396 teras
1242 5353 1365 5417 semper
1379 5341 1493 5417 tirmas,
1506 5343 1619 5406 validas
1634 5351 1665 5407 et
1679 5346 1814 5409 efficaces
1829 5351 1893 5410 exi-

1147 5437 1228 5493 stere
1249 5441 1279 5494 et
1295 5433 1371 5512 lore,
1387 5451 1520 5515 suosque
1541 5438 1694 5516 plenarios
1709 5448 1739 5502 et
1753 5441 1891 5518 integros

1147 5529 1273 5591 effectus
1299 5529 1403 5592 sortiri
1431 5538 1462 5592 et
1490 5533 1649 5610 obtinere,
1682 5551 1716 5595 ac
1746 5535 1822 5610 illis,
1855 5538 1893 5599 ad

1147 5637 1224 5701 quos
1244 5630 1359 5702 spectat
1383 5633 1414 5686 et
1439 5641 1493 5704 pro
1514 5633 1655 5705 tempore
1682 5627 1891 5706 quandocum-

1146 5732 1207 5794 que
1236 5717 1395 5795 spectabit,
1418 5718 1450 5780 in
1479 5719 1623 5782 omnibus
1645 5729 1676 5784 et
1701 5738 1757 5801 per
1787 5723 1891 5786 omnia

1146 5809 1324 5889 plenissime
1352 5811 1523 5891 suilragari,
1546 5819 1576 5876 et
1598 5815 1699 5878 abeis
1721 5817 1891 5895 respective

853 5945 1383 5972 --....-...-.-...,,.....

385 6021 415 6077 (1)
430 6022 521 6068 Potius
534 6023 592 6079 lega
606 6024 649 6068 Ne.
