4866 6980
961 616 1171 662 tuttoctcttrtds
1194 617 1236 661 xl.

316 752 333 794 a
354 733 408 795 ιιι
429 733 634 796 conversione
659 733 836 807 undecimo,
866 731 973 794 multis
994 747 1066 794 cum

316 827 463 906 periculis
487 827 559 899 iter,
583 833 618 888 ut
640 825 765 887 Soldani
792 827 995 904 praesentiam
1017 826 1067 888 ad·

316 921 387 996 iret,
411 920 570 982 ferventer
596 934 758 996 aggressus
780 920 850 992 luit,
874 927 904 982 et
927 919 1066 998 quinque

316 1013 604 1077 observantissimos
634 1011 744 1074 iratres
765 1015 801 1074 ad
833 1012 1066 1074 lliramolinum

316 1107 494 1181 destinavit,
517 1112 563 1180 ut,
586 1105 650 1184 ipse
671 1103 817 1181 Orientis,
834 1105 880 1167 illi
895 1105 1066 1169 Occidentis

317 1200 437 1280 populis
458 1199 582 1262 salubre
605 1198 718 1261 Christi
740 1198 950 1277 praedicantes
972 1214 1067 1260 evan-

318 1295 447 1374 gelium,
470 1293 625 1355 mnndum
647 1290 732 1369 quasi
754 1297 858 1352 totum
877 1291 912 1351 ad
927 1297 1066 1353 sanctam

318 1391 411 1452 sidem
442 1393 674 1460 converterent,
703 1385 736 1444 in
765 1402 825 1463 qua
855 1384 1066 1446 sollicitudine

317 1480 396 1544 Ordo
417 1487 534 1554 noster,
557 1487 592 1543 ιι
612 1491 652 1540 ιι
667 1477 906 1557 quamplurimis
922 1475 1066 1540 Summo-

317 1591 389 1636 rum
409 1574 596 1636 Pontificum
617 1571 834 1652 diplomatibus
855 1575 990 1648 apparet,
1011 1583 1066 1646 per

317 1670 514 1732 observantes
534 1665 756 1738 missionarios,
773 1680 789 1725 a
809 1662 873 1724 suis
888 1661 1065 1740 primordiis

252 1753 258 1762 ’
317 1767 353 1828 ιιι
374 1777 472 1841 usque
493 1775 637 1840 praesens
665 1765 787 1836 tempus
815 1755 1000 1818 mirabiliter
1022 1753 1064 1815 ei-

317 1858 418 1921 lulsit:
442 1854 589 1934 praedicti
616 1853 757 1914 muneris
778 1850 811 1913 in
833 1847 989 1928 seraphina
1009 1863 1064 1908 no-

317 1952 378 2014 ιιιι
391 1949 544 2026 religione
555 1944 782 2008 conservationi
794 1960 828 2004 ac
838 1941 964 2021 praelati
976 1957 1063 2003 exer-

316 2045 380 2107 citii
402 2043 587 2105 missionum
608 2037 750 2101 laudabili
777 2037 971 2099 incremento
992 2049 1064 2097 con·

239 2147 242 2153 ·
315 2138 418 2200 ιιιιιι
448 2135 667 2206 desiderantes,
700 2127 980 2192 consultationibus
1011 2144 1064 2190 ne·

316 2229 452 2295 cessariis
480 2226 683 2307 praehabitis,
712 2231 835 2286 mature
869 2221 1064 2285 decrevimus

317 2325 371 2387 tibi
392 2323 580 2404 praecipere,
603 2327 695 2398 prout
724 2325 832 2380 tenore
852 2315 1063 2394 praesentium

315 2433 388 2481 cum
409 2416 520 2478 merito
541 2413 681 2474 salutaris
702 2409 895 2472 obedientiae
916 2407 1063 2487 praecipi·

315 2527 397 2585 mus,
420 2517 467 2584 ut,
484 2517 642 2584 umquam
662 2503 891 2566 commissarius
912 2503 948 2563 ad
969 2500 1064 2562 inira-

314 2607 426 2683 scripta
446 2601 616 2678 delegatus
639 2614 693 2678 per
718 2595 892 2676 provincias
913 2594 946 2656 in
969 2593 1063 2656 ultra·

315 2698 472 2764 montanis
503 2708 674 2772 regnorum
694 2707 729 2752 ac
754 2689 931 2752 insularum
959 2689 1064 2767 llispa-

314 2795 383 2858 niae
404 2791 542 2870 partibus
564 2795 688 2850 nostrae
703 2783 896 2846 obedientiae
910 2783 1063 2844 subiectas

313 2887 421 2951 sedulo
442 2885 623 2953 circumeas,
645 2885 850 2954 sanctumque
877 2876 1063 2938 missionum

314 2979 528 3042 ministerium
550 2975 582 3036 in
604 2969 792 3044 civitatibus,
810 2969 883 3032 locis
904 2976 936 3030 ιι
956 2967 1063 3030 ιιιιιι-

314 3074 350 3136 lis
365 3072 421 3134 tibi
436 3067 590 3132 benevisis
604 3067 642 3129 de
657 3079 811 3126 consenso
826 3061 1061 3126 ordinariorum

312 3181 466 3239 caeream,
489 3179 522 3223 ac
543 3159 714 3238 religiosos,
744 3173 821 3236 quos
854 3157 886 3218 in
919 3155 1061 3234 praelatis

312 3257 481 3340 provinciis
496 3255 666 3318 adsacrum
681 3251 865 3314 missionum
877 3248 1061 3310 exercitium

312 3363 343 3417 et
365 3348 633 3416 conservationem
652 3343 779 3407 idoneos
794 3342 959 3421 repereris,
976 3343 1011 3404 ad
1026 3341 1062 3402 il-

311 3446 367 3510 lud
398 3442 650 3522 amplectendum
683 3437 840 3500 exhortari
871 3451 1061 3514 monereque

312 3555 411 3613 cures,
434 3545 465 3599 et
486 3551 549 3609 eos,
572 3533 626 3612 qni
647 3531 749 3592 divinat
772 3529 943 3608 inspirante
965 3529 1060 3604 gratia

308 3633 423 3712 ‘sponte
444 3631 476 3692 in
498 3637 599 3706 partes
630 3625 789 3688 indiarum
810 3623 857 3684 ιιι
887 3622 1074 3698 voluerint,

310 3725 493 3790 charitative
520 3719 660 3798 recipias,
683 3735 716 3780 ac
741 3719 776 3780 ad
802 3715 974 3795 praelatum
997 3716 1060 3778 lau·

311 3819 412 3881 dabile
431 3832 548 3879 munus
570 3814 667 3876 nostri
689 3811 816 3872 nomine
831 3811 987 3872 destinare
1001 3809 1061 3871 sol-

312 3913 421 3986 licitae,
444 3910 623 3986 eisdemque
644 3921 699 3984 per
722 3911 787 3965 tuas
817 3903 935 3964 litteras
957 3919 1059 3964 unum

311 4021 350 4066 ex
376 4001 549 4066 seminariis
579 4013 634 4060 seu
666 3995 804 4073 collegiis
836 3995 867 4056 in
897 3994 1059 4073 Hispaniae

310 4106 402 4177 atque
425 4095 583 4157 indiarum
604 4089 742 4170 partibus
763 4087 875 4150 erectis
891 4095 922 4149 et
938 4089 1059 4164 erigen-

311 4193 367 4265 dis,
391 4191 477 4252 tuna
496 4192 609 4248 statuta
624 4201 640 4244 a
654 4182 846 4244 sanctissimo
861 4181 987 4244 domino
1004 4197 1059 4242 no·

310 4295 375 4348 stro
386 4281 568 4346 innocentio
580 4279 631 4341 lli.
646 4277 695 4339 die
707 4291 761 4337 vn.
774 4275 845 4336 maii
859 4289 1055 4336 nnccxxxvr.

310 4378 485 4458 approbata,
502 4374 656 4449 assignare
678 4369 803 4450 poteris,
827 4369 948 4446 ipsique
969 4369 1001 4429 in
1023 4368 1059 4429 il·

309 4473 362 4536 lud
384 4461 420 4533 ad
441 4468 627 4530 morandum
647 4464 750 4525 statim
766 4462 914 4542 proficisci
932 4471 1057 4524 tenean-

309 4576 371 4630 tur.
395 4565 445 4639 Et,
469 4578 509 4624 ne
530 4561 563 4622 in
586 4569 648 4622 tam
669 4565 774 4620 sancto
795 4572 889 4634 opere
909 4557 1057 4618 meritum

309 4658 502 4722 obedientiae
529 4655 619 4727 desit,
648 4651 804 4725 omnibus,
827 4650 891 4729 qui,
915 4657 950 4711 ut
972 4667 1057 4728 prae-

309 4753 421 4826 lertur,
442 4766 476 4811 se
496 4755 608 4826 sponte
629 4744 812 4817 obtulerint,
830 4752 860 4805 et
881 4743 939 4805 sub
959 4743 1057 4806 torma

309 4844 442 4924 praelata
463 4841 500 4902 ad
514 4839 638 4918 aliquod
654 4855 693 4899 ιιι
706 4836 880 4898 seminariis
895 4837 1057 4914 praedictis

308 4939 427 5001 luerint
453 4934 609 5009 destinati,
631 4932 668 4993 ad
689 4930 839 4992 meritum
864 4930 1057 4992 obedientiae

309 5030 530 5110 praecipimus,
563 5033 598 5088 ut
631 5025 802 5105 praelatum
834 5023 951 5085 iteret
981 5039 1057 5101 ιιιι

308 5123 451 5202 exemplo
462 5120 683 5198 discipulorum
696 5117 810 5182 Christi
822 5116 957 5190 Domini,
971 5116 1056 5178 iuxta

309 5217 538 5296 praedictorum
552 5219 741 5274 statutorum
755 5210 989 5288 praescriptum,
1006 5210 1056 5270 de·

308 5319 381 5371 vote
392 5313 598 5384 exequantur,
611 5311 763 5382 procerte
777 5309 948 5381 sperantes,
961 5302 1055 5380 quod,

307 5404 388 5464 sicut
409 5401 442 5461 in
469 5399 573 5461 labore
598 5414 650 5459 ιιι
671 5397 784 5458 imitati
811 5395 939 5470 luerint,
963 5395 1056 5456 itaet

307 5495 341 5556 iu
364 5491 500 5572 praemio
520 5491 564 5550 eis
589 5490 800 5563 sociabuntur,
824 5504 878 5566 per
902 5489 1055 5549 eamdem·

249 5602 252 5608 ’
307 5602 369 5666 que
390 5583 609 5656 obedientiam,
632 5599 666 5644 ac
686 5582 744 5644 sub
766 5581 872 5660 poenis
889 5580 922 5642 in
938 5595 1055 5642 memo-

307 5677 381 5740 ratis
401 5677 523 5739 statutis
545 5695 561 5738 a
580 5675 691 5738 Sancta
706 5674 784 5738 Sede
798 5675 970 5753 approbatis
984 5689 1055 5736 con·

309 5772 420 5846 tentis,
450 5770 594 5832 omnibus
621 5769 719 5830 nostri
746 5769 869 5832 Ordinis
890 5767 1053 5842 tratribus,

307 5865 532 5942 cuiuscumque
554 5862 677 5940 gradus,
700 5862 887 5926 conditionis
908 5871 939 5924 et
960 5861 1055 5922 ιιιιι-

308 5958 452 6021 mationis
477 5959 552 6032 sint,
575 5957 791 6036 praecipimus,
814 5965 861 6031 ut,
883 5957 940 6020 sub
968 5955 1055 6018 nullo

1123 740 1297 810 praetexto,
1321 733 1422 812 specie
1446 741 1499 796 aut
1520 735 1633 810 colore,
1656 753 1688 796 ac
1709 735 1767 796 sub
1787 734 1873 798 nulla

1124 825 1232 902 ιιι-ιιι,
1255 827 1350 890 dictos
1382 827 1503 901 iratres,
1527 845 1542 888 a
1566 837 1606 902 te,
1626 837 1665 890 ut
1686 828 1871 906 praefertur,

1122 919 1251 981 selectos
1273 927 1303 981 ιι
1324 920 1482 994 admissos,
1512 921 1684 996 detineant,
1713 921 1873 984 retrahant

1122 1027 1177 1072 seu
1199 1011 1380 1090 impediant,
1400 1015 1451 1074 sed
1474 1014 1577 1092 potius
1592 1029 1643 1076 eos
1657 1015 1761 1076 statim
1776 1013 1871 1076 licen-

1122 1103 1212 1180 tient,
1228 1111 1259 1166 et
1279 1106 1312 1166 in
1327 1105 1492 1168 seminaria
1507 1106 1591 1168 abire
1606 1107 1800 1186 permittant,
1817 1123 1873 1184 pro

1122 1213 1183 1274 quo
1212 1203 1274 1258 tam
1305 1199 1452 1262 euntibus
1479 1215 1572 1278 quam
1604 1200 1871 1278 permittentibus,

1120 1289 1332 1367 suadentibus,
1355 1299 1408 1354 aut
1435 1291 1673 1370 cooperantibus
1701 1293 1798 1354 sancti
1819 1293 1872 1354 Pa·

1122 1386 1176 1444 tris
1197 1387 1296 1447 nostri
1328 1385 1576 1448 benedictionem
1608 1385 1811 1448 libentissime
1833 1402 1871 1448 ex

1122 1493 1207 1540 nunc
1227 1485 1259 1542 ιι
1279 1494 1335 1556 ιιι
1363 1487 1438 1542 tunc
1467 1479 1675 1556 impartimur.
1708 1481 1806 1541 'luam
1829 1487 1872 1541 ta-

1122 1587 1195 1632 men
1211 1572 1431 1634 conscientiam
1446 1587 1611 1654 oneramus
1626 1571 1661 1632 ad
1678 1573 1746 1648 hoc,
1764 1579 1798 1634 ut
1813 1572 1872 1634 sol·

1120 1663 1236 1726 licitam
1258 1681 1364 1726 curam
1386 1664 1540 1740 adhibeas,
1562 1681 1602 1727 ne
1630 1665 1768 1742 religiosi
1789 1665 1871 1728 inca-

1121 1773 1219 1836 paces,
1242 1773 1351 1836 parum
1373 1757 1487 1832 idonei,
1504 1757 1554 1819 vel
1576 1759 1609 1820 in
1632 1759 1772 1820 moribus
1791 1759 1871 1837 apud

1119 1866 1188 1912 suas
1219 1850 1394 1928 provincias
1426 1851 1506 1912 male
1534 1851 1712 1926 audientes,
1742 1853 1779 1913 ad
1807 1859 1871 1912 tam
1906 1909 1910 1916 .

1120 1949 1263 2004 sanctum
1284 1959 1361 2020 opus
1392 1950 1607 2020 assumantur;
1635 1945 1678 2004 sic
1699 1943 1785 2006 enim
1806 1943 1870 2004 ani-

1120 2053 1243 2098 marum
1273 2037 1365 2099 saluti
1396 2037 1590 2112 consuletur,
1618 2047 1650 2099 ιι
1672 2035 1815 2099 fidelibus
1837 2055 1871 2099 ac

1120 2129 1297 2193 infidelibus
1324 2129 1539 2192 scandalorum
1567 2131 1684 2192 occasio
1712 2147 1777 2192 non
1799 2131 1869 2193 sub

1121 2223 1357 2285 ministrabitur.
1382 2224 1431 2298 Et,
1455 2239 1495 2284 ne
1517 2223 1644 2302 praelati
1671 2223 1779 2284 tratres
1800 2241 1815 2283 a
1839 2232 1869 2285 ιι

1120 2315 1236 2390 selecti,
1252 2315 1328 2379 dum
1349 2323 1453 2378 tecum
1469 2317 1640 2392 minnere,
1657 2333 1689 2378 ac
1705 2323 1791 2378 extra
1810 2317 1869 2378 col-

1119 2408 1198 2485 legia
1230 2409 1496 2471 missionariorum
1518 2409 1550 2470 in
1572 2410 1721 2472 exercitio
1752 2409 1872 2472 missio·

1120 2517 1198 2564 num
1220 2502 1331 2564 morati
1352 2501 1480 2576 luerint,
1503 2501 1617 2580 absque
1634 2509 1755 2580 pastore
1770 2519 1869 2564 rema·

1120 2603 1225 2671 noant,
1247 2595 1305 2657 tibi
1327 2593 1541 2673 praecipimus,
1565 2601 1600 2657 ut
1621 2596 1664 2658 eis
1687 2597 1812 2673 praesis,
1835 2595 1871 2656 il-

1119 2689 1218 2766 lisque
1239 2705 1294 2767 per
1310 2689 1519 2750 obedientiam
1536 2689 1744 2765 iniungimus,
1762 2697 1797 2752 ut
1812 2690 1869 2752 tibi

1120 2789 1277 2860 tamquam
1298 2799 1354 2844 suo
1374 2797 1447 2843 vero
1464 2799 1497 2844 ac
1512 2781 1653 2858 legitimo
1669 2783 1803 2861 praelato
1818 2785 1869 2846 de·

1119 2878 1219 2955 legato
1250 2879 1282 2941 in
1315 2879 1459 2941 omnibus
1487 2887 1518 2940 et
1547 2894 1601 2957 per
1632 2880 1747 2955 omnia,
1776 2896 1867 2942 aceo

1117 2973 1219 3048 modo,
1242 2987 1303 3050 quo
1330 2971 1418 3034 nobis
1447 2971 1711 3050 obtemperarent,
1734 2973 1759 3034 si
1781 2989 1869 3051 prae·

1115 3072 1220 3128 sentes
1241 3079 1389 3140 essemus,
1412 3072 1539 3144 pareant
1558 3073 1589 3126 et
1604 3065 1758 3128 obediant.
1777 3067 1866 3129 Prae-

1116 3166 1199 3220 terea
1221 3159 1276 3220 tibi
1297 3157 1476 3220 laenitatem
1498 3158 1731 3222 transmittendi
1749 3160 1782 3222 in
1798 3177 1866 3238 pro·

1116 3253 1196 3330 prias
1216 3251 1390 3330 provincias
1411 3251 1571 3328 religiosos
1593 3251 1661 3312 illos
1683 3251 1744 3314 iam
1762 3269 1866 3332 recep·

1117 3353 1162 3406 tos
1183 3353 1215 3408 ιι
1235 3346 1268 3406 in
1290 3345 1392 3423 aliquo
1414 3345 1544 3422 collegio
1566 3345 1706 3406 nondum
1724 3345 1865 3425 incorpo-

1115 3445 1207 3514 ratos,
1230 3453 1306 3516 quos
1327 3436 1479 3498 inhabiles
1499 3437 1550 3498 val
1568 3437 1673 3500 minus
1687 3438 1814 3501 idoneos
1829 3442 1865 3502 ad

1115 3532 1300 3594 missionum
1318 3545 1434 3592 munus
1449 3531 1662 3609 peragendum
1677 3549 1866 3609 recognove-

1114 3625 1167 3700 ris,
1190 3631 1221 3686 et
1243 3623 1411 3700 recipiendi
1432 3623 1506 3684 alios
1528 3623 1593 3685 loco
1615 3623 1754 3700 illorum,
1778 3641 1865 3704 prae·

1114 3719 1293 3780 memoratis
1324 3716 1445 3782 statutis
1478 3715 1669 3779 inhaerendo
1697 3725 1865 3780 eteorum

1114 3809 1342 3872 observantiam
1367 3807 1622 3885 commendanda
1647 3809 1785 3887 plenarie
1808 3811 1864 3874 im-

1114 3905 1278 3982 partimur.
1302 3903 1340 3964 Et
1361 3902 1387 3963 si
1408 3901 1517 3979 aliquis
1539 3917 1556 3963 ι
1576 3903 1665 3964 sociis
1687 3903 1761 3978 tuis,
1778 3905 1865 3966 vele

1113 3996 1312 4058 missionariis
1343 3996 1528 4056 missionum
1559 3995 1707 4057 exercitio
1728 3999 1864 4060 vacanti-

1113 4091 1182 4166 bus,
1206 4091 1237 4151 in
1259 4077 1477 4151 infirmitatem
1498 4096 1584 4150 extra
1605 4087 1772 4164 collegium
1788 4091 1865 4153 ceci-

1114 4185 1206 4258 derit,
1229 4183 1317 4246 acin
1339 4181 1442 4260 aliquo
1464 4197 1503 4242 ιι
1516 4181 1725 4243 conventibus
1740 4190 1864 4244 nostrae

1113 4277 1305 4340 obedientiae
1325 4273 1470 4336 subiectis
1502 4273 1655 4335 demorari
1683 4275 1861 4351 contigerit,

1112 4369 1258 4448 praedicti
1280 4374 1454 4430 conventus
1474 4365 1615 4444 superior
1633 4383 1667 4428 ac
1681 4367 1776 4428 ceteri
1791 4367 1862 4430 reli-

1113 4463 1188 4540 giosi
1204 4461 1295 4524 illum
1309 4477 1409 4539 usque
1423 4459 1459 4519 ad
1471 4457 1636 4536 perlectam
1648 4459 1861 4523 valetudinem

1111 4571 1230 4630 curare,
1252 4563 1284 4616 ιι
1305 4555 1333 4616 ιι
1355 4554 1440 4616 iuxta
1462 4551 1601 4630 regulam
1624 4551 1776 4616 inservire
1796 4571 1861 4617 om·

1111 4651 1186 4713 nino
1207 4649 1272 4711 sint
1292 4647 1438 4709 adstricti.

1151 4743 1280 4822 insuper
1303 4741 1356 4804 tibi
1379 4741 1600 4820 permittimus,
1621 4739 1713 4822 quod,
1730 4743 1756 4804 si
1771 4759 1860 4821 prop·
1879 4759 2091 4870 suffissrggssifsaffi

1879 4865 1946 4912 aliis.

1113 4847 1159 4901 ter
1180 4852 1323 4913 magnam
1345 4835 1531 4910 distantiam,
1547 4845 1599 4898 aut
1619 4837 1754 4914 aliquam
1769 4836 1859 4898 aliam

1110 4946 1243 5005 causam,
1259 4929 1295 4995 ad
1314 4928 1429 5006 aliquas
1443 4944 1481 4988 ιι
1496 4929 1669 5006 praelibatis
1685 4930 1861 4992 ultramon-

1110 5025 1190 5086 tanis
1211 5031 1243 5086 et
1265 5022 1399 5084 lndianis
1414 5021 1582 5100 provinciis
1598 5022 1799 5100 personaliter
1814 5023 1859 5085 ire

1112 5134 1175 5179 non
1206 5116 1355 5195 potueris,
1389 5114 1602 5177 auctoritatem
1624 5117 1660 5176 ad
1682 5116 1788 5176 omnia
1809 5115 1859 5176 illa

1110 5211 1294 5290 peragenda,
1311 5226 1389 5287 quae
1411 5209 1590 5269 immediate
1605 5208 1719 5271 laceres
1734 5209 1759 5269 si
1775 5224 1861 5286 prae-

1109 5305 1281 5366 sentialiter
1312 5306 1441 5377 adesses,
1471 5301 1561 5364 alicui
1595 5302 1644 5364 vel
1666 5302 1860 5380 aliquibuse

1110 5398 1199 5459 sociis
1222 5396 1293 5470 tuis,
1316 5401 1369 5457 aut
1390 5395 1480 5456 alteri
1501 5395 1634 5458 enostri
1650 5395 1772 5458 Ordinis
1787 5396 1860 5456 mis-

1109 5489 1261 5564 sionariis,
1284 5504 1356 5550 cum
1377 5488 1595 5566 superioritate
1617 5497 1647 5550 et
1665 5488 1859 5550 facultatibus

1110 5584 1165 5644 tibi
1191 5583 1224 5643 in
1252 5582 1464 5661 praesentibus
1497 5581 1607 5644 litteris
1638 5582 1802 5656 concessu,
1826 5582 1859 5642 in

1109 5677 1253 5738 omnibus
1275 5685 1305 5738 et
1325 5675 1498 5754 peremnia
1513 5677 1715 5752 subdelegnre
1729 5692 1762 5737 ac
1776 5692 1859 5737 com·

1109 5771 1269 5832 manicare
1291 5771 1406 5832 valeas:
1431 5769 1484 5831 ille
1505 5777 1612 5831 autem
1634 5769 1684 5830 vel
1705 5769 1750 5830 illi
1769 5770 1858 5831 alteri

1107 5863 1308 5940 subdelegare
1330 5863 1509 5926 nullatenus
1525 5870 1684 5940 poterunt.
1701 5863 1767 5938 Ono
1782 5879 1858 5924 vero

1108 5955 1146 6018 ad
1166 5956 1338 6032 lacultates,
1360 5957 1507 6020 volumus
1529 5964 1560 6018 et
1583 5963 1691 6018 tenore
1715 5973 1859 6035 praesen-

1813 600 1850 663 75
1904 597 1958 652 An.
1973 601 2002 652 0.
2024 601 2093 652 1686
