4836 6998
115 579 171 636 An.
186 583 216 636 (l.
238 581 306 636 1730

970 595 1167 644 bunebicrus
1189 593 1258 645 xiil.

337 733 391 779 rus
413 716 648 795 capitularium,
672 733 710 778 ex
731 733 867 797 quorum
889 717 1009 794 gremio
1030 732 1085 778 seu

336 826 465 892 corpore
482 811 649 874 electiones
671 811 828 874 faciendae
849 812 1027 884 veniebant,
1051 826 1087 871 eo

337 906 437 966 maior
456 903 536 966 foret
558 905 682 967 libertas
704 905 903 979 electionum,
926 920 1025 983 eoque
1047 903 1087 964 la·

337 997 425 1060 cilius
447 998 508 1076 apli
530 1007 560 1061 et
581 998 684 1060 idonei
712 997 855 1060 officiales
876 998 968 1074 deligi
991 1005 1022 1058 61
1043 1013 1088 1058 66-

337 1091 419 1154 sumi
440 1091 598 1154 valerent:
633 1091 790 1154 emanavit
811 1091 849 1152 ab
870 1091 976 1152 eadem
1009 1090 1087 1153 Con-

339 1185 518 1261 gregatione
545 1184 756 1248 cardinalium
785 1185 944 1247 decretum
972 1184 1088 1245 terioris

338 1278 391 1355 qui
413 1277 565 1356 sequitur,
587 1276 750 1339 videlicet:

184 1478 318 1521 nesiorum
379 1464 467 1529 Sacra
490 1465 1088 1542 (1666666666Ε66166611661616666161

104 1530 238 1585 praelatae
259 1531 309 1574 con

104 1583 271 1639 gregatiuuis.

312 1552 682 1622 'Reverendissimorum
704 1545 794 1622 6111.
816 1559 851 1619 E.
877 1557 1088 1620 cardinalium

338 1651 471 1728 negotiis
503 1661 533 1714 et
560 1651 838 1712 consultationibus
866 1651 1088 1728 Episcoporiim

338 1753 369 1808 61
391 1745 592 1822 Regularium
608 1745 790 1823 praeposita,
807 1745 841 1806 ad
857 1759 950 1822 quam
964 1743 1090 1804 sanctis·

337 1840 434 1901 simus
456 1839 599 1900 dominus
622 1845 727 1900 noster
749 1838 928 1900 instantiam
957 1835 1088 1909 remisit,

242 1935 244 1938 ’
340 1932 441 1995 audita
460 1931 609 1992 relatione
625 1932 718 2010 patris
734 1931 941 2009 procuratoris
963 1943 1090 2004 genera·

339 2026 387 2100 lis,
405 2031 434 2086 et
449 2031 568 2086 attento
589 2023 737 2101 suffragio
758 2023 997 2085 eminentissimi
1017 2023 1089 2084 Cor-

339 2119 400 2180 6161
415 2119 554 2182 eiusdem
568 2117 690 2182 Ordinis
707 2118 837 2179 oratoris
852 2117 931 2195 apud
947 2116 1089 2180 Sanctam

340 2215 450 2276 Sedein
465 2211 659 2290 protectoris
676 2211 831 2272 referente
843 2208 1090 2272 eminentissimo

340 2307 468 2388 Belluga
500 2314 654 2384 6666616,
684 2305 804 2366 6666611
836 2303 1088 2376 rescribendum,

340 2407 433 2478 prout
453 2400 622 2476 praesentis
643 2397 760 2460 decreti
774 2397 883 2474 rigore
904 2395 1045 2458 rescribit
1060 2403 1091 2456 et

340 2492 491 2566 decernit,
514 2498 548 2553 ut
570 2491 602 2551 iii
624 2499 783 2569 posterum
804 2491 837 2551 in
860 2489 1001 2568 capitulis
1022 2504 1092 2566 pro·

340 2585 524 2646 vincialibus
539 2585 715 2661 provinciae
737 2583 890 2656 matricis,
914 2583 998 2644 iuxta
1020 2597 1091 2642 coii-

340 2679 519 2741 stitutiones
552 2677 743 2755 provinciae,
767 2676 849 2738 ultra
878 2675 1091 2738 delinitorium

341 2779 372 2833 et
394 2770 597 2848 guardianos,
628 2770 760 2831 habeant
791 2771 838 2832 ius
860 2765 1090 2830 interveniendi

341 2882 374 2927 ao
394 2863 577 2940 suffragium
608 2862 728 2924 ferendi
759 2871 879 2937 custos,
903 2863 956 2939 qui
978 2861 1038 2922 fuit
1059 2861 1091 2920 in

341 2957 519 3020 immediata
541 2956 674 3033 capitulo
703 2955 860 3032 generali,
883 2953 1092 3034 praesidentes

341 3059 556 3114 conventuum
579 3051 609 3112 S.
627 3050 728 3112 ltidaci
749 3049 870 3122 llexici,
893 3049 923 3112 S.
942 3047 1091 3108 Barbarae

341 3146 378 3208 de
399 3145 427 3206 la
459 3143 587 3218 Puebla,
611 3143 642 3206 S.
666 3143 777 3204 llariae
804 3144 842 3205 de
867 3140 1090 3218 cholaposco,

340 3236 523 3299 secretarius
538 3236 713 3314 provinciae
728 3235 781 3313 qui
796 3235 930 3312 aliquam
951 3233 1092 3310 guardia-

341 3332 425 3393 niam
441 3330 592 3403 exercuit,
609 3344 730 3390 necnon
743 3328 941 3390 concionator
956 3341 1091 3388 conven-

341 3423 433 3487 tualis
465 3423 585 3497 llexici,
619 3425 657 3486 de
677 3422 705 3482 la
726 3420 857 3496 Puebla,
882 3421 912 3484 S.
936 3419 1089 3482 francisci

341 3519 379 3580 de
399 3517 524 3590 Oaxaca,
542 3517 573 3580 S.
591 3515 743 3578 Francisci
758 3517 796 3576 de
809 3515 962 3588 Pacbuca,
980 3513 1011 3576 S.
1029 3512 1090 3573 ilii-

341 3610 420 3673 touii
444 3609 636 3682 Guerelatis,
663 3623 784 3670 necnon
807 3607 902 3669 lector
924 3606 1031 3686 quiin
1054 3621 1090 3667 66

340 3702 475 3783 66611616
495 3700 662 3781 complevit
683 3700 863 3780 quindecim
884 3715 980 3760 annos
995 3699 1092 3761 lectu·

341 3813 404 3871 rae,
438 3797 491 3857 sed
519 3789 629 3873 66661
661 3795 728 3856 6166
759 3800 907 3872 16616616
923 3794 964 3854 116
986 3799 1090 3853 tamen

342 3897 377 3950 ut
392 3889 550 3968 provincia
565 3888 649 3950 bunc
669 3903 839 3949 numerum
860 3885 1014 3948 vocalium
1034 3885 1092 3946 sub

341 3991 504 4063 praetextu
526 3980 689 4044 cuiuslibet
716 3980 866 4042 facultatis
887 3995 1001 4056 augere
1027 3995 1090 4040 non

343 4075 448 4156 possit,
465 4083 496 4136 et
510 4075 631 4153 quoties
646 4075 720 4137 novi
737 4083 911 4137 conventus
926 4075 957 4135 iii
974 4075 1008 4136 61
1022 4089 1092 4151 pro-

343 4169 444 4231 vincia
459 4167 641 4243 fundentur,
660 4169 745 4229 iuxta
761 4183 931 4230 numerum
945 4185 1007 4246 quo
1021 4166 1091 4229 fun-

343 4263 469 4337 dentur,
491 4277 582 4340 supra
613 4261 718 4323 relatis
749 4262 838 4324 novis
864 4261 1020 4324 vocalibus
1041 4263 1093 4323 de·

344 4363 470 4418 mantur
483 4355 639 4432 sutfragia,
656 4355 832 4434 incipiendo
849 4372 865 4415 a
880 4354 1092 4434 praesentibus

344 4454 570 4522 conventuum,
593 4455 623 4508 et
644 4449 756 4510 deinde
777 4465 793 4508 6
814 4447 1090 4526 praedicatoribus,

343 4549 466 4604 servato
497 4541 580 4603 inter
610 4541 690 4619 ipsos
726 4541 834 4602 ordine
868 4541 1089 4602 inferioritatis.

344 4636 459 4698 Romae
480 4651 556 4696 xxx.
574 4635 759 4712 septembris
774 4649 952 4696 unccxxiii.
969 4636 1003 4697 p,
1022 4637 1092 4700 Car-

345 4728 456 4792 diualis
466 4728 611 4789 Luscini
628 4728 857 4806 Loco†sipilii.
871 4762 904 4772 -
918 4729 954 4790 1.
970 4729 1094 4790 1661116-

344 4824 486 4903 piscopus
507 4823 661 4883 Peuensis
681 4822 873 4884 secretarius.

161 5017 325 5068 6661661116
386 5011 454 5087 §2
479 5011 557 5073 Guin
589 5017 704 5084 autem,
726 5009 805 5072 sicul
836 5009 981 5088 praedicti
1013 5011 1093 5072 lose·

111 5075 189 5122 relati
205 5074 306 5121 decreti.

344 5108 425 5185 plius
445 5114 476 5167 et
504 5105 690 5166 Emmanuel
719 5104 807 5165 nobis
827 5103 959 5165 subinde
980 5103 1093 5181 exponi

343 5199 505 5273 fecerunt,
537 5197 599 5275 ipsi
623 5196 785 5259 decretum
812 5197 1009 5272 huiusmodi,
1032 5213 1093 5275 quo

344 5293 468 5355 firmius
487 5291 633 5354 subsistat
651 5298 683 5352 61
696 5297 840 5352 66666166
854 5291 1001 5364 exactius,
1024 5306 1094 5368 apo-

344 5387 468 5448 stolicae
487 5383 732 5448 confirmationis
749 5391 873 5444 6661666
887 5384 996 5446 robore
1012 5401 1096 5446 com-

345 5480 465 5542 muniri
484 5491 681 5555 summopere
703 5477 893 5544 desiderent:
925 5495 992 5553 nos,
1015 5479 1094 5556 ipsos

345 5574 510 5652 losepbum
533 5581 563 5634 et
584 5571 821 5634 Emmanuelem
852 5572 1034 5649 specialibus
1054 5571 1096 5633 fa-

345 5667 472 5729 voribus
493 5674 524 5728 et
544 5665 650 5743 gratiis
671 5665 815 5744 prosequi
830 5666 981 5741 volentes,
997 5675 1030 5727 61
1045 5681 1094 5728 66-

346 5777 416 5824 rum
448 5760 622 5836 singulares
652 5775 796 5840 personas
816 5775 832 5819 a
852 5759 1012 5837 quibusvis
1043 5775 1094 5820 ex-

388 5973 418 6031 (1)
433 5973 471 6018 Ex
484 5973 588 6030 Regesl.
604 5972 632 6018 iii
646 5973 721 6019 Arcti.
737 5975 810 6020 Brov.

1811 587 1871 654 titt

1143 717 1446 795 communicationis,
1459 723 1669 801 suspensionis
1680 730 1711 786 et
1723 723 1891 800 interdicti,

1143 811 1272 890 aliisque
1303 814 1512 878 ecclesiasticis
1544 817 1722 893 sententiis,
1756 820 1894 880 censuris

1144 913 1175 967 61
1206 906 1324 982 666616,
1347 923 1362 966 6
1385 908 1453 970 1666
1483 909 1533 971 661
1555 910 1592 970 ab
1618 911 1762 986 bomine,
1786 912 1894 989 quavis

1144 998 1302 1060 occasione
1324 1001 1374 1062 vel
1396 1001 1483 1062 causa
1505 1002 1583 1077 latis,
1599 1005 1625 1064 si
1641 1004 1752 1082 quibus
1767 1020 1894 1082 quoma-

1144 1091 1259 1152 dolibet
1289 1093 1454 1156 innodatae
1490 1095 1645 1171 existunt,
1679 1099 1714 1159 ad
1748 1097 1894 1160 eflectum

1146 1187 1356 1262 praesentium
1378 1189 1537 1250 dumtaxat
1558 1192 1823 1268 consequendum,
1844 1191 1896 1250 ba-

1145 1293 1216 1338 rum
1248 1280 1328 1341 serie
1359 1281 1553 1344 absolventes
1585 1289 1616 1344 el
1646 1283 1798 1344 absolutas
1829 1283 1895 1344 fore

1145 1380 1318 1446 censentes,
1335 1374 1608 1452 supplicationibus
1624 1375 1750 1437 illorum
1765 1376 1895 1437 nornine

1146 1463 1233 1524 nobis
1254 1481 1347 1543 66666
1368 1468 1426 1528 boc
1447 1468 1612 1529 liumiliter
1637 1469 1786 1547 porrectis
1807 1469 1896 1530 16611-

1146 1557 1226 1631 6611,
1261 1559 1421 1621 deoietum
1451 1561 1690 1639 praeinsertuni,
1713 1561 1894 1624 auctoritate

1145 1649 1318 1728 apostolici,
1334 1659 1445 1714 tenore
1457 1654 1679 1731 praesentium,
1692 1654 1895 1733 approbamus

1146 1750 1176 1802 et
1198 1743 1434 1820 confirmamus,
1452 1747 1559 1824 illique
1574 1746 1760 1808 inviolabilis
1775 1754 1894 1826 aposto-

1146 1835 1221 1898 licae
1235 1835 1392 1900 firmitatis
1403 1840 1499 1902 robur
1509 1841 1682 1902 adiicimus:
1696 1839 1894 1902 salvatamen

1145 1943 1267 2006 semper
1288 1929 1321 1991 in
1342 1931 1516 2010 praemissis
1542 1933 1723 1994 auctoritate
1743 1932 1895 2010 praefatae

1148 2023 1402 2100 Congregatiouis
1423 2025 1646 2088 Cardinalium.

1186 2117 1205 2192 ἓ
1226 2116 1255 2177 3.
1280 2117 1499 2194 decernentes,
1515 2117 1638 2180 easdem
1653 2128 1829 2197 praesentes
1844 2119 1893 2181 lit·

1147 2215 1227 2270 teras
1249 2211 1364 2285 firmas,
1381 2211 1494 2274 validas
1516 2220 1547 2273 et
1566 2213 1700 2274 efficaces
1715 2214 1849 2274 existere
1863 2221 1894 2275 61

1147 2301 1224 2377 1666,
1242 2319 1375 2381 6666666
1393 2303 1546 2382 616666166
1562 2313 1592 2366 61
1607 2305 1746 2382 integros
1768 2305 1894 2368 effectus

1146 2395 1251 2456 sortiri
1272 2401 1304 2456 et
1322 2395 1473 2470 obtinere,
1490 2414 1523 2459 ac
1545 2397 1605 2458 11116
1626 2399 1661 2458 ad
1683 2413 1759 2474 quos
1780 2405 1895 2477 spectat

1146 2495 1178 2549 et
1190 2504 1244 2567 pro
1260 2496 1399 2567 tempore
1413 2491 1573 2568 spectabit,
1587 2491 1619 2552 iii
1635 2491 1780 2552 omnibus
1795 2497 1825 2552 et
1841 2506 1895 2568 per

1148 2582 1250 2642 omnia
1263 2583 1440 2660 plenissime
1450 2583 1622 2659 suflragari,
1632 2593 1662 2645 et
1673 2583 1711 2644 ab
1722 2584 1765 2644 eis
1777 2599 1897 2662 respec-

1149 2672 1213 2734 tive
1226 2675 1447 2737 inviolabiliter
1461 2676 1634 2752 observari;
1651 2677 1756 2754 sicque
1767 2677 1799 2738 16
1811 2692 1896 2755 prae·

1148 2767 1248 2828 missis
1272 2785 1327 2846 per
1348 2761 1561 2847 quoscumque
1585 2771 1700 2832 iudices
1725 2771 1896 2832 ordinarios

1148 2868 1178 2921 et
1192 2860 1358 2937 delegatos,
1375 2863 1467 2924 etiam
1483 2879 1644 2924 causarum
1659 2862 1762 2940 palatii
1778 2871 1896 2940 aposte-

1148 2953 1198 3015 1161
1219 2955 1384 3030 auditores,
1408 2954 1536 3018 iudicari
1564 2965 1594 3018 et
1616 2955 1739 3018 deliniri
1765 2956 1894 3031 debere,

1147 3062 1180 3108 ac
1202 3047 1327 3108 irritum
1355 3059 1386 3110 et
1407 3050 1511 3122 16666,
1533 3048 1558 3109 61
1580 3065 1666 3110 66666
1696 3063 1790 3126 66666
1812 3049 1895 3108 bisa

1147 3155 1318 3218 quoquam,
1347 3143 1454 3220 quavis
1475 3142 1667 3216 auctoritate,
1690 3142 1824 3204 scienter
1845 3140 1896 3202 vel

1149 3232 1330 3308 ignoranter
1350 3235 1516 3310 contigerit
1537 3235 1693 3296 attentari.

1923 594 2021 648 1160.
2043 596 2112 650 1730

1917 2175 1920 2186 .
1956 2140 2098 2188 clausulae.

1186 3327 1205 3400 5
1226 3326 1255 3387 li.
1280 3326 1349 3388 Noii
1371 3327 1562 3389 obstantibus
1577 3327 1849 3390 constitutionibus
1864 3335 1895 3390 et
1927 3359 2127 3416 mmmmm,

1145 3420 1391 3482 ordinationibus
1415 3419 1599 3498 apostolicis,
1621 3437 1667 3496 ac,
1690 3429 1842 3498 quatenus
1864 3437 1895 3482 a·
1913 3413 2058 3460 triariorum,

1146 3530 1202 3591 pus
1232 3514 1287 3588 sit,
1317 3513 1455 3589 Ordinis,
1488 3514 1666 3590 provinciae
1696 3521 1728 3576 61
1759 3531 1894 3578 conven-

1148 3615 1236 3670 tuum
1258 3607 1477 3685 praefatorum,
1500 3609 1596 3670 etiam
1617 3609 1803 3684 iuramento,
1823 3625 1895 3670 666-

1147 3700 1323 3762 firmatione
1345 3700 1523 3778 apostolice,
1547 3700 1598 3762 vel
1619 3701 1727 3778 quavis
1750 3701 1896 3766 firmitate

1147 3793 1204 3855 alia
1231 3794 1380 3856 roboratis
1404 3793 1526 3856 statutis
1550 3785 1585 3856 'et
1605 3793 1893 3870 consuetudinibus,

1147 3886 1316 3965 privilegiis
1340 3903 1475 3965 quoque,
1499 3886 1627 3949 indultis
1650 3893 1680 3948 et
1708 3886 1804 3948 literis
1826 3903 1896 3966 apo·

1146 3979 1260 4042 stolicis
1285 3979 1316 4040 iii
1342 3980 1534 4042 eontrarium
1559 3981 1799 4058 praemissorum
1820 3995 1895 4058 quo-

1147 4072 1314 4134 modolibet
1342 4074 1507 4148 concessis,
1535 4073 1723 4135 confirmatis
1749 4074 1895 4136 611666-

1146 4168 1240 4241 vatis;
1263 4167 1375 4245 quibus
1396 4168 1541 4228 omuibus
1561 4174 1593 4228 et
1607 4167 1752 4244 singulis,
1768 4168 1896 4230 illorum

1146 4267 1271 4322 tenores
1292 4261 1504 4339 praesentibus
1519 4276 1574 4339 pro
1589 4261 1682 4338 plene
1698 4269 1728 4322 61
1743 4261 1899 4324 sufficiam

1148 4363 1195 4417 ter
1216 4355 1367 4432 expressis
1387 4371 1421 4416 ac
1442 4356 1478 4416 ad
1498 4358 1629 4416 verbum
1645 4354 1768 4416 insertis
1782 4355 1897 4416 haben-

1148 4457 1204 4524 tes,
1226 4449 1286 4510 illis
1309 4449 1380 4509 ali'as
1401 4448 1434 4510 iii
1455 4465 1511 4509 suo
1535 4448 1645 4509 robore
1673 4449 1896 4526 permansuris,

1148 4541 1182 4601 ad
1205 4543 1444 4620 praemissorum
1466 4540 1621 4616 ellectum,
1645 4541 1698 4603 liae
1721 4543 1787 4603 vice
1808 4543 1896 4604 duin-

1148 4642 1242 4710 taxat,
1252 4634 1426 4712 specialiter
1441 4639 1472 4694 et
1486 4648 1628 4711 expresse
1642 4633 1836 4710 derogamus,
1850 4650 1897 4698 66-

1148 4728 1285 4807 16616666
1306 4728 1467 4790 contrariis
1488 4715 1746 4805 quibuscumque.

1189 4823 1300 4883 Datum
1321 4820 1445 4894 Romae,
1457 4819 1536 4898 apud
1560 4820 1591 4882 S.
1606 4819 1745 4895 Petrum,
1765 4821 1823 4884 sub
1843 4837 1897 4883 an·

1150 4915 1226 4977 6616
1251 4914 1425 4986 Ρ166616616,
1453 4914 1502 4975 die
1531 4928 1601 4975 xiii.
1631 4913 1693 4976 ian.
1716 4929 1896 4990 66661616,

1149 5007 1346 5086 pontificatus
1367 5006 1466 5068 nostri
1487 5021 1569 5068 anuo
1591 5025 1633 5068 vi.

1404 5151 1645 5166 *ιι*-

1467 5249 1579 5314 1111111.

1153 5385 1328 5463 Confirmat
1351 5387 1599 5448 constitutiones
1627 5387 1897 5466 66661611666666

1190 5484 1335 5542 6161661
1361 5479 1437 5542 dono
1459 5483 1615 5560 regimine
1635 5482 1821 5558 provinciae
1837 5483 1897 5546 dle-

1191 5575 1331 5636 nicenae
1355 5573 1385 5635 S,
1403 5572 1516 5635 11161661
1538 5575 1718 5636 strictioris
1736 5575 1898 5655 repuleris

1191 5665 1410 5730 observantiae
1439 5667 1716 5731 discalceandum
1739 5667 1770 5730 S.
1795 5669 1899 5731 Fran·

1193 5760 1269 5820 61661
1292 5759 1451 5824 16161116
1475 5760 1732 5824 occidentalibus
1754 5761 1808 5844 (1).
