4866 6980
978 603 1134 650 innocent
1138 605 1186 650 ltts
1209 603 1251 648 Xl.

340 719 450 794 lentes,
471 719 633 799 ipsumque
655 738 670 780 a
692 721 850 798 quibusvis
870 723 1082 786 excommuni-

339 814 479 889 cationis,
500 815 709 893 suspensionis
725 825 757 878 et
773 816 939 892 interdicti,
956 816 1083 894 aliisque

339 906 548 970 ecclesiasticis
567 910 741 984 sententiis,
764 910 903 972 censuris
918 916 949 972 et
964 909 1081 987 poenis,

339 1015 356 1058 a
377 999 445 1062 iure
465 1001 515 1062 vel
535 1001 572 1064 ab
586 1001 723 1078 bomine,
739 1003 846 1080 quavis
860 1003 1018 1065 occasione
1032 1003 1082 1063 vel

339 1093 426 1156 causb
448 1093 527 1168 latis,
545 1095 697 1173 siquibus
711 1096 940 1174 quomodolibet
955 1096 1083 1158 innoda-

340 1191 389 1248 tus
409 1186 524 1262 existit,
547 1189 581 1250 au
604 1188 749 1251 effectum
768 1189 978 1268 praesentium
993 1187 1083 1250 dum-

339 1285 419 1340 taxat
429 1283 693 1359 consequendum,
706 1283 816 1346 barum
829 1283 909 1344 serie
923 1281 1083 1344 absolven-

337 1377 382 1433 tes
403 1381 435 1434 et
448 1375 621 1438 absolutum
637 1376 702 1438 fore
716 1385 888 1450 censentes,
903 1373 1081 1437 huiusmodi

336 1463 609 1542 supplicationibus
630 1467 780 1542 inclinati,
796 1467 833 1529 de
855 1465 1081 1528 venerabilium

337 1555 467 1620 fratrum
483 1568 661 1622 nostrorum
675 1558 804 1623 Sanctae
813 1561 967 1622 Romanae
980 1556 1080 1620 Eccle-

336 1650 398 1712 siae
418 1651 629 1718 cardinalium
651 1653 783 1730 negotiis
804 1661 835 1714 et
850 1650 1097 1714 consultationi·

336 1741 393 1804 bus
405 1743 626 1824 Episcoporum
638 1755 668 1808 et
680 1746 879 1823 Regulariurn
895 1745 1079 1826 praeposito-

336 1851 409 1897 rum
428 1837 567 1912 consilio,
584 1839 811 1916 praeinsertum
831 1838 904 1902 dicti
924 1838 1079 1917 quondam

92 1929 318 2042 “gpfflffiffi
338 1929 476 1991 Andreae
503 1931 641 1993 Fivizani
669 1933 777 2009 prioris
804 1931 955 2010 generalis
976 1933 1080 1994 decre-

93 2035 212 2084 rubrica.

337 2027 415 2095 tunt,
432 2024 593 2102 apostolica
610 2026 801 2100 auctoritate,
818 2035 925 2093 tenore
939 2037 1079 2102 praesen-

336 2115 431 2190 tium,
460 2117 836 2196 perpetuoapprobamus
861 2124 892 2178 et
917 2117 1079 2180 conflrma-

335 2225 416 2284 mus,
439 2209 547 2288 illique
567 2218 733 2291 perpetuae
753 2219 784 2273 et
805 2211 989 2274 inviolabilis
1010 2225 1079 2288 apo-

333 2303 458 2366 stolicae
469 2305 623 2368 firmitatis
636 2305 732 2368 robur
746 2305 915 2378 adiicimus,
927 2321 961 2367 ac
972 2319 1079 2364 omnes

335 2404 366 2458 et
385 2397 523 2474 singulos
545 2404 607 2460 tana
628 2398 706 2460 iuris
726 2413 819 2476 quam
840 2397 909 2459 facti
930 2395 1077 2470 defectus,

333 2490 360 2550 si
380 2491 433 2568 qui
448 2490 580 2570 desuper
593 2491 822 2569 quomodolibet
837 2489 1077 2566 intervenerint,

333 2585 530 2662 supplemus,
562 2585 741 2663 dictumque
771 2586 931 2648 decretum
958 2585 991 2646 in
1015 2591 1078 2646 toto

334 2677 448 2742 Ordine
473 2678 628 2757 praedicto
648 2685 679 2740 et
699 2679 814 2762 ubique
842 2685 995 2740 terrarum
1015 2693 1080 2739 ser-

334 2773 411 2849 vari,
433 2773 491 2835 sub
510 2771 616 2851 poenis
636 2772 668 2834 in
691 2775 800 2836 eodem
815 2774 937 2836 decreto
951 2779 1078 2834 conten·

238 2935 239 2939 ,
334 2866 388 2964 ψ,
416 2867 614 2941 mandamus,
643 2865 725 2928 salva
749 2881 873 2945 semper
897 2865 1078 2928 auctoritate

334 2959 581 3036 congregationis
603 2960 757 3023 dictorum
778 2957 1004 3036 cardinalium
1022 2958 1078 3021 sio-

333 3067 394 3131 que
414 3068 469 3130 per
489 3067 700 3132 quoscumque
721 3052 835 3115 iudices
857 3051 1026 3115 ordinarios
1047 3057 1078 3112 et

333 3146 498 3222 delegatos,
511 3146 628 3210 sublata
643 3147 686 3208 eis
700 3153 853 3208 eteorum
868 3143 993 3207 cuilibet
1004 3161 1078 3222 qua-

331 3240 379 3300 vis
399 3239 489 3302 aliter
509 3237 663 3301 iudicandi
684 3246 715 3300 et
740 3237 963 3318 interpretandi
983 3236 1078 3298 facul-

331 3341 394 3396 tate
413 3341 445 3396 et
465 3333 657 3406 auctoritate,
684 3330 810 3394 iudicari
831 3337 862 3393 et
882 3329 1006 3394 deliniri
1026 3331 1078 3393 de·

330 3427 415 3503 bere,
437 3443 471 3490 ac
497 3425 621 3488 irritum
645 3433 678 3486 et
698 3425 791 3488 inane
816 3423 965 3504 quidquid
989 3439 1076 3486 secus

330 3535 424 3598 super
443 3519 528 3582 nisa
554 3533 721 3597 quoquam,
748 3517 856 3595 quavis
882 3516 1074 3590 auctoritate,

329 3613 464 3675 scienter
490 3611 542 3673 vel
569 3612 760 3688 ignoranter,
787 3609 951 3686 contigerit
977 3615 1076 3670 atten-

330 3707 400 3781 tari,
422 3705 619 3771 decernimus
641 3712 671 3766 et
692 3704 894 3766 declaramus·

94 3799 311 3908 mffgoaqtmrfisdr
369 3802 438 3877 §b
462 3799 532 3862 Non
553 3798 744 3861 obstantibus
758 3796 1031 3860 constitutionibus
1045 3803 1076 3858 et

329 3894 575 3958 ordinationibus
598 3892 780 3970 apostolicis,
802 3907 836 3954 ac
856 3890 916 3952 illis
937 3890 1076 3952 eiusdem

329 3987 466 4062 Ordinis,
495 3987 589 4048 etiam
618 3987 811 4060 iuramento,
841 3983 1076 4046 confirmatione

329 4081 503 4160 apostolica,
531 4079 581 4140 vel
602 4079 709 4157 quavis
734 4078 882 4140 firmitate
906 4076 963 4138 alid
988 4075 1076 4136 robo-

330 4174 415 4248 ratis,
438 4173 571 4247 statutis,
593 4169 880 4246 consuetudinibus,
903 4168 1075 4246 ceterisque

329 4267 493 4330 contrariis
513 4266 768 4345 quibuscumque.

94 4366 312 4467 mffifflfm
370 4361 439 4436 55.
468 4358 621 4420 Volumus
648 4365 768 4432 antem,
802 4364 837 4418 ut
864 4355 1075 4433 praesentium

331 4453 544 4531 transumptis,
566 4451 661 4512 etiam
682 4451 849 4528 impressis,
864 4465 961 4511 manu
982 4447 1076 4510 alicu-

330 4549 378 4610 ius
409 4546 521 4608 notarii
552 4543 666 4623 publici
695 4541 886 4621 subscriptis,
914 4549 946 4604 et
973 4541 1074 4618 sigillo

329 4655 477 4720 personae
498 4639 530 4701 in
559 4637 709 4715 dignitate
736 4635 935 4699 ecclesiastici
961 4635 1074 4697 consti-

330 4742 414 4798 tutae
434 4732 575 4807 munitis,
598 4732 704 4794 eadem
725 4745 851 4808 prorsus
872 4729 987 4807 ubique
1000 4728 1074 4792 fides

329 4827 520 4901 adhibeatur,
535 4841 615 4904 quae
634 4823 832 4886 adhiberetur
846 4821 918 4900 ipsis
932 4835 1075 4899 praesen·

330 4920 423 4995 tibus,
444 4919 470 4980 si
491 4919 594 4981 forent
615 4915 770 4978 exhibitae
791 4914 841 4976 vel
863 4925 1011 4977 ostensae.

369 5053 481 5114 flatum
509 5051 634 5124 Romae,
664 5051 743 5129 apud
772 5049 803 5113 S.
830 5047 955 5111 biariarn
983 5048 1074 5110 llaio-

330 5161 408 5220 rem,
431 5144 489 5206 sub
509 5143 626 5206 annulo
647 5143 818 5218 Piscatoris,
845 5143 893 5204 die
916 5159 1008 5203 xxviv.
1031 5139 1073 5202 le-

329 5239 446 5302 bruarii
467 5249 646 5312 uncturus,
665 5236 774 5316 pontif.
799 5237 899 5298 nostri
920 5251 1002 5298 anno
1023 5251 1071 5296 ur.

98 5389 311 5500 arvipfissffg'ravtis
370 5391 389 5465 ἓ
410 5390 439 5455 2.
464 5391 544 5454 Cum
564 5395 681 5462 autem,
697 5388 775 5449 sicut
790 5387 918 5448 dilectus
932 5385 1016 5449 tilius
1030 5387 1074 5448 lo·

99 5498 222 5559 uteorum
254 5496 311 5542 rra-
329 5499 426 5546 anncs
447 5501 461 5543 a
484 5479 731 5546 Praesentatione
754 5480 892 5542 vicarius
923 5479 1074 5556 generalis

98 5548 312 5666 Offifffi}
329 5579 461 5641 fratrum
471 5577 723 5640 biscalccatorum
735 5581 986 5652 nuncupatorum
995 5573 1074 5636 Con-

99 5657 252 5758 {gausianis
267 5655 312 5702 de-

331 5670 520 5748 gregationis
543 5667 704 5748 Hispaniae
718 5677 749 5730 et
764 5668 921 5730 indiarum
934 5667 1006 5730 dicti
1022 5666 1075 5730 Or·

329 5764 410 5826 dinis
439 5763 647 5825 Eremitarum
674 5762 777 5825 Sancti
798 5762 964 5838 Augustini
986 5761 1075 5824 nobis

330 5873 431 5936 nuper
452 5856 564 5935 exponi
586 5855 667 5930 fecit,
685 5854 792 5917 eadem
814 5855 1018 5932 congregatio
1039 5853 1075 5915 ad

330 5951 559 6014 observantiam
580 5949 840 6013 constitutionum
860 5949 991 6012 fratrum
1009 5947 1074 6012 Cal·

1825 581 1862 644 43
1914 578 1966 632 An.
1980 577 2010 630 O.
2032 579 2100 634 1680

1115 756 1117 764 ,
1139 730 1295 785 ceatorum
1316 720 1437 786 Ordinis
1458 719 1583 798 praefati
1599 733 1662 782 non
1678 725 1833 791 teneatur,
1850 733 1883 778 ac

1139 817 1265 895 proinde
1287 815 1419 878 dubitari
1441 815 1536 891 possit
1553 813 1635 874 illam
1652 829 1708 875 nec
1723 812 1882 873 decretum

1139 909 1327 989 praedictum
1349 925 1471 970 servare
1491 908 1606 983 teneri;
1631 907 1694 984 ipse
1708 921 1782 966 vero
1796 905 1884 966 loan-

1138 1021 1192 1068 nes
1208 1002 1347 1066 llicarius
1361 1001 1513 1078 generalis
1524 1017 1580 1079 pro
1595 999 1675 1062 felici
1692 1007 1723 1060 et
1737 1013 1883 1078 prospero

1136 1113 1210 1160 suae
1232 1095 1484 1172 congregationis
1505 1093 1657 1173 praelatae
1677 1091 1833 1168 regimine
1851 1097 1883 1154 et

1138 1190 1288 1267 gubernio
1304 1191 1461 1251 decretum
1474 1187 1664 1262 huiusmodi,
1677 1186 1796 1248 sublato
1808 1202 1884 1264 quc-

1137 1299 1272 1361 cumque
1293 1300 1350 1344 usu
1366 1281 1414 1344 vel
1430 1281 1655 1344 consuetudine
1670 1280 1722 1358 qui
1739 1278 1788 1340 vel
1804 1294 1883 1356 quae

1138 1377 1169 1439 in
1191 1377 1381 1440 contrarium
1413 1375 1538 1451 allegari
1569 1381 1680 1452 posset,
1714 1372 1746 1434 in
1776 1373 1882 1434 eidem

1137 1469 1384 1546 Congregatione
1405 1467 1562 1530 observari
1580 1465 1750 1544 plttrimum
1766 1465 1882 1526 deside-

1136 1569 1199 1625 ret:
1230 1563 1317 1624 nobis
1348 1569 1509 1640 propterea
1536 1559 1699 1622 bumiliter
1718 1557 1882 1636 supplicari

1136 1656 1206 1718 fecit
1227 1663 1262 1717 ut
1283 1657 1316 1716 in
1338 1653 1510 1734 praemissis
1531 1660 1705 1732 opportune
1719 1651 1882 1728 providere

1136 1755 1166 1810 et
1188 1759 1221 1812 ut
1243 1747 1322 1810 infra
1350 1747 1513 1824 indulgere
1534 1748 1572 1809 de
1597 1745 1791 1822 benignitate
1811 1759 1882 1822 apo·

1134 1843 1239 1904 stolicd
1260 1843 1472 1918 dignaremur.

1175 1937 1242 2011 53.
1267 1935 1327 1998 Nos
1350 1937 1455 2012 igitur,
1479 1935 1615 1998 eiusdem
1631 1934 1753 1996 loannis
1767 1931 1879 1995 Vicarii
1938 1945 2055 2005 ostensio
2070 1945 2112 1992 cs-

1136 2029 1288 2106 generalis
1320 2029 1400 2089 votis
1430 2028 1486 2091 bac
1514 2029 1545 2090 in
1567 2044 1602 2090 re
1629 2033 1782 2104 quantum
1809 2041 1879 2086 cum
1898 1997 2112 2108 {33²2ng

1135 2122 1266 2187 Domino
1281 2137 1443 2202 possumus
1456 2120 1662 2183 favorabiliter
1677 2135 1816 2184 annuere
1829 2135 1882 2180 vo-
1898 2103 2028 2213 {gffl'gssm
2066 2106 2112 2152 ffl·

1136 2217 1244 2290 lentes,
1266 2231 1403 2292 eumque
1423 2233 1439 2276 a
1460 2215 1619 2293 quibusvis
1634 2215 1882 2276 excommunica-

1135 2309 1238 2384 tionis,
1267 2308 1476 2387 suspensionis
1503 2317 1534 2371 et
1560 2306 1729 2381 interdicti,
1753 2306 1882 2384 aliisque

1134 2401 1343 2463 ecclesiasticis
1364 2401 1538 2476 sententiis,
1561 2400 1699 2462 censuris
1715 2407 1746 2461 et
1760 2399 1879 2477 poenis,

1135 2515 1149 2558 a
1171 2496 1239 2558 iure
1259 2495 1308 2558 vel
1329 2496 1366 2558 ab
1379 2495 1517 2568 bomine,
1535 2495 1643 2573 quavis
1658 2493 1816 2557 occasione
1831 2492 1881 2554 vel

1134 2592 1220 2652 causa
1242 2589 1321 2665 latis,
1337 2590 1362 2652 si
1383 2589 1495 2668 quibus
1510 2587 1738 2668 quomodolibet
1753 2587 1881 2650 innoda-

1136 2691 1183 2746 tus
1204 2684 1318 2760 existit,
1341 2684 1378 2745 ad
1399 2683 1543 2746 ellectum
1565 2681 1776 2760 praesentium
1791 2682 1880 2743 dum

1135 2785 1216 2840 taxat
1246 2778 1509 2855 consequendum,
1542 2775 1652 2836 barum
1683 2774 1763 2835 serie
1784 2773 1881 2835 absol·

1133 2879 1242 2932 ventes
1263 2877 1294 2931 et
1315 2869 1490 2931 absolutum
1505 2867 1571 2930 fore
1585 2875 1757 2942 censentes,
1774 2865 1881 2928 buius-

1133 2963 1216 3046 modi
1244 2962 1518 3042 supplicationibus
1546 2961 1696 3035 inclinati,
1720 2961 1880 3022 decretum

1133 3057 1359 3137 praeinsertum
1381 3061 1581 3117 ememorato
1597 3053 1718 3116 andrea
1733 3053 1880 3115 fivizano

1133 3157 1330 3230 procuratore
1351 3147 1487 3227 generali
1509 3149 1639 3222 editum,
1655 3154 1686 3208 et
1707 3163 1723 3208 a
1745 3146 1880 3224 praefato

1133 3244 1313 3308 Innocentio
1334 3244 1565 3322 praedecessore
1592 3242 1821 3314 confirmatum,
1845 3246 1880 3302 ut

1132 3337 1316 3417 praefertur,
1329 3337 1362 3398 in
1378 3336 1522 3398 univer-st
1534 3335 1779 3412 congregatione
1793 3349 1880 3412 prae·

1132 3431 1211 3494 dicta
1231 3430 1364 3493 fratrum
1385 3428 1641 3491 Discalceatorum
1666 3427 1827 3506 Hispaniae
1847 3434 1879 3489 et

1132 3525 1301 3599 indiarum,
1317 3539 1350 3586 ac
1370 3523 1408 3584 ab
1429 3520 1574 3584 omnibus
1589 3529 1619 3582 et
1634 3521 1766 3597 singulis
1782 3520 1878 3598 ipsius

1133 3617 1389 3696 Congregationis
1418 3615 1629 3693 superioribus
1661 3623 1692 3678 et
1719 3613 1876 3688 iratribus,
1974 3633 1979 3646 ·

1131 3715 1166 3776 ad
1189 3728 1266 3792 quos
1287 3717 1402 3789 spectat
1415 3717 1447 3772 et
1462 3709 1494 3770 in
1509 3708 1652 3772 futurum
1667 3709 1877 3786 quandocum-

1131 3821 1191 3884 que
1212 3803 1371 3884 spectabit,
1393 3802 1513 3863 sublato
1534 3815 1731 3880 quocumque
1753 3817 1810 3862 usu
1826 3799 1877 3861 vel

1132 3897 1356 3961 consuetudine
1386 3896 1439 3973 qui
1460 3895 1510 3955 vel
1532 3894 1663 3972 quaein
1685 3893 1876 3955 contrarium

1131 3991 1240 4072 quovis
1261 3993 1352 4054 modo
1373 3989 1497 4065 allegari
1517 3987 1643 4060 valeret,
1660 3987 1697 4050 de
1711 3993 1813 4050 cetero
1828 3987 1875 4048 in-

1131 4083 1314 4146 violabiliter
1345 4081 1500 4144 observari
1532 4081 1661 4154 debere,
1694 4079 1876 4144 auctoritate

1131 4175 1303 4256 apostolica,
1331 4183 1437 4238 tenore
1461 4172 1682 4252 praesentium,
1709 4171 1873 4234 statuimus

1131 4279 1161 4334 et
1182 4270 1369 4333 ordinamus.

1170 4363 1238 4439 §b
1263 4363 1468 4424 Decernuntes
1489 4359 1612 4422 easdem
1627 4367 1802 4443 praesentes
1824 4358 1873 4420 lit-

1131 4465 1210 4520 teras
1231 4455 1345 4529 lirmas,
1369 4453 1480 4515 validas
1502 4463 1533 4514 et
1547 4453 1682 4514 efficaces
1697 4453 1828 4514 existere
1844 4459 1874 4514 et

1130 4550 1205 4626 fore,
1228 4565 1360 4627 suosque
1375 4547 1527 4626 plenarios
1540 4555 1571 4608 et
1593 4547 1731 4624 integros
1750 4546 1874 4610 effectus

1129 4643 1233 4706 sortiri
1255 4651 1286 4706 et
1306 4642 1458 4716 obtinere,
1479 4657 1512 4702 ac
1533 4639 1603 4716 illis,
1620 4641 1656 4702 ad
1670 4657 1746 4720 quos
1760 4648 1875 4724 spectat

1130 4744 1160 4799 et
1181 4736 1326 4816 spectabit
1347 4736 1380 4796 in
1398 4733 1552 4811 futurum,
1569 4735 1601 4795 in
1617 4721 1760 4796 omnibus
1775 4741 1805 4795 et
1820 4750 1875 4812 per

1130 4831 1232 4892 omnia
1243 4829 1421 4908 plenissime
1435 4827 1608 4904 suflragari,
1620 4827 1726 4907 sicque
1741 4829 1773 4888 in
1789 4844 1875 4905 prae-

1130 4923 1230 4986 missis
1256 4939 1310 5000 pev
1331 4936 1542 5000 quoscumque
1568 4921 1683 4982 iudices
1704 4920 1874 4982 ordinarios

1130 5027 1161 5078 et
1177 5017 1342 5092 delegatos,
1358 5015 1450 5076 etiam
1464 5029 1626 5076 causarum
1641 5012 1741 5092 palatii
1756 5020 1873 5090 aposto-

1130 5092 1180 5172 nci
1206 5109 1371 5182 auditores,
1399 5107 1525 5170 tautae
1545 5119 1577 5170 et
1602 5107 1724 5170 detinui
1750 5107 1871 5182 uenere,

1130 5219 1163 5265 ac
1187 5203 1312 5265 irritum
1337 5209 1367 5262 et
1395 5201 1487 5262 inane
1508 5201 1533 5262 si
1559 5217 1645 5262 secus
1668 5217 1762 5277 super
1790 5201 1836 5261 bis
1856 5216 1873 5260 a

1130 5311 1296 5374 quoquam,
1319 5293 1426 5373 quavis
1450 5295 1642 5368 auctoritate,
1666 5294 1799 5355 scienter
1823 5291 1873 5354 vel

1130 5391 1321 5466 ignoranter,
1344 5387 1508 5463 contigerit
1530 5387 1685 5452 attentari.

1170 5483 1188 5557 ἓ
1209 5483 1237 5544 5.
1262 5480 1331 5543 Non
1350 5481 1540 5543 obstantibus
1554 5480 1827 5542 constitutionibus
1842 5487 1873 5541 et
1906 5487 2105 5550 neqogactocon-

1130 5573 1374 5636 ordinationibus
1405 5573 1591 5652 apostolicis,
1623 5589 1744 5636 necnon
1777 5573 1875 5636 dictae
1892 5545 2038 5588 crassorum.

1131 5667 1387 5744 congregationis
1420 5667 1549 5744 eiusque
1582 5666 1812 5744 provinciarum
1843 5673 1873 5728 et

1130 5768 1343 5824 conventuum
1370 5776 1651 5839 quorumcumque,
1675 5761 1767 5824 otiam
1795 5759 1874 5822 iura-

1131 5863 1249 5930 mento,
1272 5854 1504 5917 confirmatione
1533 5853 1706 5931 apostolica,
1730 5853 1779 5914 vel
1800 5869 1874 5930 qua-

1130 5949 1177 6012 vis
1199 5948 1345 6012 firmitate
1367 5947 1422 6009 alib
1443 5947 1604 6024 roboratis,
1620 5946 1742 6008 statutis
1757 5953 1788 6008 et
1801 5961 1874 6010 con·

1921 4366 2063 4415 Clausulas.
