4866 6980
338 513 392 570 An.
407 517 437 572 0.
459 517 527 575 tata

578 514 616 580 la

555 660 647 724 ridicd
660 662 889 741 etpririlcgiata
901 666 999 741 causat,
1009 666 1122 745 colore,
1134 677 1295 748 praetextu

555 759 586 815 et
597 756 705 835 capite,
715 756 806 818 etiam
815 758 847 819 in
860 761 1070 837 corporeiuris
1082 764 1195 842 clauso,
1205 766 1295 828 111111

555 849 701 924 enormis,
725 851 1003 916 enormissimae'et
1021 855 1122 918 totalis
1143 856 1295 934 laesionis,

554 940 642 1001 nullo
663 959 802 1022 unquam
818 951 957 1023 tempore
971 945 1009 1009 de
1022 949 1232 1029 subreptionis
1246 953 1295 1014 vel

554 1032 745 1112 obreptionis
767 1043 820 1098 aut
842 1039 993 1104 nullitatis
1014 1042 1102 1118 vilio,
1117 1061 1172 1106 seu
1193 1045 1297 1108 inten-

554 1127 647 1188 tionis
662 1137 785 1192 nostrae
799 1139 852 1194 aut
867 1132 1015 1197 interesse
1029 1136 1210 1200 habentium
1224 1157 1295 1202 con·

511 1225 513 1230 ’
553 1237 673 1298 sensus,
696 1223 796 1286 aliove
817 1226 954 1304 quolibet
976 1229 1067 1292 etiarn
1094 1235 1295 1310 quantumvis

331 4124 522 4172 contrariorum

311 4176 449 4234 derogatio.

553 1331 667 1392 magno
688 1325 718 1378 et
738 1319 931 1382 substantiali
953 1339 986 1384 ac
1007 1323 1174 1402 incogitato
1195 1334 1227 1390 et
1247 1329 1294 1390 11-

552 1411 747 1488 excogitabili
779 1413 1034 1495 individuamque
1065 1424 1293 1500 expressionem

552 1503 733 1580 requirente
754 1505 875 1569 delectu
900 1511 1012 1585 notari,
1035 1512 1224 1593 impugnari,
1246 1518 1293 1579 in·

552 1595 659 1673 iringi,
682 1601 853 1676 retractari,
870 1603 905 1664 ad
920 1605 1069 1668 terminos
1084 1607 1159 1669 iuris
1174 1612 1291 1686 reduci,

551 1707 606 1754 seu
627 1692 659 1754 11
681 1695 924 1756 controversiam
946 1699 1059 1774 vocari,
1074 1707 1127 1764 aut
1146 1705 1293 1766 adversus

551 1784 617 1846 illas
638 1787 816 1864 aperitionls
838 1789 910 1866 oris,
933 1793 1137 1856 restitutionis
1159 1797 1192 1858 in
1215 1798 1293 1860 inte-

551 1894 660 1956 grum,
687 1880 1049 1965 aliudve·quodcumque
1073 1889 1149 1952 iuris
1170 1898 1200 1952 et
1221 1892 1290 1955 lacti

550 1973 601 2034 vel
623 1974 737 2050 gratiae
757 1977 930 2040 remedium
952 1980 1102 2043 intentari
1124 1983 1174 2045 vel
1196 1986 1292 2065 impe-

551 2069 635 2142 trari,
659 2075 711 2129 aut
732 2067 907 2148 impetrato,
930 2089 984 2134 seu
1007 2075 1098 2136 etiam
1114 2085 1201 2140 motu
1222 2097 1291 2159 pro-

550 2161 616 2238 prio
631 2168 661 2223 et
678 2163 717 2224 de
730 2164 913 2242 apostolicae
928 2169 1084 2244 potestatis
1098 2169 1291 2247 plenitudine

549 2269 691 2316 concesso
707 2256 757 2318 vel
773 2267 926 2335 emanato,
938 2263 1116 2341 quempiam
1132 2266 1163 2326 in
1179 2268 1289 2330 iudicio

549 2347 599 2408 vel
620 2355 706 2410 extra
717 2349 795 2412 illud
810 2351 856 2413 uti
877 2369 930 2416 seu
946 2370 977 2414 se
993 2355 1099 2418 iuvare
1122 2359 1289 2424 ullomodo

548 2459 652 2521 posse3
674 2444 726 2505 sed
748 2443 826 2522 ipsas
841 2455 1017 2522 praesentes
1035 2449 1152 2513 litteras
1166 2469 1289 2533 semper

548 2537 663 2612 sirmas,
683 2536 797 2600 validas
812 2545 843 2600 et
855 2539 990 2602 efficaces
1012 2544 1143 2608 existere
1165 2555 1195 2609 et
1210 2548 1286 2624 lore,

546 2646 680 2707 suosque
701 2631 853 2709 plenarios
868 2641 898 2695 et
918 2635 1056 2714 integros
1078 2638 1203 2704 effectus
1224 2660 1287 2705 sor-

547 2722 599 2782 tiri
614 2730 644 2784 et
659 2723 811 2800 obtinere,
835 2741 868 2788 ac
890 2727 926 2788 ab
941 2728 1013 2805 illis,
1028 2729 1064 2790 ad
1079 2748 1155 2810 quos
1173 2744 1288 2813 spectat

547 2823 578 2876 et
588 2831 643 2893 pro
656 2821 792 2896 tempore
804 2822 1059 2900 quandocumque
1070 2829 1228 2903 spectabit,
1242 2831 1287 2892 in-

546 2907 731 2970 violabiliter
753 2917 783 2972 11
804 2912 986 2976 inconcusse
1001 2917 1169 2996 observari,
1185 2921 1287 3002 sicque

546 3006 576 3061 et
591 3016 654 3062 non
669 3000 758 3064 aliter
772 3003 805 3064 in
820 3007 994 3082 praemissis
1009 3026 1063 3088 per
1077 3028 1287 3094 quoscumque

547 3093 660 3156 iudices
681 3095 851 3159 ordinarios
872 3105 904 3162 et
918 3100 1083 3180 delegatos,
1106 3107 1200 3168 etiarn
1218 3126 1286 3171 cau-

545 3203 650 3248 sarum
670 3188 773 3266 palatii
801 3192 957 3268 apostolici
979 3195 1144 3275 auditores,
1161 3217 1193 3262 ac
1208 3203 1286 3264 eius-

546 3279 616 3340 dem
632 3279 663 3342 8.
677 3280 712 3342 R.
725 3283 759 3343 E.
775 3283 961 3364 cardinales,
976 3289 1071 3350 etiarn
1086 3293 1124 3354 de
1135 3293 1231 3360 latere
1246 3296 1287 3358 le·

546 3381 642 3448 gatos,
664 3373 778 3436 aliosve
799 3378 952 3454 quoslibet
969 3397 1163 3464 quacumque
1183 3404 1286 3466 praee-

545 3464 696 3527 minentid
711 3475 742 3529 et
755 3477 905 3548 potestate
926 3472 1094 3552 iungentes
1112 3487 1142 3540 et
1163 3479 1287 3544 sunctu-

545 3575 605 3633 ros,
632 3559 750 3623 sublata
775 3563 818 3623 eis
840 3570 1001 3629 eteorum
1027 3570 1155 3636 cuilibet
1180 3579 1286 3654 quavis

543 3651 632 3713 aliter
652 3652 808 3718 iudicandi
830 3664 861 3718 et
893 3659 1115 3740 interpretandi
1143 3666 1285 3734 facultate

543 3751 574 3805 et
595 3747 787 3824 auctoritate,
810 3749 938 3814 iudicari
962 3762 993 3817 et
1017 3755 1139 3821 definiri
1162 3763 1283 3840 debere,

542 3854 576 3899 ac
602 3839 727 3902 irritum
751 3849 783 3903 et
805 3843 908 3921 inane,
930 3847 955 3907 si
974 3864 1062 3912 secus
1083 3867 1176 3931 super
1197 3857 1244 3920 his
1269 3876 1284 3920 a

542 3949 710 4010 quoquam,
733 3937 840 4014 quavis
861 3942 1051 4020 auctoritate,
1080 3947 1214 4018 scienter
1235 3953 1283 4014 vel

541 4025 734 4104 ignoranter,
756 4032 921 4109 contigerit
942 4041 1098 4102 attentari.

581 4122 600 4194 ἓ
620 4120 649 4182 9.
667 4121 735 4184 Non
751 4124 942 4189 obstantibus
957 4133 1141 4211 praemissis,
1154 4153 1199 4213 ac,
1212 4155 1284 4217 qua·

542 4219 633 4274 tenus
654 4231 730 4293 opus
750 4217 800 4292 sil,
823 4221 926 4282 nostra
940 4229 972 4284 et
985 4223 1191 4290 cancellariae
1205 4233 1284 4310 Apo·

443 4302 448 4313 “
540 4306 665 4369 stolicae
695 4311 801 4386 regula
829 4314 868 4376 dc
888 4316 956 4378 iure
981 4321 1119 4397 quaesito
1141 4337 1204 4386 non
1227 4325 1285 4387 tol·

542 4399 643 4476 lendo,
653 4401 781 4482 aliisque
791 4408 962 4484 apostolicis
971 4427 1004 4473 ac
1014 4412 1047 4474 11
1056 4415 1283 4480 universalibus

541 4495 841 4576 provincialibusque
868 4507 898 4561 11
925 4504 1120 4580 synodalibus
1147 4513 1283 4574 conciliis

541 4586 643 4662 editis,
667 4591 862 4664 generalibus
886 4595 936 4656 vel
962 4599 1143 4675 specialibus
1171 4607 1284 4668 consti-

542 4681 712 4744 tutionibus
727 4689 758 4745 et
773 4685 1028 4767 ordinationibus
1042 4710 1164 4758 necnon
1182 4700 1282 4760 cuius-

540 4772 586 4832 vis
595 4771 725 4850 Ordinis,
739 4781 985 4855 congregationis
996 4792 1026 4845 et
1041 4785 1176 4852 instituti
1189 4792 1281 4854 etiam

540 4864 697 4928 Societatis
719 4867 798 4946 lesu,
821 4887 853 4933 ac
875 4877 1055 4951 quarumvis
1071 4881 1280 4963 ecclesiarum,

539 4963 569 5018 et
590 4958 656 5020 aliis
677 4961 876 5040 quibuslibet,
893 4967 988 5030 etiam
1005 4969 1194 5054 iuramento,
1211 4994 1284 5040 con-

538 5050 712 5114 firmatione
733 5057 907 5134 apostolica,
934 5061 984 5122 vel
1006 5065 1113 5141 quavis
1135 5067 1281 5134 firmitate

536 5141 594 5202 alid
609 5143 768 5224 roboratis,
781 5152 914 5229 statutis,
930 5155 1030 5233 stylis,
1044 5159 1148 5224 usibus
1163 5170 1194 5225 et
1209 5179 1281 5228 con-

535 5238 763 5317 suetudinibus,
780 5243 873 5306 etiam
894 5245 1203 5333 immemorabilibus,
1219 5259 1281 5336 pri-

536 5328 660 5406 vilegiis
686 5349 827 5414 quoque,
860 5338 990 5404 indultis
1014 5349 1044 5406 et
1074 5345 1184 5410 litteris
1211 5369 1281 5431 apo-

535 5423 661 5501 stolicis,
683 5427 823 5505 praelatis
844 5432 973 5513 aliisque
994 5439 1154 5516 quibusvis
1179 5461 1281 5522 perso-

537 5515 596 5592 nis,
609 5517 786 5600 Ordinibus,
798 5530 1100 5610 congregationibus,
1118 5537 1278 5617 institutis,

536 5611 741 5692 societatibus,
765 5618 857 5682 etiam
873 5621 951 5698 lesu,
969 5642 1002 5688 ac
1017 5627 1150 5691 ecclesiis
1162 5639 1192 5694 et
1207 5632 1279 5695 locis

537 5704 743 5784 quibuslibet,
777 5711 870 5774 etiam
898 5717 1036 5794 specifica
1064 5729 1094 5782 et
1122 5723 1278 5788 individui

535 5801 694 5863 mentione
717 5805 833 5882 dignis,
862 5809 919 5870 sub
940 5813 1188 5896 quibuscumque
1209 5835 1278 5881 ver-

536 5891 645 5955 borum
668 5897 828 5961 tenoribus
840 5901 1001 5984 etiormis,
1020 5925 1136 5973 aecum
1152 5913 1277 5992 quibus·

1077 541 1142 590 luta.
1165 541 1256 590 PONT.
1280 542 1321 590 nl:
1341 545 1370 591 Ρ.
1388 547 1422 594 F·
1448 552 1528 598 PARS
1551 551 1572 598 l.

1354 672 1398 732 vis
1410 673 1503 736 etiam
1514 677 1777 754 derogatoriarum
1789 683 2002 764 derogatoriis,
2015 688 2095 751 aliis·

1353 780 1412 842 que
1434 767 1664 848 efficacioribus,
1680 775 1897 842 efficacissimis
1911 787 1942 842 et
1963 781 2096 845 insolitis

1352 858 1495 922 clausulis
1507 870 1538 924 et
1549 865 1689 942 decretis,
1700 867 1730 928 in
1744 885 1858 946 genere
1870 873 1919 934 vel
1933 874 1967 936 11
1982 878 2094 953 specie,

1352 953 1445 1014 etiam
1459 957 1713 1023 consistorialiter
1724 971 1754 1024 et
1770 964 1852 1040 alias,
1865 967 2096 1045 quomodolibet

1353 1047 1384 1108 11
1399 1049 1590 1110 contrarium
1605 1055 1844 1128 praemissorum
1864 1062 2094 1137 quomodolibet

1351 1143 1518 1218 concessis,
1540 1145 1729 1208 confirmatis
1750 1166 1782 1212 ac
1803 1151 1919 1230 pluries
1941 1154 2095 1218 innovatis

1351 1240 1382 1294 et
1403 1237 1584 1314 approbatis.
1608 1240 1723 1315 Quibus
1744 1245 1889 1306 omnibus
1904 1255 1934 1308 et
1948 1247 2093 1326 singulis,

1351 1328 1469 1391 etiamsi
1490 1347 1546 1409 pro
1571 1332 1697 1395 illorum
1718 1336 1883 1400 sufficienti
1896 1341 2093 1417 derogatione

1350 1419 1387 1482 de
1401 1422 1461 1483 illis
1476 1439 1648 1504 eorumque
1669 1427 1740 1490 totis
1761 1431 1922 1495 tenoribus
1942 1435 2092 1512 specialis,

1349 1516 1499 1594 specifica,
1512 1535 1652 1596 expressa
1667 1529 1697 1582 et
1713 1522 1882 1600 individua,
1899 1541 1931 1588 ac
1946 1527 1984 1588 de
1998 1529 2093 1590 verbo

1348 1609 1384 1670 ad
1406 1611 1549 1686 verbum,
1567 1629 1630 1674 non
1646 1621 1750 1676 autem
1766 1631 1821 1693 per
1835 1617 1983 1680 clausulas
1999 1635 2092 1696 gene-

1348 1701 1426 1764 rales
1448 1701 1530 1766 idem
1551 1705 1764 1784 importantes,
1788 1711 1906 1772 mentio
1927 1727 1981 1774 seu
2001 1729 2092 1790 quae-

1348 1795 1395 1856 vis
1412 1797 1469 1858 alia
1497 1800 1653 1875 expressio
1680 1801 1816 1865 habenda
1839 1811 1892 1865 aut
1918 1803 2019 1884 aliqua
2040 1823 2093 1868 ex-

1347 1888 1458 1966 quisita
1469 1889 1567 1956 lorma
1581 1891 1616 1955 ad
1627 1895 1685 1956 hoc
1699 1895 1846 1956 servanda
1862 1896 1952 1974 foret,
1969 1909 2091 1961 tenores

1347 1983 1522 2047 huiusmodi
1545 1988 1756 2064 praesentibus
1778 2005 1834 2066 pro
1855 1989 1947 2068 plene
1972 2000 2003 2054 et
2027 1991 2090 2056 sul-

1347 2077 1489 2140 licienter
1510 2079 1659 2158 expressis
1679 2096 1712 2142 ac
1733 2083 1770 2144 de
1785 2082 1880 2145 verbo
1901 2085 1936 2146 ad
1958 2086 2090 2148 verbum

1346 2170 1470 2232 insertis
1491 2172 1736 2247 babentes,.illis
1759 2175 1832 2236 alias
1845 2177 1878 2237 in
1902 2193 1959 2240 suo
1978 2179 2090 2241 robore

1345 2265 1567 2340 permansuris,
1590 2267 1626 2328 ad
1654 2268 1895 2344 praemissorum
1923 2271 2087 2349 ellectum,

1344 2356 1400 2417 hac
1420 2357 1487 2419 vice
1507 2359 1682 2434 dumtaxat,
1704 2361 1877 2438 specialiter
1898 2369 1929 2424 et
1946 2379 2089 2442 expresse

1343 2447 1528 2526 derogamus
1542 2458 1573 2512 et
1587 2450 1768 2528 derogatum
1780 2469 1846 2516 esse
1868 2455 2023 2535 volumus,
2041 2475 2089 2520 ce-

1344 2543 1479 2621 terisque
1499 2545 1660 2606 contrariis
1682 2547 1939 2628 quibuscumque.

1383 2637 1401 2711 ἓ
1425 2636 1471 2700 10.
1501 2637 1645 2700 Formula
1676 2645 1782 2702 autem
1814 2640 1982 2706 iuramenti
2008 2646 2088 2709 sicut

1343 2729 1553 2810 praemittitur
1573 2733 1746 2808 praestandi
1769 2741 1814 2796 est
1832 2751 1911 2814 quae
1931 2739 2085 2817 sequitur,

1342 2823 1499 2885 videlicet:
1524 2823 1636 2885 «Cum
1658 2824 1806 2888 Summus
1817 2827 1959 2891 Pontifex
1979 2847 2086 2909 supre-

1343 2930 1426 2975 mam
1447 2923 1477 2976 et
1498 2915 1759 2994 independentem
1780 2936 1836 2997 pro
1851 2922 2001 2999 spirituali
2022 2925 2086 2985 ani·

1342 3023 1465 3070 marum
1486 3009 1639 3084 regimine
1654 3010 1686 3071 in
1698 3012 1847 3073 universo
1868 3021 2023 3078 terrarum
2038 3033 2087 3078 or·

1343 3099 1379 3162 be
1400 3100 1509 3162 habeat
1529 3102 1759 3179 auctoritatem,
1783 3121 1840 3168 nec
1860 3109 1896 3170 ad
1918 3109 2085 3173 mittendos

1342 3193 1508 3270 operarios,
1535 3195 1589 3272 qui
1617 3194 1802 3272 religionem
1830 3200 2029 3264 christianam
2051 3204 2086 3264 h·

1342 3290 1475 3364 demque
1495 3287 1676 3350 catholicam
1703 3291 1781 3368 apud
1804 3293 1956 3369 infideles,
1978 3303 2009 3357 et
2031 3313 2085 3358 no-

1342 3379 1485 3440 minatim
1506 3379 1538 3441 in
1561 3380 1725 3458 Sinarum,
1756 3385 1930 3463 Tunchini,
1955 3388 2084 3452 (1111111-

1341 3473 1460 3547 chinae,
1483 3473 1658 3550 Camboiae,
1684 3475 1797 3554 Siami,
1827 3478 1954 3558 aliisque
1975 3482 2085 3545 vicinis

1341 3567 1445 3643 regnis
1456 3573 1487 3628 et
1499 3567 1666 3646 provinciis
1681 3570 1866 3648 praedicent,
1879 3577 2082 3653 annuncient,

1340 3659 1486 3722 roborent
1508 3667 1538 3722 et
1560 3670 1773 3739 promoveant,
1796 3664 1892 3728 ullius
1913 3668 2011 3731 fidelis
2032 3671 2083 3731 vel

1341 3751 1485 3828 infidelis,
1507 3753 1643 3816 cuiusvis
1663 3761 1770 3833 status,
1794 3758 1916 3836 gradus,
1933 3763 2083 3824 conditio·

1340 3845 1387 3906 nis
1402 3862 1435 3908 ac
1446 3845 1605 3922 dignitatis
1627 3847 1720 3910 etiam
1732 3851 1834 3926 regiae
1849 3853 1970 3929 existat,
1988 3855 2082 3918 licen-

1340 3938 1381 3999 tia
1402 3937 1451 4000 vel
1472 3953 1626 4002 consensu
1647 3941 1794 4018 indigeat,
1817 3959 1874 4022 ego
1895 3945 1932 4008 N.
1950 3948 2084 4012 fideliter

1340 4031 1517 4094 incumbam
1547 4033 1647 4095 officio
1668 4050 1738 4097 meo
1765 4036 1797 4098 iu
1826 4039 1973 4102 missione
1998 4042 2083 4104 iuxta

1338 4133 1459 4187 sanctae
1480 4125 1566 4189 Sedis
1577 4127 1767 4206 Apostolicae
1789 4133 1929 4194 mandata
1943 4140 1973 4194 11
1988 4133 2082 4197 lacul-

1340 4224 1434 4280 tatem
1448 4219 1485 4280 ab
1497 4220 1531 4280 ea
1545 4221 1774 4300 praescriptam.
1787 4225 1871 4298 Quod
1886 4225 1912 4285 si
1927 4225 2081 4289 Ordinarii

1339 4310 1506 4386 indiarum,
1530 4312 1581 4373 vel
1595 4314 1749 4394 principes
1771 4324 1824 4378 aut
1845 4333 1933 4394 reges
1955 4320 2083 4382 catholi-

1338 4404 1376 4479 ci,
1395 4404 1445 4466 vel
1467 4405 1529 4481 alii,
1553 4407 1590 4468 de
1611 4409 1876 4472 administratione
1897 4413 2081 4476 missionum

1338 4497 1453 4559 inillis
1482 4499 1635 4578 partibus,
1668 4517 1785 4580 suaque
1812 4505 1879 4566 iura
1900 4513 1930 4567 et
1955 4508 2081 4586 privile-

1338 4592 1385 4668 gia
1413 4592 1523 4653 violari
1554 4596 1719 4672 conquesti
1744 4595 1880 4674 luerint,
1910 4615 2080 4680 meumque

1338 4683 1503 4774 consilium
1524 4692 1555 4748 et
1576 4688 1726 4750 auxilium
1754 4690 1886 4770 desuper
1912 4696 2079 4774 requisive-

1337 4779 1413 4855 rint,
1438 4779 1467 4840 ei
1488 4780 1534 4840 rei
1554 4796 1606 4842 me
1627 4782 1713 4844 nullo
1735 4787 1825 4848 modo
1847 4787 1999 4865 ingeram,
2026 4791 2079 4852 sed

1337 4873 1463 4934 muneri
1485 4874 1563 4934 mihi
1588 4875 1781 4940 incumbenti
1810 4887 1932 4943 tantum
1954 4899 2078 4962 operam

1336 4965 1423 5027 dabo.
1448 4965 1708 5030 Praedicationem
1730 4971 1816 5034 verbi
1831 4973 1895 5048 1111,
1908 4991 2078 5038 sacramen·

1337 5067 1439 5120 torum
1460 5057 1771 5140 administrationem,
1797 5065 1919 5128 aliudve
1940 5069 2079 5131 ecclesia-

1334 5152 1447 5214 sticum
1468 5168 1584 5215 munus
1604 5155 1823 5235 quodcumque
1844 5160 1875 5219 in
1898 5159 1970 5222 locis
1993 5161 2078 5224 Vica-

1336 5243 1453 5306 riorum
1462 5246 2077 5324 Apostolicorumcuraecommissisnun-

1334 5353 1428 5416 quam
1449 5342 1608 5417 exercebo,
1632 5343 1876 5422 quibuscumque
1907 5347 2077 5424 privilegiis

1334 5433 1464 5510 propriis
1486 5433 1536 5495 vel
1558 5451 1643 5498 meae
1665 5436 1823 5513 religionis
1850 5437 1900 5499 vel
1920 5440 1988 5502 aliis
2009 5443 2077 5522 qui·

1333 5523 1438 5586 busvis
1460 5529 1601 5590 munitus
1615 5528 1756 5604 existam,
1772 5530 1833 5591 nisi
1853 5533 1939 5610 prius
1953 5533 1990 5594 ab
2004 5536 2077 5614 ipsis

1334 5617 1463 5684 vicariis
1489 5623 1669 5702 Apostolicis
1696 5624 1810 5687 luerim
1836 5629 2020 5706 approbatus
2047 5639 2077 5696 et

1333 5713 1369 5775 ab
1390 5715 1498 5777 iisdem
1520 5717 1677 5780 licentiam
1697 5719 1730 5780 in
1751 5721 1873 5798 scriptis
1894 5725 2073 5804 acceperim.

1332 5805 1366 5868 lu
1388 5809 1530 5871 examine
1551 5809 1717 5888 bullarum,
1739 5814 2001 5880 constitutionum
2020 5837 2076 5884 seu

1332 5901 1464 5967 aliarum
1486 5919 1753 5984 quarumcumque
1768 5906 1943 5972 litterarum
1957 5920 2076 5990 aposto·

2127 547 2181 606 An.
2194 554 2224 605 (1.
2248 553 2319 606 1678

2145 2662 2262 2708 Formula
2281 2663 2325 2708 iu-

2106 2718 2224 2762 11111111.
