4866 6980
336 547 389 602 Au.
403 549 433 602 0.
456 549 523 602 tore
573 551 612 614 ΞΟ

553 687 734 751 auctoritate
756 685 907 750 ordinarit
931 685 1108 761 fabricandi,
1131 686 1293 748 confician-

555 789 606 843 tur
627 797 699 844 cum
720 781 854 842 maximi
875 779 1045 857 diligentia,
1068 780 1189 842 censuit
1209 796 1295 842 man-

554 875 618 938 dari
639 874 806 938 Ordinariis
837 875 987 950 locorum,
1018 881 1064 949 ut,
1095 875 1175 936 ultra
1202 879 1296 938 testes

554 968 732 1030 inductosa
758 968 1016 1047 postulatoribus,
1046 975 1211 1031 teneantur
1238 968 1295 1047 ipsi

488 1119 489 1122 ,
553 1077 677 1140 quoque
698 1061 857 1140 inquirere
871 1079 904 1124 ac
919 1063 1095 1125 examinare
1114 1062 1188 1125 alios
1203 1069 1296 1125 testes

553 1156 632 1218 bene
654 1156 820 1220 instructos
834 1171 927 1235 super
940 1155 1004 1218 vita
1018 1161 1049 1218 et
1061 1156 1200 1219 moribus
1214 1156 1296 1218 servi

553 1249 619 1324 llei,
636 1257 667 1312 et
680 1249 705 1310 si
721 1249 836 1328 aliquid
857 1251 1030 1330 repererint
1045 1250 1077 1312 in
1092 1250 1293 1324 contrarium,

553 1345 634 1420 quod
656 1343 729 1424 ipsis
750 1344 892 1406 videatur
908 1343 1062 1418 relevans,
1078 1345 1296 1422 supersedeant

553 1437 590 1498 ab
611 1436 752 1499 ulteriori
775 1437 985 1516 inquisitione,
1001 1435 1097 1498 donec
1112 1452 1195 1497 sacra
1217 1436 1296 1498 Con·

554 1530 703 1606 gregatio,
716 1530 753 1592 ab
767 1530 810 1591 eis
824 1531 983 1593 certiorato
999 1546 1054 1610 per
1068 1529 1196 1606 litteras,
1209 1545 1295 1592 man-

554 1623 605 1685 det
626 1625 698 1704 quid
720 1625 874 1701 agendum
896 1624 945 1686 sit.

324 1732 535 1834 alqcrteoqitqqearqs
595 1735 627 1780 ιι.
664 1718 846 1780 Huiusmodi
876 1717 1049 1795 diligentias
1079 1719 1196 1788 servari
1227 1719 1296 1781 vult

324 1839 456 1896 postoltca.

554 1813 647 1876 etiarn
668 1813 701 1874 in
721 1811 911 1890 processibus
933 1811 1114 1874 auctoritate
1134 1812 1295 1890 apostolici

553 1905 699 1968 faciendis
720 1922 736 1965 a
757 1905 909 1967 iudicibus
930 1904 1088 1980 delegatis,
1110 1906 1222 1984 quibus
1242 1921 1297 1984 per

553 1999 669 2062 litteras
690 1999 888 2077 particulares
914 2014 1015 2060 sacrae
1041 1998 1296 2076 Congregationis

553 2093 645 2155 enixe
666 2093 874 2155 commendari
904 2091 1026 2169 debeat;
1051 2100 1080 2155 et
1102 2093 1183 2154 idern
1208 2092 1296 2155 faciat

553 2195 711 2265 promotor
725 2185 795 2247 fidei
811 2185 843 2248 ιιι
859 2185 970 2278 litteqis
985 2185 1155 2247 scribendis
1169 2185 1297 2264 subpro

553 2281 735 2342 motoribus.

322 2439 353 2474 eu
356 2376 397 2474 s123
397 2377 534 2474 diqvtgq’qg
593 2392 640 2436 ιιι.
665 2375 703 2438 Et
724 2389 780 2452 pro
801 2374 907 2434 maiori
929 2373 1047 2436 cautela
1062 2372 1223 2450 praescribi
1246 2372 1297 2433 de·

267 2477 271 2489 ¹
322 2483 390 2528 crem
411 2481 535 2528 servando
553 2469 622 2530 beat
643 2469 676 2529 in
698 2467 809 2529 litteris
835 2461 1105 2540 remissorialibus,
1129 2467 1210 2544 quod
1231 2481 1294 2528 non

322 2536 535 2645 2?,h„?{3?§⁰3},22
554 2561 655 2623 solum
687 2561 923 2636 interrogatoria
951 2560 1146 2621 retineantur
1173 2574 1296 2637 semper

554 2655 654 2716 clausa
675 2661 706 2715 et
726 2653 859 2730 sigillata
880 2668 951 2715 curn
979 2652 1088 2730 sigillis
1114 2653 1296 2714 eorumdem

554 2747 702 2821 iudicum,
725 2763 788 2808 non
810 2747 972 2824 aperienda
1001 2745 1059 2808 nisi
1080 2745 1113 2807 in
1135 2753 1205 2807 actu
1227 2761 1297 2806 esa-

554 2841 649 2904 minis
671 2847 701 2902 et
722 2838 888 2901 claudenda
921 2839 953 2900 in
975 2838 1056 2914 ssne,
1084 2839 1136 2900 sed
1163 2837 1295 2900 ulterius

554 2934 759 3014 depositiones
780 2933 876 3010 ipsae,
895 2940 1060 3011 antequam
1082 2947 1241 3010 processus
1257 2932 1296 2993 sit

554 3029 723 3102 absolutus,
740 3028 772 3089 in
788 3028 852 3089 line
865 3027 1029 3088 cuiuslibet
1040 3026 1183 3088 sessionis
1198 3025 1295 3088 claudi

553 3129 585 3184 et
605 3121 719 3199 signari
749 3121 878 3182 debeant
905 3136 977 3181 cum
1003 3119 1111 3196 sigillis
1139 3119 1294 3193 iudicum,

554 3233 611 3278 nec
632 3216 749 3294 possint
774 3213 884 3293 aperiri
905 3214 964 3276 nisi
984 3215 1016 3275 in
1031 3213 1203 3293 praesentit
1218 3213 1296 3291 ipso-

554 3327 625 3372 rum
651 3311 685 3372 iu
711 3307 862 3388 principio
893 3307 1057 3370 cuiuslibet
1088 3307 1238 3368 examinis
1266 3313 1297 3368 et

493 3420 495 3429 ’
553 3403 708 3478 sessionis
720 3419 752 3464 ac
773 3401 952 3464 huiusmodi
971 3399 1151 3477 diligentiae
1165 3400 1232 3461 deri
1247 3401 1296 3462 de·

554 3499 646 3562 beant
668 3497 760 3558 etiam
782 3496 815 3556 in
843 3493 1033 3572 processibus
1061 3493 1242 3556 fabricandis
1264 3494 1296 3555 in

556 3593 656 3658 Curii.
680 3589 839 3668 lidemque
861 3588 988 3662 iudices,
1000 3593 1092 3665 prout
1114 3587 1207 3649 etiam
1227 3587 1298 3649 sub

555 3692 747 3766 promotores
759 3691 789 3746 et
801 3681 924 3756 notarii,
938 3689 999 3742 tam
1012 3681 1044 3742 in
1057 3681 1192 3758 partibus
1204 3697 1296 3759 quam

556 3783 588 3843 in
613 3779 715 3854 Curii,
738 3794 770 3838 ac
792 3782 896 3850 testes,
914 3775 991 3837 etin
1008 3773 1101 3836 Curii
1121 3774 1215 3836 etiarn
1230 3791 1298 3854 pro·

556 3873 738 3946 tenelerias,
754 3870 885 3933 debeant
900 3875 970 3930 ante
985 3867 1215 3929 inchoationem
1230 3883 1298 3946 pro-

555 3983 697 4030 cessuum
709 3971 863 4046 praestare
875 3963 1087 4024 iuramentum
1100 3962 1137 4023 de
1148 3962 1298 4024 servando

555 4067 710 4124 secretum
731 4058 885 4134 religiose,
901 4055 959 4118 sub
974 4055 1069 4134 poena
1084 4053 1300 4115 excommuni-

555 4154 682 4217 cationis
703 4153 769 4231 ipso
788 4151 867 4212 lacto
888 4151 922 4211 in
942 4163 1046 4210 casum
1071 4148 1300 4209 contraventio-

556 4248 605 4309 nis
626 4245 841 4318 incurrendae,
865 4244 950 4304 iusta
971 4241 1138 4303 termulam
1160 4241 1299 4304 eiusdem

540 4339 722 4409 iuramenti
733 4337 973 4416 imprimendam
984 4336 1015 4396 iu
1032 4334 1300 4396 finedecretorum

557 4441 587 4496 et
610 4450 666 4512 pro
688 4430 864 4494 omnimodi
878 4427 1073 4491 observantia
1086 4427 1300 4489 transmitten-

557 4529 627 4590 dam
647 4527 799 4590 iudioibus
820 4523 967 4600 delegatis
983 4521 1015 4583 in
1031 4521 1103 4599 ipsis
1124 4521 1236 4582 litteris
1253 4537 1299 4582 re-

558 4620 789 4684 missiorialibus
801 4625 832 4680 et
846 4613 1132 4695 subpromotoribus
1144 4613 1176 4674 in
1188 4613 1300 4675 litteris

557 4713 753 4796 promotoris.

352 4816 386 4860 ⁰0
400 4813 538 4868 interprete
598 4825 639 4868 ιι.
664 4807 867 4870 considerans
889 4818 1011 4883 quoque
1033 4802 1302 4876 sacraGongrega-

325 4871 539 4968 littldtddli?
560 4903 602 4964 tio
623 4902 703 4980 quod
718 4899 886 4978 principale
901 4897 1140 4959 tundamentum
1156 4895 1188 4956 in
1203 4893 1300 4956 causis

326 4976 476 5030 scriptorum
495 4975 539 5037 ho·

326 5039 435 5086 rumque
449 5039 539 5074 versio-

326 5093 390 5184 gl?
409 5081 538 5128 examina·
558 5089 664 5152 debeat
677 5087 710 5148 in
725 5085 808 5148 fideli
829 5083 1083 5162 interpretatione
1099 5095 1300 5160 processuum

558 4994 819 5058 beatificationum
831 4999 861 5052 et
872 4989 1143 5052 canonizationem
1154 4987 1300 5049 constitui

557 5189 664 5244 extero
677 5180 820 5242 idiomate
834 5177 1056 5250 coniectorum,
1074 5183 1104 5236 et
1119 5175 1211 5252 quod,
1228 5172 1300 5234 licet

557 5291 595 5336 er
616 5273 760 5335 laudabili
782 5269 975 5333 observantia
1003 5269 1156 5345 interpres
1177 5280 1300 5342 semper

556 5367 652 5429 luerit
674 5367 790 5428 electus
811 5365 847 5425 ab
874 5361 1124 5425 eminentissimo
1151 5367 1297 5437 ponente,

557 5461 647 5522 citato
669 5467 700 5522 et
720 5459 824 5522 audito
845 5457 1018 5520 reverendo
1040 5460 1126 5534 patre
1140 5452 1210 5515 fidei
1232 5467 1300 5530 pro·

556 5561 688 5628 motore,
711 5551 915 5614 nihilominus
932 5565 1026 5627 super
1035 5549 1092 5610 hoo
1107 5548 1227 5608 decreta
1249 5559 1300 5620 ge-

558 5647 672 5709 neralia
703 5645 782 5707 nibil
814 5645 998 5723 disponunt;
1027 5640 1138 5704 idcirco
1164 5639 1300 5702 decrevit

557 5741 638 5820 quod
659 5740 691 5802 in
714 5745 872 5818 posterum
893 5737 925 5798 in
948 5733 1183 5818 qualibeteaosd
1205 5733 1300 5794 iuter-

598 5955 627 6011 (ι)
643 5957 740 6000 Forsan
756 5957 793 6002 16,
810 5952 914 5998 atinio.

1074 567 1137 612 ltin.
1162 567 1252 612 PONT·
1277 565 1317 610 DE
1339 565 1367 610 1³.
1391 566 1420 612 F.
1445 567 1527 614 PARS
1549 570 1569 614 l.

2125 551 2178 602 An.
2193 551 2224 603 C.
2246 549 2328 604 1678

1350 700 1419 763 pres
1446 685 1580 763 eligatur
1604 689 1641 751 ab
1666 689 1913 752 eminentissimo
1941 678 2094 752 Cardin'ali

1351 790 1497 862 ponente,
1520 785 1612 846 citato
1632 791 1665 848 et
1685 784 1788 846 audito
1816 784 1986 846 reverendo
2008 789 2095 862 patre

1352 877 1422 942 fidei
1434 885 1621 956 promotore,
1634 885 1665 941 et
1675 893 1730 956 pro
1745 877 1854 940 maiori
1869 876 1997 952 cauteld,
2013 883 2095 956 post-

1350 985 1444 1048 quam
1465 970 1680 1049 interpretatio
1694 970 1789 1034 luerit
1808 970 1896 1044 lacta,
1918 969 2096 1033 revideatur

1351 1063 1388 1124 ab
1408 1063 1511 1142 aliquo
1532 1063 1600 1125 viro
1615 1065 1709 1144 probo
1731 1071 1762 1126 et
1783 1064 1893 1142 perito,
1910 1063 1963 1141 qui
1978 1071 2096 1125 secrete

1351 1158 1387 1220 ad
1408 1157 1465 1219 hoc
1486 1157 1622 1220 cilicium
1644 1165 1817 1220 assumatur
1834 1157 1871 1219 ab
1892 1157 2001 1220 eodem
2022 1156 2096 1218 emi·

1352 1252 1535 1315 nentissimo
1563 1258 1710 1331 ponente,
1733 1258 1781 1326 et,
1804 1251 1828 1312 si
1850 1251 2023 1329 reperiatur
2044 1249 2098 1311 ali-

1351 1347 1420 1425 quis
1441 1361 1529 1408 error
1556 1345 1783 1420 substantialis,
1813 1345 1966 1423 interpres
1987 1359 2096 1406 severe

1351 1439 1500 1517 puniatur
1530 1439 1657 1501 arbitrio
1688 1455 1790 1500 sacrae
1818 1438 2095 1513 congregationis3

1351 1549 1520 1612 perquem
1544 1532 1827 1594 eminentissimum
1855 1530 1968 1592 deterri
1990 1530 2097 1592 debeat

1352 1634 1414 1689 tam
1436 1627 1598 1706 interpreti
1619 1642 1712 1706 quam
1732 1627 1862 1688 revisuri
1883 1626 2098 1688 iuramentum

1352 1721 1389 1782 de
1410 1721 1542 1782 fideliter
1562 1719 1620 1782 sibi
1642 1735 1755 1781 munus
1777 1721 1975 1781 commissum
2002 1719 2099 1781 adim-

1352 1815 1477 1894 pleud03
1502 1815 1613 1893 quibus
1633 1814 1727 1874 etiam
1741 1811 1849 1874 eadem
1863 1829 1946 1875 sacra
1962 1812 2099 1889 Congre-

1353 1908 1433 1983 gatio
1454 1907 1620 1984 assignavit
1642 1908 1817 1969 mercedem
1832 1921 1886 1984 pro
1900 1906 1964 1968 suis
1986 1905 2097 1967 labori·

1352 1999 1419 2076 bus,
1443 2016 1555 2078 nempe
1575 1999 1752 2062 carolenum
1774 2015 1874 2062 unuin
1889 2015 1944 2077 pro
1959 1999 2097 2078 quolibet

1352 2093 1424 2156 lolio
1446 2095 1582 2168 retineto,
1607 2094 1647 2156 ita
1662 2103 1697 2156 ut
1718 2092 1807 2154 iacies
1827 2093 1866 2154 sit
1883 2093 2037 2154 linearum
2057 2094 2097 2156 tlt

1352 2195 1383 2248 et
1404 2187 1485 2249 linea
1507 2185 1694 2266 syllabarum
1715 2187 1755 2248 26
1775 2185 1832 2267 (l).

1392 2297 1420 2339 v.
1445 2281 1618 2342 Advertens
1637 2281 1729 2341 etiam
1752 2295 1843 2358 quarn
1866 2281 2035 2342 necessaria
2056 2281 2096 2344 sit
2136 2287 2176 2348 ,⁰⁰
2195 2284 2261 2348 etseq
2277 2296 2339 2330 ⁰¹1¹·

1352 2373 1483 2450 diligens
1505 2375 1645 2452 custodia¹
1661 2388 1861 2451 processuum
1882 2373 2094 2450 originalium,
2115 2339 2339 2456 igi'gesryffitlffi'r'n

1351 2465 1579 2545 decrevitquod
1594 2467 1626 2541 ii,
1642 2467 1734 2528 sicuti
1754 2467 1847 2528 etiam
1869 2466 2097 2544 interpretatio-
2115 2445 2338 2556 ἓᾏῧξῗὲὲξξξξῧῗ

1352 2575 1405 2621 nes
1424 2559 1588 2636 originales
1604 2559 1729 2622 illorum
1745 2561 1798 2638 qui
1813 2567 1884 2622 sunt
1899 2567 2005 2622 extero
2021 2561 2096 2623 idio-
2115 2553 2164 2600 ¹¹¹⁵·

1352 2661 1432 2715 mate
1453 2652 1595 2728 conlecti,
1618 2653 1747 2714 retineri
1768 2653 1899 2714 debeant
1912 2653 1945 2714 in
1960 2653 2096 2716 archivio

1352 2747 1459 2810 Sacrae
1480 2747 1736 2822 Congregationis
1756 2747 1790 2808 in
1810 2745 1955 2808 Vaticano
1978 2747 2009 2808 in
2031 2747 2097 2810 loco

1351 2840 1453 2902 clauso
1474 2849 1505 2902 et
1526 2847 1663 2918 separato
1686 2840 1722 2900 ab
1743 2839 1808 2900 aliis
1835 2840 2007 2917 scripturis,
2040 2856 2096 2902 neo

1351 2934 1469 3010 possint
1491 2933 1628 2995 amoveri
1649 2932 1709 2994 nisi
1732 2935 1769 2996 de
1787 2933 1895 2994 ordine
1915 2935 2096 2996 eminentis-

1351 3027 1422 3088 simi
1444 3026 1614 3089 Gartlinalis
1629 3027 1785 3104 ponentis
1802 3027 1852 3088 vel
1867 3028 1903 3088 ad
1918 3027 2096 3090 instantiam

1353 3121 1515 3182 reverendi
1539 3121 1631 3198 patris
1663 3120 1865 3198 promotoris,
1894 3121 1930 3182 ad
1952 3121 2094 3184 ellectum

1352 3213 1490 3287 videndi,
1513 3220 1666 3290 quatenus
1695 3229 1771 3292 opus
1792 3213 1842 3288 sit,
1866 3221 1896 3274 et
1918 3213 2030 3276 deinde
2052 3230 2098 3276 re-

1353 3306 1511 3384 portandi3
1534 3310 1624 3367 cuius
1645 3305 1776 3368 archivii
1797 3307 1874 3368 duae
1894 3307 1957 3368 sint
1985 3307 2095 3382 claves,

1353 3413 1415 3460 una
1436 3414 1530 3476 penes
1550 3399 1796 3476 protonotarium
1816 3399 2027 3478 apostolicum,
2044 3401 2096 3477 qui

1353 3507 1408 3570 pro
1437 3498 1576 3569 tempore
1598 3493 1803 3554 intervenerit
1832 3509 1932 3554 sacrae
1961 3495 2097 3570 Congre-

1354 3583 1480 3660 gationi,
1503 3591 1534 3645 et
1561 3583 1657 3646 altera
1688 3601 1784 3663 penes
1816 3587 2038 3664 secretarium;
2066 3593 2096 3649 et

1353 3677 1447 3739 clavis
1468 3677 1537 3752 loci,
1561 3677 1593 3739 in
1616 3694 1676 3756 quo
1693 3678 1915 3764 'custodiuntur
1936 3679 2008 3742 dicti
2029 3695 2099 3759 pro-

1353 3787 1466 3846 cessus,
1483 3777 1543 3832 stet
1565 3785 1659 3848 penes
1680 3769 1826 3833 eumdem
1842 3773 2095 3850 protonotarium,

1354 3865 1480 3926 alterius
1495 3879 1580 3938 vern,
1598 3863 1629 3925 in
1651 3881 1712 3942 quo
1728 3865 1905 3928 retinentur
1920 3867 1994 3928 aliae
2004 3867 2099 3945 scrip-

1356 3965 1442 4020 turae
1456 3956 1487 4020 S.
1499 3957 1764 4034 Congregationis,
1777 3975 1871 4038 penes
1885 3960 2095 4022 secretarium.

1393 4069 1436 4112 vr.
1462 4051 1608 4131 idemque
1628 4054 1858 4132 protonotarius
1875 4055 1969 4115 etiam
1990 4053 2098 4117 habeat
2131 4063 2333 4126 oequqtuorrp-

1354 4145 1531 4207 laenitatem
1541 4146 1703 4209 revidendi
1719 4147 1930 4209 inventarium
1944 4145 2096 4209 dictorum
2117 4119 2231 4232 {2335ss
2250 4127 2333 4232 gssffi

1355 4253 1565 4317 processuum,
1589 4247 1630 4314 et,
1653 4245 1807 4317 quatenus
1829 4255 1890 4301 non
1912 4241 2040 4316 adesset,
2064 4241 2098 4302 il·
2118 4233 2163 4268 ¹¹⁰²
2177 4223 2306 4270 ¹³⁰¹⁸¹¹⁶¹⁸·

1356 4333 1409 4394 lud
1436 4331 1603 4407 diligenter
1626 4332 1693 4392 deri
1714 4333 1841 4394 mandet
1867 4349 1939 4395 cum
1966 4341 2099 4411 quatuor

1355 4425 1460 4502 copiis,
1473 4440 1604 4502 quarum
1616 4441 1677 4486 una
1692 4433 1752 4486 stet
1764 4442 1858 4503 penes
1870 4429 2016 4489 eumdem
2031 4444 2100 4506 pro-

1357 4517 1658 4592 tonoterium,altera
1670 4533 1763 4596 penes
1775 4520 2100 4597 promotorem,allera

1357 4627 1450 4688 penes
1471 4611 1682 4688 secretarium,
1706 4619 1736 4674 et
1757 4621 1863 4691 quarta
1878 4614 1910 4675 in
1925 4615 2034 4676 eodem
2055 4631 2101 4676 ar·

1358 4704 1468 4779 chive,
1491 4709 1523 4764 et
1538 4705 1570 4764 in
1587 4705 1650 4765 line
1665 4705 1738 4767 anni
1753 4705 1846 4768 iidem
1861 4707 2099 4785 protonotarius,

1356 4804 1515 4873 promotor
1536 4803 1566 4858 et
1591 4800 1773 4860 secretarius
1802 4800 1944 4862 revidere
1970 4798 2101 4863 debeant

1356 4890 1473 4952 dictum
1495 4891 1718 4968 inventarium,
1735 4901 1765 4954 et
1779 4893 1920 4956 conlerre
1940 4910 2012 4956 cum
2032 4911 2102 4973 pro-

1356 4983 1501 5059 cessibus
1518 4985 1553 5046 ad
1576 4984 1720 5048 ellectum
1734 4987 1973 5063 recognoscendi
1994 5004 2033 5049 an
2048 4988 2102 5048 ali-

1357 5077 1429 5153 quid
1451 5076 1582 5154 deficiat,
1610 5085 1639 5140 et
1664 5079 1793 5141 curandi
1818 5088 1854 5142 ut
1881 5087 2098 5158 reportentur,

1355 5176 1387 5230 el
1413 5171 1596 5232 secretarius
1624 5171 1736 5234 referat
1770 5173 1803 5234 in
1831 5173 1929 5250 prima
1957 5173 2100 5251 sequenti

1355 5265 1607 5340 congregatione.

1395 5373 1451 5418 vu.
1477 5359 1557 5420 Cum
1579 5359 1693 5438 pluries
1714 5359 1889 5422 dubitatum
1907 5359 2000 5422 luerit
2021 5359 2099 5422 circa
2163 5373 2197 5416 ne
2219 5373 2330 5433 temone

1356 5451 1598 5529 intelligentiam
1626 5454 1820 5515 decretorum
1851 5468 1919 5530 pag.
1945 5451 1994 5527 28,
2018 5452 2097 5531 quod
2119 5431 2333 5524 ῗέηοᾱιξῖἷᾞῗὲξῇ

1357 5561 1420 5627 non
1442 5546 1528 5623 prius
1550 5545 1641 5608 Sedes
1663 5545 1834 5622 Apostolioa
1852 5547 1972 5607 moveri
1992 5547 2097 5621 soleat,
2118 5535 2334 5642 {qqqqqicongre-

1357 5655 1450 5717 quam
1481 5653 1587 5715 reges,
1620 5639 1772 5716 principes
1794 5645 1825 5699 et
1852 5639 1927 5700 aliae
1952 5655 2100 5718 personae

1356 5732 1552 5794 authenticae
1574 5739 1604 5792 et
1630 5731 1775 5793 honestae
1805 5732 1959 5794 instanter
1986 5731 2099 5812 suppli·
