4878 6982
31 663 36 734 Ι

113 523 200 616 tac.
220 552 286 610 troo

355 706 427 754 cum
448 691 606 756 erectione
627 689 818 757 alumnatus
842 708 900 772 pro
922 709 986 758 uuo
1008 695 1059 758 iu·

354 786 596 850 urdenationis
618 786 713 864 Epiri
734 785 779 867 (l)

515 955 702 1024 cludens
724 955 783 1024 PP·
805 956 851 1024 tlt.

466 1095 579 1141 unars
606 1097 706 1144 ιιοιι
733 1097 908 1144 anurnio.

134 1253 269 1300 uxoratum.
356 1251 437 1314 Cum
459 1251 491 1313 in
513 1253 567 1327 iis,
590 1269 669 1332 qnae
694 1254 731 1316 ad
756 1253 900 1316 divinum
927 1251 1060 1326 cultum,

314 1349 513 1422 sanctamque
525 1345 705 1408 catholicam
717 1346 902 1423 religionem
913 1345 1062 1423 amplian-

315 1433 384 1497 dam
406 1438 713 1516 conservandamque
730 1439 902 1518 pertinent,
919 1453 982 1500 non
1000 1445 1060 1498 lam

357 1689 386 1746 (lt
402 1693 439 1734 Ex
453 1689 519 1736 Bull.
536 1691 560 1734 Ρ.
576 1689 608 1736 de
621 1692 694 1746 Prop.
711 1689 772 1734 Fide
787 1701 810 1746 p.
825 1691 873 1744 itt,
887 1688 945 1734 coll.
961 1691 1008 1733 etc.
1025 1689 1061 1732 lix

316 1757 457 1802 'tabulario
477 1755 593 1803 eiusdem
613 1755 838 1812 congregationis,
853 1767 900 1811 pro
914 1754 953 1800 rel
968 1765 1062 1802 meme

316 1825 366 1880 ria,
376 1835 487 1880 sequeus
502 1824 687 1870 documentum
698 1821 833 1879 publicare
842 1821 1060 1867 existimavimus.

550 1975 654 2017 nonus
672 1973 828 2016 rnoratns

463 2077 512 2130 SS.
533 2079 619 2128 DN.
640 2075 845 2129 cannensis
864 2075 914 2128 XI.

318 2229 481 2272 curationis
496 2228 621 2272 concaua,
636 2235 700 2270 cum
719 2227 953 2270 dtetnembruttouc
966 2226 991 2266 ct
1004 2231 1063 2266 cou-

355 2303 437 2338 ecnau
454 2295 606 2338 cardinatis
619 2293 764 2338 certabunt,
777 2293 880 2334 Abbati-r
892 2291 1063 2333 construenda-

356 2363 422 2404 turtr'
434 2362 525 2404 Sancti
538 2361 679 2404 Lautrenttl
692 2362 773 2402 entra
786 2367 889 2404 tuturos,
901 2359 985 2400 eluiem
994 2359 1062 2397 anm-

357 2437 408 2478 quc
430 2427 629 2470 &meroribus
652 2426 893 2470 cunrnactadatartts
917 2425 1059 2469 reseruati,

355 2503 440 2546 super·
458 2495 537 2538 Vinea
552 2495 581 2536 in
595 2495 650 2536 icco
664 2493 772 2535 Pericle
787 2493 955 2541 notaacnota,
967 2491 1064 2532 Sacrae

358 2561 563 2611 Conurcuattortt
581 2561 613 2602 de
631 2559 814 2610 Proconnensio
834 2557 897 2600 Ficta
918 2555 986 2600 citas
1004 2565 1063 2599 con-

357 2635 435 2673 tesan.

490 2720 522 2762 IN
537 2719 657 2764 NOMINE
672 2719 783 2762 DOMINI
797 2717 892 2760 ΑΜΕΝ.

357 2826 463 2872 cunctis
477 2825 574 2882 ubique
595 2827 684 2882 pateat
706 2823 849 2878 evidenter,
868 2825 895 2868 et
909 2822 944 2868 sit
959 2825 1062 2876 notum,

317 2894 386 2951 quod
400 2905 469 2940 antro
482 2903 498 2938 a
513 2891 656 2938 Nativitate
670 2889 773 2936 Domini
787 2888 876 2934 Nostri
890 2891 949 2934 lesu
964 2887 1063 2932 christi

318 2960 460 3006 millesimo
480 2955 713 3016 septingentesimo
731 2967 808 3010 nono,
828 2953 971 3000 indictione
986 2953 1063 2998 unde·

317 3027 394 3082 cima,
408 3027 450 3071 die
464 3037 525 3070 vero
540 3025 667 3082 vigesima
687 3026 784 3081 quarta
799 3021 963 3080 septembris,
979 3021 1063 3066 Ponti·

318 3095 412 3140 ilcatsts
425 3095 514 3138 autem
529 3091 693 3138 sanctissimi
707 3091 734 3134 lu
749 3089 853 3135 christo
867 3088 962 3142 Patris,
977 3091 1003 3133 et
1019 3091 1063 3132 Do·

317 3161 384 3206 mini
397 3159 485 3205 Nostri
499 3163 525 3203 D.
541 3162 693 3204 cnsnnurrs
703 3156 793 3202 Divina
804 3154 969 3202 Providentia
979 3158 1063 3211 Papae

317 3226 458 3280 Undeclmi,
476 3237 545 3272 anno
559 3225 616 3270 eius
637 3228 716 3270 Nono.
738 3226 792 3278 ligo
806 3221 926 3267 notarius
942 3221 1063 3278 publicus

317 3291 501 3350 infrascriptae
521 3291 574 3338 ridi
588 3295 615 3336 et
629 3291 682 3346 legi
701 3289 825 3335 cedulam
847 3291 935 3333 neotus
954 3286 1063 3345 proprii,

318 3371 398 3406 manu
408 3359 525 3405 eiusdem
536 3355 700 3404 sanctissimi
710 3355 814 3400 Domini
824 3354 911 3400 Nostri
921 3354 1063 3410 signatam,

318 3427 418 3472 terroris
432 3424 573 3482 sequentis,
587 3422 719 3468 videlicet:
735 3423 773 3476 (lu
782 3421 861 3476 calce)
877 3420 994 3466 cassatio
1003 3431 1063 3466 cum

318 3491 556 3538 dismembratione.
574 3490 612 3546 (ln
626 3489 712 3534 medio
726 3490 810 3543 vero):

479 3638 724 3686 CLEMENS
738 3637 819 3682 PP.
833 3635 901 3682 XI.

645 3764 738 3808 URBIS

161 3889 300 3954 discretiva
358 3901 430 3943 Motu
444 3895 550 3954 proprio
564 3898 611 3939 etc.
634 3897 697 3938 cum
717 3903 764 3937 nos
778 3901 870 3948 nuper,
885 3901 916 3935 ex
931 3888 1009 3936 certis
1025 3897 1065 3933 ra·

103 3952 301 3990 mmmm·
319 3964 491 4012 tinnabilibus
511 3961 596 4008 caune
617 3959 736 4005 animum
752 3961 873 4002 nostrum
889 3955 1063 4009 ruoventibus,

103 3997 301 4108 mesf‘ffigfig]
319 4035 345 4078 et
359 4033 392 4078 ad
405 4029 594 4076 consulendum
616 4028 698 4072 bonae
716 4023 861 4070 valetudini
884 4026 910 4068 et
929 4031 1064 4068 conserva·

102 4103 190 4160 potioni
199 4115 253 4150 arm
262 4115 301 4149 ra-
319 4099 383 4145 tloni
396 4099 566 4143 alumnorum
580 4104 628 4150 pro
648 4095 766 4148 tempore
780 4089 931 4156 degentium
946 4089 972 4132 in
987 4087 1064 4133 colle-

102 4157 229 4218 mdii'm
252 4167 300 4204 θῦ-
318 4165 360 4223 gio
374 4177 420 4212 seu
431 4161 574 4208 seminario
583 4158 726 4216 apostolico
736 4156 875 4214 pontilicio,
886 4156 990 4200 Urbano
999 4165 1064 4198 ιιιιιι-

103 4214 301 4274 ”Wflii‘i'm
318 4233 422 4289 cupato,
436 4229 462 4274 in
477 4229 547 4274 alma
562 4227 626 4272 urbe
640 4228 739 4278 nostra,
755 4223 803 4268 sub
818 4221 946 4280 regimine
961 4223 988 4266 et
1007 4233 1064 4277 pro·

103 4263 236 4364 amm
243 4274 301 4310 ⁶⁰⁷*
319 4297 431 4344 tectione
452 4291 666 4351 congregationis
687 4288 876 4335 venerabilium
892 4287 1006 4332 hatrum
1022 4298 1064 4332 no·

232 4355 238 4367 '
319 4367 436 4409 atrorum
455 4363 565 4406 sanctae
583 4362 717 4404 Romanae
733 4357 862 4402 Ecclesiae
886 4354 1062 4400 cardinalium

318 4429 503 4486 propagandae
518 4425 590 4471 ridel
604 4423 822 4482 praepositorum,
836 4425 924 4466 erecto
938 4425 965 4466 et
976 4421 1064 4466 lunda-

262 4505 273 4523 ·
319 4499 354 4550 to,
368 4495 500 4552 quandam
521 4492 625 4538 vineam
646 4490 672 4535 in
692 4489 822 4535 contrade
842 4487 946 4542 Parioli,
961 4489 989 4532 iu
1003 4487 1063 4533 euri·

319 4560 433 4607 nentiori
446 4559 500 4605 situ
515 4562 590 4604 extra
600 4567 690 4602 muros
700 4555 848 4612 praedictae
858 4553 932 4599 urbis
943 4554 1064 4610 positam,

318 4628 351 4673 ad
365 4625 563 4682 infrascriptum
585 4621 776 4668 monasterium
791 4622 953 4678 spectantem
968 4622 994 4664 et
1009 4631 1064 4676 per-

318 4694 456 4746 tinentem,
466 4703 546 4748 quam
560 4691 672 4736 dilectus
682 4689 753 4734 nllus
764 4693 853 4734 noster
863 4690 964 4744 Petrus,
976 4687 1064 4733 Sancti

319 4759 454 4806 Laurentii
468 4757 494 4802 in
509 4760 620 4804 Damaso
641 4755 793 4812 nuncupati,
814 4755 930 4800 eiusdem
953 4757 1064 4800 Sanctae

318 4829 452 4872 Romanae
466 4823 597 4870 Ecclesiae
608 4823 735 4868 Diaconus
745 4821 889 4868 cardinalis
900 4823 1064 4868 otthobonus

319 4893 494 4949 nuncupatus,
503 4890 705 4948 praedictaeque
718 4891 828 4935 Sanctae
838 4891 972 4934 Romanae
982 4889 1066 4934 Eccle-

319 4957 372 5004 siae
385 4957 446 5002 vice
460 4957 647 5008 cancellarius,
661 4957 692 5000 de
707 4967 818 5000 nutriero
827 4956 911 5002 dictae
922 4960 1065 5012 congrega·

319 5023 397 5070 tionis
411 5023 534 5077 existens,
549 5022 590 5068 uti
604 5022 688 5068 Abbas
703 5033 749 5067 seu
770 5025 912 5078 perpetuus
933 5026 1065 5068 commen·

318 5090 439 5137 deterius
460 5089 623 5144 monasterii,
641 5089 765 5135 Abbatiae
786 5092 960 5147 nuncupatae,
977 5091 1066 5136 Sancti

319 5157 455 5204 Laurentii
468 5159 544 5202 extra
559 5167 649 5202 muros
664 5155 812 5212 praedictae
824 5157 906 5212 urbis,
917 5157 1007 5202 sancti
1017 5162 1066 5202 nu-

319 5223 421 5280 gustini
440 5222 626 5268 canonicorum
647 5220 811 5278 regularium
833 5234 879 5267 seu
893 5223 1006 5268 alterius
1022 5225 1065 5267 Or-

318 5289 396 5345 dinis,
409 5289 437 5333 ln
452 5289 573 5334 manibus
588 5288 687 5332 nostris
700 5297 760 5333 cum
779 5288 878 5344 palatio
901 5291 927 5334 et
941 5288 1001 5334 aliis
1016 5289 1066 5334 die·

319 5359 363 5401 tae
376 5355 467 5400 vineae
489 5354 592 5400 iuribus
606 5357 632 5399 et
647 5353 813 5410 pertinentiis
835 5357 928 5412 sponte
942 5359 968 5400 et
982 5355 1065 5401 libere

319 5423 383 5468 tunc
396 5423 520 5466 oretenus
535 5420 681 5474 dimiserat,
692 5421 725 5466 ad
738 5421 859 5466 ellectum
870 5424 967 5477 tamen,
978 5425 1008 5468 ut
1019 5435 1065 5469 nos

319 5488 479 5546 praedictam
493 5486 605 5542 rinwm,
616 5490 642 5532 et
654 5487 708 5532 alia
718 5487 829 5543 desuper
839 5499 970 5544 expressa,
980 5487 1065 5534 dictae

319 5552 528 5610 congregationi,
550 5565 597 5610 pro
612 5565 674 5608 usu,
696 5555 722 5598 et
737 5554 934 5600 conservatione
948 5555 1066 5601 alunrno·

319 5631 380 5665 rum
394 5619 596 5676 praedictorum,
611 5631 671 5665 cum
685 5620 864 5666 reservatione
879 5623 967 5666 tamen
978 5634 1066 5679 perpe

319 5685 360 5730 tui
373 5685 480 5732 canonis
498 5697 544 5731 seu
565 5697 668 5732 annuae
689 5685 865 5743 responsionis
889 5687 976 5733 lavore
1000 5688 1066 5733 elus·

319 5752 379 5798 dem
400 5752 564 5808 monasterti,
578 5755 604 5797 et
618 5761 677 5797 cum
696 5751 757 5798 aliis
778 5751 976 5809 conditionibus,
992 5755 1065 5800 nobis

320 5819 386 5864 bene
399 5818 470 5873 visis,
485 5819 621 5876 eidemque
636 5817 797 5864 monasterio
810 5819 930 5875 utilibus,
940 5823 1066 5878 perpetuo

319 5886 529 5942 concederemus,
544 5889 570 5932 et
584 5897 644 5932 cum
665 5885 724 5932 aliis
745 5885 863 5932 eiusdem
884 5887 1066 5944 congregatio

321 5953 362 6012 pis
376 5953 451 6000 bonis
465 5954 610 6012 uniremus,
625 5965 678 6001 una
692 5964 751 6001 cum
766 5954 866 6011 palatio
879 5954 1021 6014 praedicto,
1035 5954 1067 6001 ti·

981 571 1124 625 claudus
1145 573 1189 626 xl.

1781 553 1839 621 att
1890 561 1988 617 sac.
2009 556 2079 615 tros

1114 693 1215 777 operis
1237 695 1376 772 initium,
1389 713 1482 777 quam
1505 694 1587 762 illius
1603 699 1732 763 llrmitas
1753 717 1860 783 perpe·

1115 791 1270 869 tuitasque
1283 791 1445 870 spectanda
1459 793 1514 867 sit;
1531 809 1587 854 nos
1603 797 1779 874 precipuas
1793 814 1861 860 mu-

1115 883 1199 944 neris
1210 884 1309 945 nostri
1319 891 1420 962 partes
1431 899 1497 948 esse
1512 886 1729 963 intelligimus,
1745 891 1862 953 nedum

1115 976 1326 1055 spiritualibus
1357 977 1482 1056 piorum
1517 980 1733 1044 institutorum
1764 985 1800 1045 ad
1832 984 1861 1046 id

1116 1068 1314 1132 tendentium
1347 1070 1549 1134 incrementis
1580 1075 1726 1152 peculiari
1760 1078 1862 1138 studio

1115 1160 1223 1236 adniti,
1246 1176 1359 1224 verum
1381 1164 1476 1227 etiam
1495 1166 1714 1243 temporalibus
1736 1168 1863 1231 illorum

1116 1253 1286 1316 commodis
1299 1261 1331 1316 et
1350 1257 1563 1334 tranquillitati
1586 1261 1770 1339 prospicere,
1786 1278 1863 1340 quos

1115 1347 1221 1408 divino
1241 1348 1360 1410 benitas
1374 1350 1410 1410 ad
1425 1366 1547 1412 sacrum
1569 1353 1764 1429 evangelicae
1778 1371 1863 1432 prae·

1116 1438 1275 1502 dicationis
1287 1440 1420 1520 fideique
1431 1444 1641 1522 propagandae
1652 1447 1862 1510 ministerium

1118 1687 1196 1743 nelle,
1210 1689 1373 1748 caeterisque
1389 1692 1567 1740 mansionibus
1580 1697 1606 1742 et
1616 1696 1755 1752 aedeficiis,
1765 1698 1792 1743 in
1803 1709 1864 1755 qua·

1116 1765 1229 1811 cumque
1250 1755 1324 1802 illius
1347 1761 1422 1814 parte
1437 1759 1535 1816 positis,
1550 1772 1580 1806 ac
1594 1763 1735 1819 ipsammet
1751 1765 1863 1822 vitream,

1118 1823 1201 1866 totam
1216 1825 1315 1878 quanta
1329 1823 1376 1870 illa
1391 1829 1457 1880 erat,
1471 1826 1544 1872 intra
1554 1839 1615 1874 suos
1627 1830 1778 1877 notissimos
1789 1832 1863 1888 lines,

1117 1898 1182 1944 quos
1196 1899 1249 1934 una
1269 1899 1328 1934 cum
1351 1892 1556 1946 praemissorum
1579 1895 1676 1950 valore,
1694 1898 1748 1941 tam
1764 1897 1792 1942 in
1807 1910 1864 1954 pro-

1118 1954 1238 2010 prietate,
1262 1967 1342 2012 quam
1357 1956 1384 2002 in
1399 1957 1493 2004 annius
1515 1960 1670 2016 redditibus,
1691 1963 1864 2021 omnibusque

1118 2023 1144 2066 et
1167 2019 1278 2076 singulis
1298 2021 1359 2067 aliis
1381 2024 1514 2080 illecebris,
1537 2025 1638 2072 iuribus
1655 2031 1681 2072 et
1696 2029 1863 2084 pertinentiis

1117 2087 1202 2134 dictae
1217 2087 1315 2142 vineae,
1330 2088 1357 2134 iu
1372 2089 1542 2148 intruseripta
1563 2093 1697 2149 schedula,
1714 2106 1761 2150 pro
1775 2095 1864 2152 singil-

1116 2153 1193 2200 latim
1207 2155 1346 2211 cupressis,
1361 2157 1454 2202 haberi
1468 2158 1607 2212 voluimus,
1617 2159 1655 2204 ita
1669 2163 1699 2205 ut
1712 2161 1863 2218 specialitas

1117 2221 1225 2266 illorum
1240 2221 1410 2277 generalitati
1425 2235 1476 2268 nou
1490 2224 1636 2282 derogaret.
1653 2230 1725 2274 Motu
1736 2229 1795 2284 pari
1805 2233 1863 2286 etc,

1117 2289 1166 2333 sub
1180 2288 1359 2334 reservatione
1379 2290 1459 2336 etiam
1474 2293 1535 2336 novi
1548 2303 1698 2350 consensus
1714 2297 1777 2340 tunc
1791 2307 1864 2353 prae·

1117 2353 1205 2400 standi
1218 2366 1264 2411 per
1273 2353 1371 2400 dictum
1382 2359 1489 2402 Petrum
1500 2358 1674 2414 cardinalem,
1685 2361 1725 2405 uti
1735 2363 1863 2418 praedicti
1913 2405 1915 2416 ,

1118 2423 1274 2468 monasterii
1294 2422 1424 2478 abbatem,
1440 2435 1486 2470 seu
1501 2427 1657 2481 perpetuum
1672 2429 1864 2474 commendata·

1118 2489 1197 2546 rium,
1219 2489 1302 2535 eidem
1324 2491 1536 2547 congregationi,
1550 2493 1584 2538 ad
1598 2493 1719 2540 eflectum
1740 2495 1864 2552 praemis-

1118 2565 1185 2610 sum,
1200 2559 1326 2612 perpetuo
1339 2557 1553 2614 concesserimus,
1567 2559 1692 2617 illiusque
1702 2561 1813 2618 tructus,
1823 2563 1865 2608 de·

1118 2625 1202 2668 tracto
1216 2622 1393 2668 infradicendo
1407 2635 1513 2680 canem,
1527 2637 1572 2670 seu
1587 2625 1765 2673 infradicenda
1775 2640 1864 2675 annila

1118 2688 1294 2746 responsione,
1314 2688 1373 2735 aliis
1395 2690 1468 2736 bonis
1489 2691 1575 2738 dictae
1597 2694 1821 2750 congregationis,
1838 2698 1864 2741 et

1117 2756 1151 2801 ad
1165 2756 1237 2801 illius
1258 2757 1432 2811 commodum,
1450 2757 1623 2814 univerlmus,
1637 2761 1823 2807 annexerimus
1838 2766 1864 2808 et

1117 2821 1380 2879 incorporaverimns,
1403 2824 1564 2882 eandemque
1585 2827 1818 2883 conmegationem
1833 2829 1865 2874 de

1117 2888 1252 2944 praedicta
1268 2888 1341 2934 vinea
1355 2889 1583 2946 investiverimns3
1605 2903 1731 2938 munnam
1747 2905 1808 2940 vero
1822 2906 1866 2940 au·

1119 2965 1200 3000 riuum
1225 2959 1251 3000 et
1274 2959 1430 3012 perpetuum
1454 2969 1501 3002 seu
1521 2969 1636 3005 annuam
1660 2963 1687 3005 et
1711 2964 1864 3018 perpetuam

1119 3021 1313 3078 responsionem
1336 3023 1420 3068 eidem
1440 3027 1517 3072 Petro
1538 3025 1684 3082 cardinali,
1699 3029 1784 3085 quoad
1799 3030 1866 3076 vive·

1118 3091 1159 3134 ret
1173 3091 1199 3134 et
1215 3089 1405 3135 monasterium
1422 3091 1552 3137 eiusmodi
1567 3092 1706 3152 obtineret,
1717 3096 1866 3141 etouicurn-

1118 3167 1168 3212 que
1182 3155 1261 3201 alteri
1274 3155 1390 3202 eiusdem
1406 3159 1560 3204 monasterii
1573 3161 1672 3216 abbati,
1682 3173 1728 3206 seu
1740 3167 1866 3220 perpetuo

1117 3223 1342 3270 commendatario
1355 3235 1403 3280 pro
1418 3227 1535 3282 tempore
1550 3225 1682 3284 existenti,
1697 3229 1799 3275 ratione
1809 3243 1866 3275 con·

1118 3289 1255 3344 cessionis,
1279 3289 1397 3344 unionis,
1420 3291 1572 3338 antrexiouis
1596 3297 1622 3339 et
1646 3293 1865 3352 incorporationis

1118 3356 1321 3412 praedictarum,
1335 3357 1483 3412 annuatim,
1497 3360 1599 3405 duabus
1620 3361 1774 3417 aequalibus
1797 3363 1865 3408 solu-

1120 3420 1242 3476 tionibus,
1263 3433 1310 3477 pro
1331 3433 1383 3468 una
1404 3423 1524 3469 videlicet
1538 3425 1565 3470 iu
1579 3425 1681 3471 Domini
1703 3429 1791 3472 Nostri
1807 3431 1865 3474 lesu

1120 3487 1225 3542 christi,
1241 3491 1303 3534 tunc
1316 3490 1465 3546 a-proxinre
1486 3493 1599 3538 ventura
1618 3492 1773 3550 incipiendo,
1789 3497 1815 3540 et
1830 3497 1866 3541 al-

1119 3555 1178 3600 tera
1191 3555 1377 3602 medietatibus
1395 3557 1501 3602 canonis
1525 3569 1571 3604 seu
1586 3560 1763 3616 responsionis
1778 3561 1867 3608 huius·

1120 3621 1190 3666 enodi
1205 3621 1232 3666 ln
1247 3622 1336 3668 Sancti
1357 3625 1461 3670 loannis
1482 3624 1623 3681 Baprtistae,
1647 3626 1728 3672 etiarn
1744 3631 1807 3674 tunc
1820 3627 1867 3674 im·

1119 3688 1234 3734 mediate
1248 3689 1377 3746 sequenti,
1391 3690 1566 3736 Nativitatem
1582 3691 1778 3750 festivitatibus,
1789 3698 1815 3740 et
1830 3695 1866 3742 sic

1118 3753 1239 3811 deinceps
1254 3755 1388 3812 perpetuis
1408 3756 1506 3803 nutriris
1521 3759 1693 3816 temporibus,
1708 3761 1740 3805 de
1754 3773 1822 3808 anno
1838 3763 1865 3807 in

1118 3831 1226 3874 anuum,
1240 3832 1271 3866 ac
1285 3822 1399 3868 termino
1412 3822 1438 3867 in
1454 3824 1607 3880 terminum,
1623 3837 1669 3883 per
1683 3828 1866 3884 congregatio·

1119 3899 1178 3932 nem
1198 3887 1358 3944 praedictam
1380 3890 1580 3946 persolvendum
1595 3904 1642 3938 seu
1657 3895 1865 3950 persolvendam,

1118 3953 1145 3998 iu
1158 3954 1253 3998 annuis
1274 3955 1356 4000 scutis
1370 3958 1475 4001 centum
1495 3961 1615 4003 monetae
1634 3969 1759 4005 romanae
1780 3961 1811 4004 de
1828 3961 1866 4006 iu-

1118 4019 1162 4066 liis
1176 4020 1273 4076 decem,
1288 4032 1336 4078 pro
1347 4023 1467 4080 ¹quolibet
1482 4027 1556 4069 scuto
1571 4025 1732 4082 huiusmodi,
1743 4029 1817 4072 motu
1833 4028 1866 4072 si·

1119 4087 1176 4132 mili
1191 4090 1238 4132 etc.
1253 4089 1397 4145 apostolica
1411 4091 1572 4136 auctoritate
1586 4093 1774 4148 taxaverimus,
1785 4097 1811 4140 et
1828 4107 1866 4140 re·

1118 4153 1319 4210 servaverimus,
1333 4167 1364 4200 ac
1378 4158 1498 4202 taxatum
1514 4159 1539 4202 et
1555 4161 1728 4214 reservatum,
1739 4173 1785 4206 seu
1796 4165 1867 4210 taxa-

1118 4223 1173 4264 tam
1188 4223 1214 4265 el
1229 4225 1399 4278 reservatam,
1421 4235 1478 4268 esse
1498 4223 1661 4271 voluerimus
1682 4229 1708 4272 et
1724 4227 1866 4274 decreveri-

1119 4291 1186 4340 m'us.
1204 4289 1323 4347 aliasque
1344 4291 1374 4335 de
1395 4289 1546 4348 praemissis
1568 4293 1617 4336 sub
1637 4293 1717 4338 certis
1740 4295 1815 4340 niodo
1840 4297 1866 4342 et

1117 4355 1210 4409 torma,
1224 4367 1254 4401 ac
1268 4367 1328 4400 cum
1343 4357 1470 4403 clausulis
1484 4361 1511 4403 et
1525 4357 1638 4404 decretis
1654 4361 1717 4405 tunc
1726 4361 1865 4418 expressis,

1117 4421 1333 4479 disposuerimus,
1343 4427 1421 4480 prount
1437 4425 1464 4469 in
1479 4425 1604 4470 schedula
1616 4427 1700 4472 nostri
1711 4431 1799 4473 unctus
1809 4441 1866 4486 pro·

1118 4489 1169 4546 prii
1184 4488 1296 4546 desuper
1310 4501 1390 4536 manu
1406 4493 1505 4546 nostro,
1520 4491 1569 4536 sub
1583 4491 1676 4538 datum
1687 4492 1805 4540 videlicet
1816 4498 1864 4541 lto

1119 4567 1177 4602 ntae
1191 4557 1261 4614 apud
1276 4559 1397 4602 Sanctam
1409 4557 1518 4604 Mariam
1530 4557 1665 4615 Maiorem,
1676 4561 1814 4606 undecimo
1824 4562 1867 4606 ha-

1118 4623 1208 4668 lendas
1218 4623 1286 4676 iulii,
1296 4623 1465 4680 pontillcatus
1476 4625 1560 4670 nostri
1570 4637 1639 4670 antro
1650 4629 1748 4680 octavo,
1760 4626 1866 4683 signata

1119 4693 1145 4734 et
1159 4690 1287 4746 expedita,
1302 4691 1377 4736 cuivis
1391 4691 1471 4736 etiam
1486 4691 1571 4737 solam
1586 4692 1752 4750 signaturam
1768 4693 1866 4738 suffice-

1119 4767 1156 4809 re,
1171 4759 1197 4800 et
1212 4757 1309 4812 ubique
1324 4756 1402 4802 ddem
1416 4757 1510 4812 iacere,
1523 4757 1616 4814 regula
1630 4767 1795 4816 quacumque
1810 4771 1867 4804 con·

1119 4822 1205 4867 traria
1218 4834 1270 4868 non
1284 4824 1414 4878 obstante,
1429 4823 1569 4879 voluimus,
1579 4824 1684 4880 plenius
1698 4825 1867 4881 continetur;

1120 4888 1230 4933 subinde
1244 4901 1306 4935 vero
1319 4889 1388 4935 idem
1403 4893 1496 4936 Petrus
1513 4890 1667 4948 cardinalis,
1683 4891 1724 4936 uti
1739 4893 1868 4949 praedicti

1120 4957 1276 5001 monasterii
1289 4957 1378 5013 abbas,
1393 4969 1440 5002 seu
1454 4959 1597 5014 perpetuus
1616 4957 1868 5015 commendatarius,

1120 5025 1225 5067 servato
1239 5021 1356 5068 themate
1371 5023 1456 5071 dictae
1471 5025 1578 5070 nostrae
1593 5025 1741 5080 schedulae,
1755 5028 1781 5070 el
1796 5025 1823 5070 in
1839 5026 1868 5070 il-

1120 5087 1172 5134 lius
1186 5089 1329 5145 sequelam,
1343 5089 1475 5136 mediante
1489 5088 1668 5136 instrumento
1682 5091 1725 5136 die
1739 5089 1868 5148 vigesima

1121 5155 1232 5212 septima
1247 5154 1344 5200 mensis
1359 5155 1425 5200 iunii
1437 5155 1501 5201 anni
1511 5156 1614 5201 Domini
1624 5157 1762 5202 millesimi
1772 5158 1869 5214 septin-

1120 5221 1261 5278 gentesimi
1282 5222 1376 5278 octavi,
1390 5233 1437 5279 per
1451 5225 1510 5267 acta
1531 5223 1621 5267 dilecti
1640 5222 1689 5267 lilii
1704 5223 1811 5268 Antonii
1825 5227 1869 5268 l’e·

1121 5289 1212 5344 trucci,
1227 5300 1347 5334 camerae
1369 5293 1475 5335 nostrae
1489 5289 1649 5346 apostolicae
1663 5289 1809 5343 secretarii,
1828 5301 1868 5334 ro-

1121 5358 1191 5412 gato,
1213 5357 1382 5411 concessioni,
1404 5357 1504 5412 unioni,
1525 5356 1667 5402 annexioni
1681 5359 1708 5401 et
1722 5356 1869 5412 incorpora-

1122 5423 1188 5467 tioni
1202 5424 1344 5480 praedictis
1359 5435 1454 5469 novum
1476 5433 1632 5468 consensum
1651 5421 1823 5481 praestiterit,
1838 5433 1869 5468 ac

1121 5491 1210 5535 omnia
1224 5493 1250 5536 et
1274 5491 1379 5548 singula
1396 5490 1424 5535 in
1445 5490 1579 5548 praedicta
1600 5490 1725 5536 schedula
1744 5490 1868 5536 contenta

1120 5557 1294 5603 ratidcaverit
1308 5561 1334 5602 et
1349 5557 1542 5616 approbaverit,
1557 5557 1625 5602 sicut
1647 5557 1722 5602 nobis
1741 5555 1866 5602 innotuit.

1121 5627 1237 5679 Cumque
1251 5623 1319 5668 idern
1335 5626 1428 5670 Petrus
1443 5623 1597 5676 cardinalis,
1612 5621 1771 5668 adhucdicti
1781 5631 1869 5669 mona·
1902 5627 2051 5681 cardinalis
2064 5635 2102 5682 et·

1121 5687 1197 5733 sterit
1217 5689 1306 5744 abbas,
1328 5701 1375 5734 seu
1396 5692 1538 5746 perpetuus
1558 5687 1798 5734 commendatarius
1817 5689 1868 5734 exi·
1887 5685 2015 5734 ttotonue
2034 5691 2102 5737 ecti-

1121 5757 1202 5808 stens,
1216 5755 1309 5811 expmn
1324 5756 1398 5801 nobis
1420 5767 1503 5813 nuper
1523 5755 1622 5810 iecerit,
1637 5755 1706 5812 quod
1727 5754 1782 5812 ipse
1797 5756 1868 5802 haud
1889 5738 1936 5793 Μ)
1950 5745 1973 5786 0²
1986 5745 2102 5800 praemi

1122 5830 1169 5865 suo
1183 5819 1313 5865 desiderio
1327 5819 1354 5865 ln
1370 5822 1419 5867 hac
1433 5833 1469 5877 re,
1484 5831 1551 5878 quae
1565 5819 1592 5864 in
1607 5831 1714 5865 causano
1728 5823 1783 5866 tam
1793 5823 1869 5878 privt·
1887 5801 2034 5894 ssgaeffl'}
2052 5809 2101 5896 Ῥζξ

1121 5887 1257 5944 legistam,
1266 5885 1364 5932 sufficet
1374 5885 1569 5945 propagationis
1581 5885 1642 5931 tidei
1651 5885 1804 5942 catholicae,
1814 5889 1869 5934 ten·
1905 5911 1936 5946 ue
1958 5883 2101 5950 “potuim

1121 5953 1183 6000 dere
1203 5953 1375 6012 dignoscitur,
1390 5955 1480 6001 secisse
1501 5956 1589 6004 credat
1612 5955 1685 6012 satis,
1705 5955 1757 6003 nisi
1772 5969 1868 6005 novum
1888 5911 1951 6002 gum
1964 5955 2078 6004 rancoris.
