4836 6998
332 579 386 635 An.
401 581 431 635 d.
454 582 521 634 1723
571 583 631 644 362

551 721 736 800 professores
757 719 974 783 commoditate
989 719 1139 782 eiusmodi
1162 719 1298 782 lauream

551 815 738 892 suspiciendi
765 815 832 876 sine
859 815 894 876 efi
919 815 1030 890 magni
1052 830 1085 875 ac
1113 810 1299 874 intolerabili

553 909 696 986 expensi,
713 925 790 986 quae
812 909 844 969 in
867 907 966 986 aliqud
987 905 1151 984 approbata
1172 905 1297 968 univer·

552 1001 642 1061 sitate
664 1001 852 1079 requiritur,
876 1001 1058 1079 priventur,
1089 1005 1262 1078 opportune
1283 1015 1299 1058 a

553 1094 641 1155 nobis
663 1094 818 1172 provideri
839 1101 871 1156 et
893 1101 928 1155 ut
950 1093 1029 1156 infra
1052 1092 1208 1170 indulgeri
1231 1092 1297 1170 plu-

553 1187 671 1248 rimum
693 1186 861 1261 desideret,
890 1185 1152 1264 quemadmodum
1175 1202 1190 1244 a
1213 1185 1301 1246 nobis

554 1279 732 1358 provinciae
752 1296 785 1341 ac
806 1279 981 1341 delinitorio
1006 1279 1134 1357 aliisque
1156 1277 1300 1340 fratribus

554 1369 731 1450 provinciae
746 1371 953 1448 Porlagalliae
963 1371 1102 1434 eiusdem
1113 1371 1236 1434 Ordinis
1248 1385 1302 1448 per

555 1463 702 1541 quasdam
725 1473 845 1526 nostras
874 1465 991 1527 litteras
1020 1467 1132 1545 pariter
1154 1465 1185 1526 in
1207 1462 1303 1524 simili

556 1557 655 1618 forma
676 1557 784 1618 Brevis
805 1558 854 1620 die
876 1575 939 1620 xiv.
964 1559 1031 1620 iulii
1054 1558 1194 1637 proxime
1216 1571 1302 1634 prae-

558 1649 642 1710 teriti
663 1649 819 1727 expeditas
839 1665 1018 1712 eoncessum
1041 1652 1113 1713 fuit:

326 1747 494 1848 ,n‘sslffissssw
510 1753 539 1795 ui
599 1744 666 1818 53.
691 1743 767 1818 Nos,
796 1744 876 1822 ipsos
904 1754 1096 1822 exponentes
1122 1743 1302 1824 specialibus

473 1835 478 1846 ‘
558 1837 714 1901 favoribus
735 1845 766 1900 ct
787 1837 893 1914 gratiis
920 1839 1063 1918 prosequi
1091 1837 1249 1909 volentes,
1273 1843 1304 1898 ct

558 1947 668 1994 eorum
689 1932 863 2008 singulares
883 1947 1027 2009 personas
1042 1949 1057 1992 a
1073 1930 1232 2010 quibusvis
1251 1945 1303 1991 ex-

558 2025 1078 2104 communicationis,suspensionis
1093 2031 1123 2086 et
1135 2023 1303 2096 interdicti,

459 2163 463 2170 -
558 2119 687 2196 aliisque
702 2117 913 2182 ecclesiasticis
927 2118 1103 2192 sententiis,
1120 2116 1259 2180 censuris
1274 2123 1305 2176 et

558 2212 677 2290 poenis,
700 2228 716 2272 a
738 2212 805 2273 iure
828 2211 877 2273 vel
897 2211 935 2273 ab
961 2213 1103 2288 bomine,
1126 2212 1234 2289 quavis
1256 2227 1303 2271 oc-

557 2304 679 2368 casione
697 2304 748 2366 vel
769 2305 856 2367 causat
876 2304 954 2379 latis,
970 2305 1120 2381 siquibus
1136 2304 1304 2382 quomodo·

558 2399 634 2461 libet
655 2399 819 2460 innodatae
842 2399 991 2474 existunt,
1009 2400 1044 2461 ad
1060 2399 1205 2461 ellectum
1220 2414 1306 2476 prae-

558 2491 696 2554 sentium
718 2493 877 2554 dumtaxat
897 2493 1169 2570 consequendum,
1193 2491 1305 2553 baram

558 2585 637 2646 serie
658 2584 851 2647 absolventes
872 2597 903 2648 et
924 2585 1077 2648 absolutas
1091 2585 1157 2648 lore
1178 2600 1304 2647 censen·

560 2686 616 2755 tes,
638 2679 912 2757 supplicationibus
933 2695 1041 2742 eorum
1068 2677 1197 2742 nomine
1219 2677 1306 2739 nobis

558 2793 653 2855 super
674 2777 731 2838 boo
753 2775 915 2836 humiliter
936 2776 1084 2853 porrectis
1100 2775 1250 2848 inclinati,
1268 2776 1305 2836 de

560 2869 784 2933 venerabilium
807 2869 940 2930 fratrum
962 2877 1143 2930 nostrorum
1165 2869 1197 2931 S.
1213 2870 1248 2930 R.
1268 2869 1302 2930 E.

559 2963 771 3026 Cardinalium
803 2963 935 3040 negotiis
967 2971 998 3025 et
1028 2961 1305 3024 consultationibus

559 3057 781 3134 Episcoporum
793 3065 823 3119 et
834 3056 1034 3133 Regularium
1047 3056 1303 3134 praepositorum,

559 3149 613 3226 qui
634 3148 819 3211 relationem
839 3149 941 3211 dilecti
963 3149 1019 3210 lilii
1040 3148 1181 3211 moderni
1197 3163 1304 3226 procu-

560 3243 671 3304 ratoris
698 3242 850 3319 generalis
872 3257 964 3319 super
991 3242 1167 3319 praemissis
1189 3241 1305 3302 eisdem

561 3335 773 3401 Cardinalibus
795 3333 904 3396 factam
925 3335 1139 3408 attenderunt,
1165 3333 1305 3406 consilio,

560 3436 596 3490 ut
618 3435 770 3490 omneset
784 3427 900 3504 singuli
922 3428 1108 3505 professores
1130 3427 1306 3505 provinciae

561 3530 592 3583 et
613 3521 734 3584 Ordinis
761 3521 1005 3601 praedictorum,
1035 3537 1110 3599 quos
1138 3520 1306 3582 modernus

561 3625 593 3679 et
615 3631 669 3695 pro
698 3626 838 3695 tempore
869 3615 1005 3676 existens
1036 3615 1120 3692 prior
1152 3612 1305 3691 generalis

560 3710 701 3770 eiusdem
723 3707 845 3771 Ordinis
868 3708 900 3770 in
923 3708 1004 3770 sacrat
1031 3707 1189 3784 theologii
1210 3706 1306 3782 magi·

560 3809 651 3874 stros,
667 3802 796 3864 servatis
809 3801 978 3876 servandis,
995 3801 1166 3863 instituerit
1181 3809 1211 3862 et
1226 3815 1306 3862 orea-

561 3895 654 3970 verit,
677 3894 813 3956 lauream
835 3896 1008 3958 doctoratus
1023 3895 1148 3973 praevio
1169 3895 1307 3970 rigoroso

560 3989 706 4050 examine
736 4004 838 4050 coram
870 3988 971 4066 priore
1003 3988 1181 4066 provinciali
1210 3986 1307 4048 dictae

561 4081 737 4161 provinciae
749 4081 860 4142 Rabiae
880 4089 912 4143 et
933 4089 1065 4159 quatuor
1087 4081 1119 4142 in
1142 4080 1249 4142 eadam
1263 4097 1307 4140 sa·

561 4177 612 4238 ord
633 4174 786 4251 theologii
807 4174 963 4251 magistris
983 4191 1038 4235 seu
1057 4174 1249 4250 regentibus,
1272 4171 1308 4232 il-

562 4270 728 4346 lorumque
742 4267 971 4346 approbatione,
983 4267 1111 4328 servatis
1126 4265 1307 4343 ceteroquin

562 4361 790 4424 conditionibus
815 4377 871 4438 per
890 4365 1003 4421 statuta
1031 4374 1086 4420 seu
1113 4357 1308 4420 constitutio-

564 4471 618 4517 nes
640 4453 760 4517 Ordinis
782 4452 929 4530 praedicti
951 4451 1156 4530 praescriptis,
1173 4451 1210 4512 ab
1232 4450 1309 4528 ipso-

563 4557 628 4611 met
650 4547 751 4627 priore
776 4545 957 4626 provinciali
982 4545 1137 4622 suscipere
1160 4544 1258 4605 libere
1278 4552 1310 4603 et

563 4641 648 4704 licite
674 4640 791 4719 possint
813 4646 844 4700 et
865 4639 1005 4712 valeant,
1032 4637 1215 4700 auctoritate
1241 4651 1309 4712 apo-

563 4736 680 4810 stolica,
693 4743 802 4796 tenore
813 4733 1035 4811 praesentium,
1048 4729 1245 4792 concedimus
1260 4745 1310 4807 pa-

565 4830 641 4890 riter
662 4835 694 4888 et
717 4826 932 4902 indulgemus:
957 4825 1164 4884 salvatamen
1187 4837 1310 4900 semper

566 4922 598 4982 in
614 4919 787 4998 praemissis
801 4917 982 4980 auctoritate
994 4915 1250 4992 congregationis
1262 4931 1312 4975 eo-

566 5013 710 5076 rumdem
731 5011 953 5075 Cardiualium.

604 5107 623 5182 5
644 5105 673 5167 t.
696 5106 903 5168 Decernentes
924 5103 1047 5165 easdem
1068 5107 1244 5180 praesentes
1263 5101 1313 5162 lit·

566 5210 645 5264 teras
672 5215 796 5278 semper
826 5199 947 5273 firmas,
977 5196 1091 5258 validas
1120 5204 1150 5257 et
1177 5194 1313 5256 ellicaces

566 5297 698 5358 existere
721 5303 752 5355 et
773 5291 853 5367 fore,
876 5303 1010 5368 suosque
1036 5289 1191 5368 plenarios
1212 5295 1244 5348 et
1266 5288 1313 5348 in-

567 5399 669 5467 tegros
690 5388 817 5450 effectus
838 5385 942 5447 sortiri
963 5389 995 5444 et
1017 5383 1169 5457 obtinere,
1192 5397 1225 5442 ac
1240 5380 1312 5454 illis,

567 5485 603 5546 ad
625 5499 701 5560 quos
728 5487 843 5559 spectat
865 5487 895 5540 et
923 5493 978 5555 pro
1008 5484 1149 5554 tempore
1178 5475 1313 5552 quando·

567 5591 702 5654 cumque
715 5573 875 5652 spectabit,
892 5573 923 5634 iu
937 5571 1081 5632 omnibus
1095 5578 1126 5631 et
1141 5585 1195 5647 per
1209 5567 1312 5629 omnia

567 5669 746 5747 plenissime
772 5665 945 5743 suflragari,
965 5673 996 5725 et
1017 5664 1054 5725 ab
1075 5663 1119 5724 eis
1144 5659 1315 5739 respective

610 5911 639 5964 ll)
656 5912 692 5952 Ex
706 5911 810 5964 begeat.
826 5909 853 5953 iii
867 5909 943 5953 nimii.
959 5911 1031 5952 Brev.

611 5979 640 6032 (a)
656 5975 788 6034 Expositio
798 5977 887 6023 eadem
899 5976 1005 6023 omniuo
1013 5973 1097 6021 acilia
1106 5974 1133 6020 iii
1142 5985 1224 6032 praec.
1234 5975 1314 6019 coust.

1073 601 1136 646 lull.
1162 600 1252 646 PON'l'.
1276 600 1316 644 brt
1338 599 1366 643 P·
1390 599 1419 644 F·
1445 601 1527 645 PAllS
1549 601 1570 644 l.

2132 589 2183 643 Διι.
2199 591 2236 642 C.
2261 585 2330 637 ltea

1354 715 1574 780 inviolabiliter
1595 718 1764 794 observari,
1779 720 1884 798 sicque
1901 719 1932 781 in
1954 720 2102 802 praemis·

1353 809 1394 870 sis
1415 826 1470 888 per
1496 827 1710 890 quoscumque
1737 813 1852 875 iudices
1877 813 2049 876 ordinarios
2069 821 2102 875 et

1354 901 1521 979 delegatos,
1538 904 1631 966 etiam
1645 921 1809 968 causarum
1826 906 1928 984 palatii
1945 905 2102 984 apostolici

1355 995 1521 1071 auditores,
1554 998 1682 1060 iudicari
1710 1007 1741 1060 et
1762 999 1883 1062 definiri
1913 999 2041 1075 debere,
2068 1017 2103 1061 ac

1355 1088 1480 1150 irritum
1503 1097 1533 1152 et
1558 1089 1651 1151 inane
1671 1091 1696 1152 si
1712 1108 1800 1154 secus
1820 1108 1914 1171 super
1927 1093 1975 1153 bis
1997 1107 2103 1170 aquo·

1356 1197 1460 1258 quam,
1474 1183 1581 1260 quavis
1596 1186 1788 1260 auctoritate,
1804 1186 1938 1248 scienter
1949 1185 1999 1248 vel
2014 1186 2103 1261 iguo·

1355 1283 1473 1349 ranter,
1498 1277 1665 1353 contigerit
1686 1279 1841 1342 attentari.

1396 1369 1415 1442 §
1436 1370 1464 1432 5.
1486 1369 1554 1432 Non
1577 1372 1769 1436 obstantibus
1784 1375 2058 1438 constitutionibus
2072 1382 2104 1437 et
2143 1385 2292 1432 contrariis
2306 1385 2346 1430 a·-

1357 1464 1603 1526 ordinationibus
1625 1467 1807 1544 apostolicis,
1824 1485 1947 1532 necnon
1970 1469 2105 1548 praedic·
2123 1443 2205 1498 ‘⁰⁸²²

1357 1566 1462 1618 torum
1493 1557 1615 1620 Ordinis
1637 1569 1668 1622 et
1689 1561 1880 1638 provinciae,
1908 1563 2001 1624 etiam
2023 1563 2104 1626 iura-

1358 1659 1476 1724 mento,
1499 1653 1736 1715 confirmatione
1757 1655 1933 1732 apostolica,
1954 1656 2016 1730 vel,
2030 1673 2105 1735 qua-

1358 1744 1405 1804 vis
1427 1745 1574 1807 firmitate
1595 1745 1650 1806 alifa
1667 1748 1827 1822 roboratis,
1849 1750 1973 1811 statutis
1988 1758 2018 1812 et
2032 1766 2106 1813 oon-

1358 1837 1586 1912 suetudinibus,
1613 1840 1784 1917 privilegiis
1812 1857 1947 1921 quoque,
1978 1843 2106 1906 indultis

1359 1937 1389 1992 et
1402 1931 1513 1992 litteris
1524 1933 1696 2010 apostolicis
1708 1934 1740 1995 in
1752 1935 1944 1997 contrarium
1960 1936 2107 2014 praemis·

1359 2039 1467 2086 sorum
1488 2025 1718 2103 quomodolibet
1740 2027 1900 2102 concessis,
1917 2028 2107 2092 confirmatis

1359 2123 1390 2177 et
1411 2117 1582 2194 innovatis3
1606 2119 1718 2196 quibus
1742 2120 1888 2183 omnibus
1911 2128 1941 2183 et
1962 2122 2104 2198 singulis,

1359 2210 1485 2272 illorum
1509 2218 1632 2272 tenores
1652 2213 1866 2290 praesentibus
1887 2229 1942 2292 pro
1964 2214 2054 2292 plene
2075 2223 2107 2277 et

1359 2304 1549 2366 sufficienter
1570 2305 1721 2382 expressis
1735 2323 1768 2366 ac
1783 2305 1819 2367 ad
1834 2307 1966 2370 verbum
1981 2307 2107 2371 insertis

1359 2396 1517 2470 lialientes,
1534 2397 1595 2458 illis
1616 2397 1687 2458 alias
1703 2397 1734 2458 in
1756 2414 1813 2461 suo
1833 2401 1942 2462 robore
1963 2417 2106 2480 perman-

1359 2489 1451 2562 suris,
1473 2491 1509 2550 ad
1531 2489 1771 2567 praemissorum
1793 2491 1949 2569 ellectum,
1966 2494 2023 2556 lrac
2041 2496 2108 2557 vice

1360 2583 1535 2659 dumtaxat,
1557 2583 1729 2662 specialiter
1749 2591 1780 2646 et
1808 2601 1953 2665 expresse
1981 2590 2106 2666 deroga-

1360 2695 1445 2753 mus3
1468 2675 1642 2755 ceterisque
1666 2679 1826 2740 contrariis
1847 2680 2106 2761 quibuscumque.

1400 2771 1512 2832 Datum
1527 2772 1652 2844 Romae,
1670 2773 1748 2848 apud
1761 2772 1793 2834 S.
1812 2773 1937 2836 llariam
1949 2775 2106 2851 llaiorem,

1359 2863 1416 2926 sub
1431 2863 1547 2926 annulo
1569 2863 1738 2938 Piscatoris,
1753 2865 1801 2926 die
1813 2881 1906 2928 xxiii.
1923 2869 2107 2946 decembris

1361 2971 1559 3031 nascimur,
1582 2955 1778 3034 pontificatus
1794 2961 1892 3021 nostri
1914 2977 1996 3024 anno
2017 2981 2065 3026 ιιι.

1695 3241 1772 3303 Xlll.

1365 3427 1514 3490 Goaircdit
1539 3429 1722 3491 flcitvitclitis
1748 3431 1936 3506 procinctae
1962 3431 2110 3507 dantium

1402 3523 1554 3584 Irtrtoorit'
1583 3523 1618 3582 iit
1641 3523 1786 3586 Brasilid
1809 3524 1978 3603 niripistria
2005 3527 2110 3606 [ocut-

1405 3623 1502 3677 totcm
1530 3615 1728 3692 suscipiendi
1751 3617 1898 3680 latiredni
1921 3617 2109 3680 doctoratus

1402 3727 1422 3771 c
1444 3709 1638 3784 procinctoti
1659 3708 1715 3788 (l).

1499 3844 1502 3850 “
1526 3863 1781 3932 innocentius
1798 3866 1857 3934 ee.
1876 3867 1944 3934 xiii.

1503 3987 1539 4054 af
1561 3987 1691 4054 futuian
1714 3988 1758 4054 rei
1789 3990 1969 4056 nemoriani.

1404 4169 1422 4242 ἓ
1446 4167 1472 4227 l.
1497 4167 1616 4244 Exponi
1639 4165 1727 4228 nobis
1749 4181 1849 4244 nuper
1874 4166 2016 4228 focerunt
2038 4165 2112 4227 dile·
2205 4173 2343 4236 Provinciis

1364 4261 1405 4324 cti
1428 4259 1482 4322 nni
1504 4259 1700 4337 provincius
1720 4276 1753 4321 ac
1768 4259 1982 4321 rainiariam
1997 4259 2110 4336 auique
2130 4228 2344 4337 lttftttttxtc

1364 4354 1473 4415 fratres
1495 4353 1673 4430 provinciae
1690 4299 1828 4414 fluminis
1843 4353 1975 4413 ianuarii
1992 4352 2024 4413 iii
2040 4353 2112 4414 Bra·
2129 4333 2344 4434 ῇζῗξᾞῆῗᾟῗ

1364 4447 1430 4507 silla
1452 4445 1575 4509 Ordinis
1596 4445 1628 4505 Β.
1654 4445 1765 4508 llariae
1779 4447 1816 4508 de
1832 4446 1934 4508 llante
1957 4445 2109 4519 Carinelo,
2130 4441 2216 4539 “iffi
2230 4451 2345 4540 ruffi

1364 4540 1445 4616 quod
1468 4538 1539 4598 aliis
1560 4538 1656 4600 felicis
1667 4537 1886 4601 recordationis
1901 4539 2044 4601 Urbanus
2059 4539 2111 4600 Pa·
2129 4505 2157 4593 l'n
2173 4545 2346 4610 cotieeicsal·

1365 4649 1401 4711 pa
1425 4631 1500 4693 Vlll.
1526 4633 1739 4711 praedecessor
1761 4639 1878 4706 noster,
1902 4641 1959 4694 etc.
1983 4631 2039 4710 (2).
2130 4605 2297 4647 mauricensi.

1406 4727 1474 4800 §2
1500 4727 1579 4788 Cuin
1600 4733 1716 4800 autem,
1739 4726 1818 4788 sicut
1840 4727 1947 4788 eadem
1962 4723 2113 4803 expositio
2151 4733 2280 4796 nationes
2294 4743 2346 4776 eon-

1364 4819 1585 4896 subiungebat,
1598 4819 1787 4896 praedictum
1802 4817 1970 4893 indultum,
1984 4834 2020 4879 eo
2037 4825 2114 4879 tem·
2131 4787 2347 4887 frigianfffafflftfft‘.

1366 4929 1440 4992 pore
1457 4929 1518 4991 quo
1534 4929 1590 4974 rex
1605 4911 1823 4989 Hispaniarum
1838 4911 2005 4973 catholicus
2019 4911 2114 4972 etiam
2133 4900 2191 4941 ²⁰³¹·

1366 5005 1558 5067 Lusitaniam
1580 5004 1762 5084 possidebat,
1779 5003 1931 5080 religiosis
1951 5004 2115 5082 utriusque

1367 5099 1512 5172 nationis,
1534 5106 1593 5160 etc.
1618 5096 1672 5178 (3).

1407 5193 1426 5266 ἓ
1447 5191 1475 5252 3.
1494 5191 1566 5266 Nos,
1580 5193 1659 5271 ipsos
1677 5199 1867 5272 exponentes
1880 5191 2062 5270 specialibus
2074 5189 2115 5250 la·
2160 5201 2346 5278 concessioni

1367 5285 1492 5348 voribus
1505 5293 1535 5346 et
1547 5286 1652 5361 gratiis
1663 5287 1808 5366 prosequi
1819 5285 1971 5357 volentes,
1984 5291 2043 5346 etc.
2057 5281 2114 5362 (l),
2134 5259 2163 5301 ¹¹²
2178 5256 2293 5301 ‘um'

1369 5386 1403 5440 ut
1417 5395 1525 5439 omnes
1541 5387 1570 5439 et
1585 5378 1700 5455 singuli
1716 5377 1902 5455 professores
1913 5376 2115 5456 primodictae

1369 5473 1545 5552 provinciae
1557 5472 1936 5549 fluminislanuar·ii‚quos
1948 5469 2116 5532 modernus

1368 5575 1399 5629 et
1411 5582 1465 5645 pro
1477 5572 1616 5643 tempore
1629 5565 1765 5626 existens
1778 5565 1861 5642 prior
1874 5563 2026 5640 generalis
2038 5563 2117 5623 eius·

1369 5662 1440 5723 dem
1462 5659 1583 5722 Ordinis
1606 5659 1638 5719 in
1660 5657 1767 5720 eidem
1787 5657 1870 5719 sacra
1886 5655 2039 5733 theologia
2055 5672 2117 5717 ma·

1414 5905 1442 5958 (3)
1458 5903 1570 5958 Reliqua
1584 5899 1652 5948 sicut
1666 5911 1694 5946 iu
1708 5898 1880 5946 antecedenti.

1414 5973 1443 6028 tl)
1460 5969 1530 6016 Sicut
1545 5981 1631 6027 suprtt.
