4836 6998
323 525 378 580 Aa.
393 527 423 578 0·
444 525 513 578 1732
564 525 623 588 430
1069 545 1133 590 run.
1157 547 1248 592 nour.
1272 549 1312 592 ou
1334 547 1362 592 e.
1386 549 1415 594 r.
1440 549 1522 594 unns
1543 549 1565 592 x.
2121 530 2174 584 An.
2191 533 2225 584 ⁰·
2249 533 2314 586 1732

545 663 659 724 nostris
674 671 816 742 prompto
833 665 979 742 obsequio
994 678 1112 726 morem
1131 674 1287 742 gerentes
1383 668 1452 741 §lc
1477 667 1704 743 Decernentes,
1728 667 1805 744 ipsas
1833 674 2010 746 praesentes
2040 663 2091 726 lit·
2168 669 2325 727 Semperque

545 754 610 816 illas
641 764 763 818 mature
794 756 1023 835 diligenterque
1058 759 1287 820 examinarunt.
1346 767 1434 834 teras,
1457 776 1490 822 ac
1512 761 1632 836 regulas
1654 768 1685 822 et
1706 761 1942 822 constitutiones
1970 757 2091 836 praela·
2110 720 2325 824 llssllall'llix'rl
2405 760 2406 830 l

2110 828 2271 876 decernitur.

330 2728 451 2784 Singulae
463 2737 530 2783 prae-

316 2781 398 2844 dictae
409 2782 531 2828 constitu-

318 2839 403 2880 tiones
434 2835 530 2881 conflr-

317 2893 429 2934 mentor.

547 849 688 927 itumque
711 848 789 910 nibil
811 850 842 910 in
866 849 910 910 eis
931 851 1116 928 repererint,
1139 852 1219 928 quod
1241 867 1290 911 or-

547 939 697 1000 thodoxae
719 940 801 1014 fidei,
814 941 903 1002 bonis
917 941 1065 1016 moribus,
1083 943 1187 1020 pietati
1204 959 1292 1004 exac-

547 1041 655 1110 taeque
676 1033 810 1095 instituti
832 1034 992 1096 monastici
1014 1035 1226 1096 observantiae
1241 1037 1291 1098 ad-

545 1131 697 1200 versetur,
714 1126 836 1202 regulas
847 1144 879 1188 ac
891 1128 1128 1190 constitutiones
1143 1128 1291 1205 praelatas

546 1218 736 1306 unanimiter
746 1219 917 1296 probarunt
932 1227 1025 1298 atque
1036 1220 1212 1294 laudarunt,
1230 1237 1293 1282 eas·

545 1327 606 1388 que
627 1312 659 1372 in
688 1327 788 1374 unum
820 1311 969 1374 volumen
1003 1313 1100 1388 redigi
1128 1321 1290 1390 curarunt,

547 1405 663 1466 tenoris
684 1405 737 1482 qui
759 1405 912 1483 sequitur,
936 1405 1098 1467 videlicet:

587 1594 863 1656 «constitutiones
888 1593 1113 1656 monachorum
1141 1594 1293 1671 Syrorum

547 1688 766 1750 Maronitarum
795 1687 917 1749 Ordinis
946 1687 976 1750 S.
1001 1686 1128 1748 Antonii
1158 1686 1292 1760 abbatis,

548 1780 804 1857 Congregationis
818 1779 930 1842 llontis
947 1779 1064 1842 Libani.
1089 1779 1160 1840 Pars
1182 1779 1291 1856 prima.

548 1877 646 1952 Caput
660 1875 807 1950 primum.
823 1873 866 1934 lle
881 1872 1064 1934 obedientia.
1082 1873 1104 1934 l.
1118 1873 1214 1934 Debet
1229 1887 1294 1932 mo-

549 1969 664 2030 nachus
697 1966 847 2028 abbatem
874 1981 967 2026 suarm
997 1965 1108 2026 Christi
1132 1963 1197 2024 loco
1219 1964 1294 2024 citra

548 2075 674 2120 omnem
686 2057 939 2135 disceptationem
955 2056 1078 2130 habere,
1095 2063 1153 2117 etc.
1171 2057 1215 2118 ad
1232 2057 1294 2116 lau-

548 2152 616 2213 dem
641 2158 672 2212 et
694 2150 823 2226 gloriam
839 2150 893 2210 Dei
908 2149 1137 2227 omnipotentis
1153 2149 1249 2210 Patris
1264 2154 1295 2210 et

548 2245 617 2306 lilii
645 2250 676 2303 et
708 2242 842 2318 Spiritus
873 2241 988 2316 Sancti,
1018 2249 1048 2302 et
1077 2240 1112 2300 ad
1143 2241 1292 2304 bonorem

549 2335 763 2401 Sanctissimae
793 2333 932 2409 Virginis
958 2333 1102 2412 Deiparae
1129 2332 1240 2394 llariae
1266 2342 1295 2396 et

549 2429 651 2494 Sancti
680 2429 777 2490 Patris
806 2427 902 2488 nostri
933 2427 1060 2488 Antonii
1088 2429 1295 2504 omniumque

549 2524 743 2587 Sanctorum.
768 2523 868 2582 Amen
891 2518 982 2600 (lta

964 2619 977 2648 Ι

589 2709 657 2783 §b
681 2707 780 2782 Quare
801 2706 956 2783 praelatus
984 2706 1112 2768 michael
1135 2706 1222 2766 abbas
1245 2721 1296 2782 ge-

550 2801 662 2863 neralis
684 2799 773 2861 nobis
796 2799 957 2860 humiliter
975 2799 1140 2876 supplicari
1161 2799 1245 2874 lecit,
1262 2806 1297 2860 ut
1322 2806 1324 2917 q

548 2893 671 2970 regulas
694 2901 726 2953 et
753 2892 991 2954 constitutiones
1020 2891 1198 2952 huiusmodi
1227 2908 1296 2968 apo-

547 2987 672 3048 stolicae
683 2985 928 3047 confirmationis
943 2984 1093 3060 praesidio
1108 2985 1295 3046 communiri

548 3081 586 3142 de
606 3080 799 3156 benignitate
820 3077 983 3156 apostolica
997 3076 1209 3152 dignaremur.
1234 3077 1296 3138 Nos

550 3174 663 3250 igitur,
694 3171 790 3249 ipsius
821 3169 975 3232 Michaelis
1002 3169 1117 3230 abbatis
1144 3169 1296 3245 generalis

548 3267 627 3328 votis
648 3266 703 3326 hac
718 3265 751 3325 in
768 3280 812 3338 re,
829 3271 981 3340 quantum
997 3277 1068 3324 cum
1083 3262 1214 3322 Domino
1229 3279 1296 3340 pos-

548 3374 668 3431 sumus,
678 3356 881 3418 lavoribiliter
893 3370 1035 3416 annuere
1047 3353 1198 3428 volentes,
1208 3369 1295 3416 eum-

549 3467 635 3529 quea
648 3449 808 3528 quibusvis
820 3447 1160 3522 excommunicationis,
1169 3463 1297 3525 suspen·

551 3544 647 3606 sionis
672 3551 702 3603 et
729 3541 903 3614 interdicti,
932 3541 1059 3618 aliisque
1087 3540 1297 3602 ecclesiasticis

549 3635 723 3710 sententiis,
745 3634 883 3694 censuris
897 3641 928 3694 et
948 3633 1067 3710 poenis,
1084 3649 1098 3691 a
1115 3634 1183 3694 iure
1198 3633 1247 3694 vel
1260 3633 1297 3694 ab

549 3728 695 3800 bomine,
718 3727 827 3805 quavis
848 3727 1006 3786 occasione
1031 3725 1083 3786 vel
1104 3726 1193 3786 causa
1215 3725 1294 3800 latis,

548 3821 707 3899 siquibus
734 3817 963 3897 quomodolibet
989 3819 1154 3880 innodatus
1178 3818 1295 3892 existit,

549 3915 584 3976 ad
607 3914 753 3975 ellectum
774 3912 986 3990 praesentium
1011 3913 1170 3973 dumtaxat
1192 3927 1298 3972 conse-

549 4007 720 4084 quendum,
744 4007 854 4066 barum
877 4004 956 4066 serie
976 4004 1169 4065 absolventes
1194 4011 1225 4066 et
1247 4004 1296 4066 ab

549 4099 686 4161 solutum
709 4099 774 4159 iore
796 4105 969 4172 censentes,
982 4097 1160 4160 huiusmodi
1181 4097 1296 4174 suppli-

549 4191 721 4254 cationibus
744 4191 894 4266 inclinati,
910 4207 1018 4252 omnes
1040 4198 1070 4252 et
1090 4191 1228 4266 singulas
1250 4207 1297 4251 re-

551 4285 638 4362 gulas
659 4301 691 4346 ac
713 4285 949 4346 constitutiones
974 4284 1188 4362 praeinsertas,
1213 4285 1296 4344 etin

551 4378 595 4439 eis
616 4385 762 4438 contenta
783 4393 1009 4458 quaec-umque,
1026 4376 1206 4436 auctoritate
1227 4391 1296 4453 apo-

550 4469 653 4532 stolica
679 4477 785 4530 tenore
807 4469 1028 4546 praesentium,
1055 4475 1204 4545 perpetuo
1226 4485 1297 4530 con-

552 4563 712 4623 firmamus
735 4568 765 4622 et
787 4561 1001 4639 approbamus,
1026 4560 1147 4638 illisque
1169 4561 1298 4622 inviola-

552 4655 621 4717 bilis
642 4653 823 4730 apostolicae
846 4654 999 4714 firmitatis
1016 4653 1110 4714 robur
1124 4653 1295 4721 allicimus,

551 4763 584 4808 ac
606 4761 715 4808 omnes
735 4753 767 4805 et
788 4745 929 4819 singulos
958 4745 1033 4806 iuris
1055 4752 1085 4806 et
1106 4745 1176 4805 lacti
1197 4763 1230 4806 ac
1251 4761 1298 4804 so-

552 4839 750 4900 lemnitatum
764 4837 973 4914 quarumlibet
989 4837 1020 4898 in
1035 4837 1188 4898 similibus
1203 4839 1297 4899 etiam

550 4931 588 4992 de
600 4931 781 4992 necessitate
793 4929 1064 5004 observandarum,
1077 4930 1193 4991 aliosve
1209 4945 1299 5008 quos-

550 5023 625 5085 libet
646 5023 740 5084 etiam
763 5021 948 5082 formaleset
968 5022 1184 5084 substantiales
1199 5023 1299 5084 delec-

552 5123 612 5190 tus,
635 5115 734 5192 siqui
757 5115 789 5175 in
813 5114 985 5193 praemissis
1014 5115 1226 5192 principaliter
1249 5115 1298 5176 vel

550 5209 728 5280 accessorio,
752 5215 804 5268 aut
826 5206 897 5267 altas
919 5208 1139 5284 quovismodo
1161 5207 1297 5268 intervo-

551 5299 670 5374 nerint,
693 5313 746 5359 seu
776 5298 983 5360 intervenisse
1008 5299 1084 5372 dici,
1106 5298 1227 5359 censeri
1248 5299 1298 5359 vel

551 5393 710 5472 praetendi
731 5399 865 5472 possent,
883 5393 1004 5471 penitus
1026 5399 1057 5454 et
1079 5391 1207 5452 omnino
1228 5407 1298 5470 sup-

551 5487 683 5566 plemus.

592 5753 621 5808 (1)
637 5756 688 5798 llas
708 5753 815 5808 regulas
838 5751 976 5798 brevitatis
999 5753 1087 5810 gratia
1108 5755 1298 5810 praetermitti·

552 5830 620 5873 mus,
637 5819 744 5864 eaedem
764 5821 826 5864 sunt
840 5830 870 5864 ac
884 5820 1090 5866 constitutiones
1110 5823 1296 5867 Monachorum

552 5885 670 5932 eiusdem
685 5885 789 5931 Ordinis
802 5890 878 5943 cong.
891 5889 913 5932 S.
926 5886 1017 5944 isaiae,
1027 5898 1092 5944 quas
1103 5888 1173 5934 idem
1183 5889 1297 5946 pontifex

1344 857 1450 928 sertas,
1473 867 1597 930 semper
1624 853 1746 927 firmas,
1769 853 1883 914 validas
1903 859 1935 914 et
1956 851 2092 913 ellxcaces

1345 945 1478 1007 existere
1493 953 1523 1006 et
1537 945 1614 1020 iore,
1630 963 1765 1024 suosque
1786 946 1938 1024 plenarios
1960 951 1991 1005 et
2013 943 2092 1004 inte·

1346 1053 1415 1113 gros
1436 1038 1562 1100 ellectus
1584 1039 1688 1100 sortiri
1710 1045 1741 1099 et
1762 1039 1916 1112 obtinere,
1932 1054 1965 1098 ac
1981 1035 2040 1097 illis
2055 1038 2091 1098 ad

1345 1147 1421 1208 quos
1434 1138 1549 1210 spectat
1564 1141 1595 1194 et
1609 1148 1665 1210 pro
1681 1139 1820 1209 tempore
1834 1132 2093 1210 quandocumque

1345 1224 1504 1300 spectabit,
1521 1224 1553 1286 in
1575 1225 1720 1286 omnibus
1734 1233 1765 1285 et
1780 1241 1835 1302 per
1856 1225 1959 1286 omnia
1981 1223 2094 1302 plenis·

1345 1316 1423 1378 sime
1443 1317 1614 1393 suflragari,
1629 1324 1659 1377 et
1681 1317 1782 1378 abeis
1804 1319 1973 1394 respective
1996 1317 2095 1378 invio-

1347 1408 1480 1472 labiliter
1500 1409 1669 1484 observari,
1684 1410 1790 1488 sicque
1806 1411 1836 1472 in
1849 1409 2024 1488 praemissis
2039 1425 2095 1486 per

1347 1517 1559 1580 quoscumque
1587 1502 1701 1564 iudices
1729 1503 1951 1563 ordinavisset
1974 1501 2095 1578 delega-

1349 1602 1406 1668 tos,
1420 1594 1513 1656 etiam
1535 1610 1696 1656 causarum
1718 1595 1819 1673 palatii
1835 1593 1989 1674 apostolici
2010 1593 2096 1654 audi-

1349 1696 1440 1762 tores,
1453 1705 1486 1749 ac
1497 1687 1526 1751 S.
1539 1688 1573 1750 ll.
1586 1689 1621 1748 E.
1635 1687 1787 1766 praelatae
1800 1688 1987 1762 CardinaleS,
2000 1688 2094 1748 etiam

1349 1783 1386 1844 de
1407 1781 1502 1842 latere
1523 1782 1639 1858 legatos
1654 1789 1685 1842 et
1707 1781 1898 1859 apostoticae
1912 1780 1999 1844 Sedis
2013 1796 2096 1842 nun-

1349 1875 1416 1948 tios,
1437 1873 1550 1934 aliosve
1565 1874 1717 1952 quoslibet
1733 1889 1928 1952 quacumque
1944 1873 2094 1950 praeemi-

1350 1967 1455 2028 nentia
1476 1975 1508 2027 et
1524 1974 1672 2044 potestate
1691 1966 1859 2042 tangentes
1874 1975 1904 2028 et
1920 1965 2094 2038 iuncturos,

1348 2059 1467 2122 sublata
1490 2061 1533 2120 eis
1554 2068 1585 2120 et
1605 2075 1714 2120 eorum
1730 2059 1857 2120 cuilibet
1877 2058 1987 2136 quavis
2007 2057 2096 2120 aliter

1350 2151 1546 2216 iudicandiet
1564 2153 1790 2230 interpretandi
1812 2151 1955 2214 facultate
1975 2159 2006 2211 et
2026 2167 2096 2212 anc-

1350 2246 1485 2319 toritate,
1509 2245 1634 2307 iudicari
1657 2253 1688 2307 et
1709 2245 1831 2306 definiri
1854 2245 1977 2318 debere,
2000 2260 2034 2304 ac
2055 2242 2097 2304 ir-

1350 2339 1445 2400 ritum
1468 2345 1500 2398 et
1521 2339 1624 2412 inane,
1647 2338 1671 2398 si
1693 2353 1780 2398 secus
1801 2353 1894 2414 super
1915 2337 1963 2396 lxis
1983 2353 1999 2396 a
2021 2351 2096 2413 que

1349 2447 1454 2508 quam,
1467 2430 1574 2507 quavis
1589 2430 1781 2503 auctoritate,
1793 2429 1929 2490 scienter
1944 2429 1993 2490 vel
2010 2429 2097 2505 igno-

1350 2532 1464 2598 ranter,
1487 2523 1654 2598 contigerit
1675 2522 1830 2584 attentari.

1390 2617 1408 2691 5
1428 2616 1457 2676 5.
1483 2615 1551 2678 Non
1567 2617 1759 2678 obstantibus
1777 2614 2051 2676 constitutionibus
2066 2621 2097 2676 et
2165 2627 2329 2673 castancam

1350 2709 1597 2770 ordinationibus
1613 2707 1783 2786 apostolicis
1794 2725 1838 2781 ac,
1851 2717 2006 2785 quatenus
2020 2723 2097 2784 opus

1350 2802 1406 2875 sit,
1435 2801 1690 2877 congregationis
1718 2807 1749 2862 et
1775 2799 1898 2863 Ordinis
1928 2801 2096 2877 praedicto-

1351 2909 1440 2968 rum,
1463 2894 1570 2954 aliisve
1591 2893 1767 2971 quibusvis,
1790 2893 1884 2952 etiam
1907 2892 2095 2966 iuramento,

1351 2986 1585 3048 confirmatione
1612 2986 1792 3062 apostolica,
1826 2985 1876 3046 vel
1905 2985 2013 3062 quavis
2046 2986 2097 3044 svr-

1351 3081 1458 3140 mitate
1485 3079 1541 3140 alid
1570 3079 1741 3153 roboratis,
1770 3078 1891 3140 statutis
1912 3085 1943 3138 et
1968 3093 2097 3138 consue-

1353 3171 1528 3245 tudinibus,
1555 3171 1726 3248 privilegiis
1752 3187 1890 3249 quoque,
1917 3169 2045 3230 indultis
2066 3177 2098 3230 et

1351 3263 1461 3324 litteris
1487 3263 1658 3339 apostolicis
1685 3263 1779 3323 etiam
1804 3261 2045 3337 congregationi
2066 3268 2096 3321 et

1351 3355 1457 3418 Ordini
1477 3355 1638 3431 praedictis
1660 3354 1849 3431 illorumque
1869 3353 2095 3430 superioribuS,

1352 3447 2098 3526 monacbiselpersonissubquibuscumquever-

1351 3541 1462 3602 borum
1478 3539 1636 3602 tenoribus
1651 3548 1681 3600 et
1700 3539 1868 3614 ternique
1885 3555 1957 3600 cum
1971 3539 2097 3616 quibus-

1352 3635 1397 3694 vis
1408 3635 1499 3694 etiam
1512 3633 1779 3708 rlerogatoriarum
1790 3631 2003 3708 derogatoriis,
2017 3633 2096 3693 aliis-

1350 3744 1411 3805 que
1432 3726 1663 3800 elllcaciovibus,
1686 3726 1902 3788 efficacissimis
1920 3733 1950 3786 et
1966 3725 2097 3786 insolitis

1350 3819 1493 3882 clausulis
1514 3827 1545 3879 et
1567 3819 1707 3893 decretis,
1725 3819 1757 3880 in
1781 3835 1896 3894 genere
1913 3817 1962 3879 vel
1985 3818 2016 3878 in
2031 3833 2099 3895 spe-

1350 3913 1407 3986 cie,
1430 3927 1484 3973 seu
1506 3912 1578 3972 alias
1600 3911 1830 3990 quomodolibet
1851 3912 1884 3972 in
1907 3911 2097 3973 contrarium

1351 4005 1590 4084 praemissorum
1612 4005 1773 4079 concessis,
1796 4023 1829 4066 ac
1850 4005 1966 4082 pluries
1988 4005 2100 4065 contir-

1352 4099 1453 4172 motis,
1467 4099 1639 4175 approbatis
1652 4107 1681 4159 et
1694 4097 1860 4172 innovatis3
1876 4097 1989 4176 quibus
2001 4097 2099 4156 oxnni-

1352 4191 1407 4252 bus
1433 4200 1464 4252 et
1485 4191 1627 4266 siugulis,
1654 4191 1773 4252 etiamsi
1790 4205 1845 4268 pro
1867 4190 1992 4252 illorum
2014 4190 2098 4251 suffi-

1351 4284 1445 4345 cienti
1473 4285 1673 4359 derogatione
1694 4285 1731 4345 de
1754 4283 1813 4343 illis
1833 4299 2006 4360 eorumque
2028 4283 2098 4344 totis

1353 4375 1511 4437 tenoribus
1533 4376 1687 4453 specialis,
1709 4377 1861 4454 specifica,
1886 4375 2045 4437 individua
2067 4383 2098 4437 et

1351 4485 1503 4544 expressa,
1513 4485 1546 4528 ac
1557 4469 1594 4529 de
1606 4469 1701 4528 verbo
1713 4467 1748 4528 ad
1762 4468 1904 4540 verbum,
1919 4483 1981 4528 non
1994 4475 2097 4530 autem

1353 4577 1406 4638 per
1421 4561 1572 4622 clausulas
1597 4561 1756 4636 generales
1779 4560 1860 4621 idom
1884 4561 2096 4638 importanteS,

1354 4655 1471 4715 mentio
1496 4671 1551 4714 seu
1574 4655 1700 4731 quaevis
1718 4654 1773 4713 alia
1796 4655 1952 4730 expressio
1973 4661 2025 4715 aut
2046 4653 2100 4714 ali-

1352 4764 1410 4824 qua
1431 4745 1487 4806 alia
1517 4747 1667 4824 exquisita
1695 4747 1793 4806 forma
1815 4748 1851 4807 ad
1873 4747 1929 4806 boc
1950 4747 2097 4806 servanda

1352 4839 1442 4913 ioret,
1466 4847 1588 4900 tenores
1610 4839 1798 4914 huiusmodi,
1814 4856 1847 4900 ac
1862 4839 1886 4898 si
1902 4841 1940 4900 de
1954 4839 2048 4899 verbo
2063 4839 2098 4899 ad

1352 4931 1483 4992 verbum
1496 4931 1574 4992 nibil
1586 4933 1710 5008 penitus
1722 4931 1985 4992 omissoetiorma
1998 4930 2100 4992 inillis

1324 5090 1326 5103 ¹
1353 5024 1461 5085 tradita
1482 5023 1640 5085 observata
1661 5025 1877 5085 insererentur
1895 5031 1926 5084 et
1947 5024 2100 5102 exprime·

1353 5123 1474 5190 rentur,
1485 5115 1592 5176 iisdem
1605 5117 1816 5193 praesentibus
1829 5131 1883 5194 pro
1896 5115 1986 5193 plene
1998 5123 2028 5176 et
2039 5115 2101 5176 sul-

1355 5208 1493 5270 ficienter
1508 5209 1660 5284 expressis
1682 5225 1715 5269 ac
1736 5209 1774 5270 tle
1795 5209 1889 5269 verbo
1911 5209 1945 5269 ad
1969 5209 2100 5269 verbum

1355 5300 1477 5362 insertis
1501 5301 1658 5376 babentes
1683 5301 1742 5360 illis
1764 5301 1838 5361 aliis
1861 5301 1892 5362 in
1914 5317 1970 5362 suo
1992 5301 2102 5362 robore

1354 5394 1575 5471 permansuris,
1591 5395 1625 5455 ad
1638 5394 1877 5472 praemissorum
1890 5394 2033 5454 ellectum
2046 5394 2101 5455 bac

1354 5485 1420 5546 vice
1442 5487 1611 5560 dumtaxat,
1641 5486 1813 5564 specialiter
1834 5493 1864 5547 et
1885 5500 2028 5564 expresse
2051 5487 2101 5548 de·

1351 5755 1507 5812 approbavit
1527 5755 1576 5801 sub
1596 5753 1639 5799 die
1659 5765 1724 5800 xvu.
1744 5752 1861 5799 ianuarii
1879 5763 2002 5808 moecxu,
2021 5753 2048 5796 et
2065 5751 2101 5796 xi·

1352 5822 1408 5868 deri
1430 5825 1539 5878 possunt
1559 5822 1587 5866 in
1602 5824 1696 5878 Magno
1717 5821 1783 5866 Bull.
1800 5823 1873 5866 Rom.
1889 5821 2023 5876 augustae
2037 5821 2101 5865 'rau-

1353 5889 1472 5936 rinoruxn
1488 5889 1536 5935 vol.
1552 5891 1649 5945 xxxxi,
1666 5899 1724 5945 pag.
1740 5891 1780 5932 328
1793 5891 1820 5932 et
1834 5898 1886 5944 seq.

2116 2681 2261 2736 derogatio.
