4866 6980
113 579 169 632 Au.
183 580 214 632 G.
236 576 303 632 1681

127 1003 183 1053 Oua
195 1000 227 1046 de
237 1000 317 1048 111111

97 1059 127 1100 11
141 1053 222 1098 forma
232 1057 318 1101 erecta

97 1107 318 1169 martinianam·

97 1157 192 1206 demna.

975 599 1183 648 inuocaurrus
1204 602 1249 646 xx.
1822 581 1861 644 17
1911 579 2008 634 111.
2031 583 2096 634 1681

335 723 433 798 dium,
456 739 489 785 ac
509 717 701 801 spiritualem
723 720 987 800 temporalemque
1001 719 1082 781 chri-

334 815 516 878 stitldelium
537 815 704 878 utilitatem
736 815 949 892 cognoscimus
971 813 1002 875 in
1025 814 1081 874 Oo-

336 909 423 971 mino
443 909 606 972 salubriter
625 909 780 988 expedire.

376 1005 395 1078 5
418 1003 443 1063 l.
469 1001 590 1064 Dudum
605 1001 771 1080 siquidem,
787 1001 883 1064 felicis
898 1000 1080 1063 recordatio-

337 1097 384 1158 nis
406 1097 586 1158 innocentio
607 1095 663 1157 PP.
681 1097 720 1159 ll.
736 1095 959 1174 praedecessori
975 1101 1081 1156 nostro

335 1206 391 1268 pro
423 1197 508 1268 parte
540 1189 638 1251 clarae
667 1190 835 1252 memoriae
867 1188 999 1266 Philippi
1026 1185 1078 1248 lli.

336 1285 411 1346 dum
433 1283 512 1345 vixit
533 1283 748 1361 Hispaniarum
770 1286 852 1362 regis
873 1283 1014 1346 catholici
1029 1299 1081 1344 ex-

336 1377 452 1454 posito,
484 1377 565 1456 quod
593 1377 625 1436 in
653 1376 778 1438 civitate
809 1378 943 1441 blonilan
972 1378 1005 1440 in
1035 1379 1080 1439 in-

334 1470 408 1531 sulis
429 1470 609 1550 Philippinis
630 1485 729 1532 uuum
751 1472 808 1534 snb
829 1472 1082 1534 denominatione

335 1565 368 1628 S.
382 1567 516 1628 Thomae
531 1567 698 1643 collegium
708 1566 831 1628 Ordinis
846 1563 978 1627 fratrum
992 1565 1080 1626 Prae-

334 1661 504 1722 dicatorum
520 1661 680 1734 existebat,
697 1660 728 1720 in
744 1675 804 1738 quo
821 1659 947 1734 triginta
962 1657 1081 1718 alumni

334 1753 503 1816 saeculares
515 1755 734 1828 educabantur,
747 1763 778 1815 et
789 1769 873 1828 gram
880 1751 998 1826 matica,
1012 1751 1082 1811 rhe-

337 1849 446 1922 torica,
480 1847 591 1923 logica,
625 1846 830 1924 philosophia,
863 1862 896 1906 ac
927 1844 1079 1920 theologia

334 1941 514 2002 scholastica
534 1947 566 2001 et
592 1940 716 2002 moralis
747 1939 934 2000 docebantur
960 1953 1015 1998 seu
1038 1937 1080 1997 le·

336 2034 500 2110 gebantur,
523 2035 634 2109 magud
660 2047 732 2094 cnm
757 2031 928 2093 incolarum
956 2030 1080 2092 illarum

335 2128 471 2206 partium
484 2126 632 2202 utilitate;
649 2126 756 2188 civitas
768 2141 842 2186 vero
854 2123 987 2186 llanilan
998 2122 1080 2201 plus-

336 2233 426 2296 quam
449 2219 549 2281 tribus
571 2219 728 2281 leucarum
743 2217 879 2279 millibus
893 2233 908 2277 a
924 2215 1081 2277 viciniori-

335 2312 391 2372 bus
411 2312 587 2374 studiorum
605 2310 797 2388 generalium
812 2309 1078 2382 universitatibus,

336 2417 448 2482 nempe
478 2405 605 2466 Limane
625 2412 658 2465 et
683 2405 850 2481 1111111111,
882 2403 1026 2478 distabat;
1049 2409 1080 2464 et

335 2505 496 2576 propterea
524 2498 605 2560 idem
637 2497 796 2576 Philippus
822 2513 876 2560 rex
898 2497 930 2559 in
951 2495 1080 2572 collegio

335 2591 469 2670 praefato
490 2590 675 2653 academiam
702 2593 782 2669 erigi
802 2598 832 2653 et
855 2590 975 2654 institui
996 2604 1080 2651 sum·

335 2699 461 2762 mopere
482 2684 683 2747 desiderabat:
707 2685 860 2762 praefatus
882 2685 1080 2748 innocentius

335 2777 572 2854 praedecessor,
606 2777 883 2857 supplicationibus
916 2775 1080 2838 memorati

336 2869 465 2948 Philippi
487 2871 568 2946 regis
595 2873 723 2934 nomine
742 2871 800 2933 sibi
830 2887 924 2950 super
944 2873 1001 2933 hoc
1022 2870 1080 2932 hu-

335 2962 453 3024 militer
472 2965 620 3041 porrectis
640 2965 817 3040 inclinatus,
838 2965 870 3026 in
892 2963 1080 3043 1111111111-

335 3054 431 3116 vitate
451 3055 588 3118 11111111
605 3059 637 3120 11
652 3057 778 3120 aedibus
792 3057 864 3120 dicti
878 3057 1010 3134 collegii,
1027 3057 1079 3120 ubi

336 3155 411 3210 1111
431 3149 552 3211 scholae
571 3160 671 3226 erant,
693 3168 748 3214 seu
775 3151 876 3213 forsan
899 3152 931 3214 in
952 3151 1081 3228 amplio-

335 3257 402 3337 rem
423 3241 555 3306 formam
585 3253 853 3320 construerentur,
881 3246 1078 3318 academiam,

336 3334 370 3397 in
385 3352 445 3414 qua
459 3337 595 3414 religiosi
610 3337 684 3400 dicti
698 3338 820 3402 Ordinis
835 3339 1078 3416 grammaticam,

336 3427 531 3506 rhetoricam,
552 3431 694 3509 logicam,
710 3433 934 3512 philosophiam
948 3440 980 3494 et
995 3431 1081 3494 theo-

336 3522 450 3600 logiam
479 3525 689 3588 scholasticam
719 3533 750 3588 11
777 3525 927 3588 moralem
957 3525 1080 3606 publice

336 3619 570 3696 profiterentur,
591 3637 625 3683 ac
646 3619 775 3682 invenes
796 3634 1007 3698 quoscumque
1028 3621 1080 3682 do-

335 3723 441 3778 cerent
461 3713 518 3794 (l),
540 3715 720 3778 duraturam
746 3712 904 3776 dumtaxat
931 3715 1028 3776 donec
1048 3721 1079 3776 et

336 3821 496 3884 quousque
525 3805 625 3884 aliqua
656 3805 775 3884 publica
805 3804 901 3867 studii
928 3805 1079 3884 generalis

335 3897 676 3961 1111111111111111111
704 3899 829 3962 civitate
855 3899 1002 3974 llonilan,
1024 3915 1079 3962 seu

334 3989 417 4052 illius
428 3989 597 4068 provincia,
609 3992 771 4069 apostolica
785 3993 965 4055 auctoritate
979 3997 1080 4056 erecta

333 4083 452 4160 fuisset,
475 4083 582 4146 eadem
603 4085 795 4161 auctoritate,
816 4087 884 4148 sine
906 4093 1009 4148 tamen
1026 4103 1079 4150 cu·

334 4177 477 4257 iusqnam
508 4178 705 4258 praeiudicio,
737 4181 836 4242 erexit
863 4189 894 4242 11
920 4179 1077 4255 instituit,

334 4272 494 4352 ipsamque
513 4274 711 4349 academiam,
733 4274 777 4336 sic
798 4279 931 4335 erectam
945 4280 977 4335 et
991 4273 1078 4336 insti-

335 4373 444 4442 tutam,
471 4383 573 4442 cnrae,
595 4367 744 4444 regimini
766 4371 795 4430 11
821 4365 1078 4430 administrationi

333 4459 407 4521 dicti
437 4460 558 4524 Ordinis
578 4467 610 4523 et
641 4459 723 4522 illius
755 4461 896 4537 magistri
928 4459 1080 4536 generalis

333 4567 390 4630 pro
418 4559 556 4632 temporo
586 4553 759 4628 existentis,
781 4569 836 4616 seu
863 4553 901 4615 ab
921 4569 957 4614 eo
984 4552 1079 4630 depu-

334 4645 429 4720 tandi,
442 4646 496 4724 qui
509 4646 605 4708 totius
620 4647 791 4710 academiae
805 4653 906 4709 rector
920 4647 1076 4723 existeret,

334 4737 467 4816 praefata
497 4739 679 4801 auctoritate
704 4739 876 4816 supposuit,
905 4755 939 4800 ac
966 4739 1079 4801 rectori

247 4856 254 4866 ,
334 4829 428 4908 ipsius
430 4890 448 4923 ι
458 4829 629 4893 academiae
650 4837 681 4892 et
701 4829 824 4906 collegii
857 4847 910 4908 pro
939 4839 1078 4909 tempore

334 4923 491 4999 existenti,
514 4931 559 5000 ut,
582 4924 680 4987 donec
710 4921 886 4986 huiusmodi
914 4924 1077 4999 academia,

333 5025 369 5078 ut
389 5017 609 5095 praemittitur,
632 5019 769 5092 duraret,
785 5015 852 5078 illos
873 5031 950 5095 quos
970 5017 1002 5078 in
1016 5017 1078 5095 ipsa

333 5109 485 5172 academia
514 5109 558 5172 sic
587 5111 689 5173 111111
713 5125 769 5189 per
790 5110 929 5172 debitum
958 5117 1078 5188 tempus

332 5201 497 5275 studuisse,
520 5219 554 5264 ac
573 5203 698 5265 scientia
725 5211 756 5265 et
783 5203 921 5265 moribus
953 5203 1078 5265 idoneos

333 5307 400 5354 esse
430 5293 606 5372 reperisset,
638 5295 670 5356 in
698 5294 840 5372 praefatis
870 5295 1077 5371 facultatibus,

332 5399 410 5462 qnae
431 5385 464 5447 in
485 5385 566 5448 dicto
591 5385 719 5464 collegio
740 5393 775 5448 ut
797 5386 970 5466 praefertur
991 5389 1079 5450 doce-

333 5483 444 5540 rentur
463 5493 519 5540 seu
548 5477 741 5555 legerentur,
763 5481 799 5542 ad
821 5479 1076 5556 baccalaurcatus,

332 5570 426 5632 etiam
446 5570 581 5646 formati,
603 5588 637 5633 ac
657 5570 870 5634 licentiatnrac
891 5579 922 5634 et
941 5573 1077 5635 doctora-

374 5841 404 5898 (l)
420 5839 486 5886 itale
501 5839 562 5888 edit.
578 5841 655 5888 11111.
670 5841 737 5900 legit
751 5845 919 5888 docerentur.

1137 725 1197 793 tus,
1220 734 1342 782 necnon
1365 715 1532 796 magisterii
1562 719 1685 796 gradus,
1707 719 1826 779 servati
1848 717 1881 778 iu

1135 813 1282 874 omuibus
1303 819 1333 874 et
1354 830 1409 892 per
1437 814 1538 874 omnia
1559 813 1657 874 forma
1685 811 1881 873 decretorum

1140 903 1322 967 Viennensis
1339 913 1369 968 et
1385 905 1560 968 Tridentini
1577 905 1797 979 Consiliorum,
1814 905 1881 983 qui·

1136 997 1192 1060 hus
1213 999 1247 1060 in
1269 999 1370 1076 aliquo
1391 1001 1539 1074 derogare
1561 1015 1624 1062 non
1644 999 1833 1072 intendebat,
1850 1007 1882 1059 et

1135 1091 1208 1153 alias
1229 1093 1314 1154 iuxta
1332 1092 1497 1155 laudabiles
1511 1092 1642 1154 aliarum
1656 1091 1880 1154 academiarum

1135 1187 1374 1248 consuetudines
1399 1201 1582 1262 promovere
1601 1193 1633 1248 et
1655 1187 1791 1264 ipsorum
1814 1201 1881 1260 gra-

1136 1279 1234 1341 duum
1256 1279 1387 1356 insignia
1408 1279 1451 1340 eis
1478 1280 1625 1341 exhihere
1652 1280 1780 1354 valeret,
1803 1277 1881 1340 dicto

1136 1372 1318 1435 anctoritate
1349 1375 1497 1434 concessit
1518 1381 1549 1436 et
1575 1372 1714 1446 indulsit,
1743 1389 1815 1434 cum
1838 1372 1881 1434 di-

1137 1467 1233 1526 versis
1264 1465 1468 1542 facultatibus,
1502 1467 1607 1543 gratiis
1633 1475 1664 1528 11
1689 1465 1828 1538 11111111,
1851 1473 1881 1525 11

1135 1560 1220 1632 aliis,
1242 1568 1333 1637 prout
1357 1560 1387 1621 11
1411 1561 1505 1638 ipsius
1521 1559 1692 1622 innocentii
1708 1557 1881 1636 praedeces-

1136 1653 1213 1714 soris
1236 1653 1348 1714 litteris
1370 1655 1500 1732 desuper
1523 1654 1554 1715 in
1576 1653 1669 1714 simili
1691 1651 1787 1712 forma
1809 1651 1881 1712 Bre-

1137 1746 1182 1806 vis
1203 1747 1252 1808 die
1275 1763 1326 1808 xx.
1351 1748 1529 1809 novembris
1556 1763 1694 1810 11111111.
1719 1745 1879 1823 expeditis,

1135 1855 1268 1917 quarum
1296 1848 1439 1902 tenorem
1470 1841 1681 1919 praesentibus
1708 1855 1763 1916 pro
1790 1838 1881 1917 plene

1134 1938 1166 1993 et
1186 1933 1376 1994 sullicienter
1406 1949 1549 2012 expresso
1570 1941 1601 1996 et
1628 1935 1744 1996 inserto
1775 1935 1881 1997 haberi

1136 2025 1292 2098 volumus,
1315 2027 1443 2088 uberius
1462 2029 1651 2090 continetur.

1175 2119 1244 2194 §2
1268 2121 1348 2183 Cum
1379 2129 1495 2196 autem,
1526 2120 1604 2184 sicut
1635 2122 1764 2186 dilectus
1797 2123 1880 2184 filius
1898 2176 1917 2222 u
1934 2125 2111 2223 0111111111·-

1137 2213 1310 2292 hlphopsus
1339 2213 1453 2276 Saudin
1482 2221 1662 2292 procurator
1684 2224 1714 2278 et
1735 2217 1880 2278 delinitor
1898 2187 2111 2294 cohibebit?-

1135 2307 1287 2382 generalfs
1308 2309 1486 2386 provinciae
1514 2309 1567 2372 SS.
1590 2309 1707 2370 Rosarii
1728 2309 1880 2372 dictarum
1898 2282 2111 2384 &iffiffifmwffi'

1135 2399 1308 2461 insularum
1330 2401 1575 2480 Philippinarnm
1605 2403 1730 2482 praefati
1759 2403 1881 2466 Ordinis

1134 2491 1266 2556 fratrum
1287 2493 1533 2557 Praedicatorum
1549 2497 1637 2558 nobis
1652 2513 1752 2576 nuper
1767 2499 1879 2575 exponi

1135 2586 1219 2660 fecit,
1246 2603 1286 2648 ex
1317 2589 1471 2650 erectione
1502 2591 1672 2652 academiae
1702 2591 1881 2654 huiusmodi

1135 2681 1268 2744 maxima
1292 2680 1322 2741 in
1345 2681 1405 2741 illis
1425 2682 1561 2760 partibus
1582 2685 1618 2744 ad
1639 2684 1814 2746 animarum
1835 2701 1881 2744 sa-

1136 2772 1234 2836 lutem
1253 2774 1372 2836 assidue
1387 2777 1548 2853 proveniat
1562 2777 1689 2850 rutilitas,
1705 2777 1881 2856 propositis-

1135 2883 1194 2945 qne
1209 2869 1384 2930 studiorum
1398 2871 1544 2948 praemiis
1558 2871 1691 2933 erexerit
1706 2871 1751 2950 (2)
1767 2873 1802 2933 ad
1818 2872 1881 2948 ipsa

1135 2961 1344 3039 amplectenda
1365 2969 1396 3023 et
1417 2963 1588 3042 peragenda
1610 2965 1807 3043 praemiaque
1826 2965 1883 3026 hu-

1136 3054 1266 3116 iusmodi
1296 3058 1500 3132 promerenda
1527 3057 1701 3120 studiorum
1729 3058 1880 3133 alacritas,

1135 3147 1213 3209 itaut
1227 3147 1448 3227 multiplicatae
1461 3151 1657 3229 reperiantur
1667 3167 1816 3229 personae
1831 3153 1881 3212 ha·

1135 3239 1211 3302 biles
1225 3249 1256 3303 et
1271 3241 1399 3305 idoneae
1413 3243 1448 3304 ad
1463 3243 1683 3306 continuandas
1698 3261 1794 3306 sacras
1809 3245 1881 3305 mis-

1134 3333 1247 3410 siones,
1270 3347 1402 3414 quarum
1431 3337 1547 3398 fructus
1575 3345 1678 3399 sancta
1705 3337 1881 3400 111111111-

1135 3427 1236 3502 clesia,
1259 3429 1390 3490 Domino
1417 3429 1630 3512 benedicente,
1655 3432 1686 3492 in
1713 3431 1776 3494 dies
1798 3431 1880 3494 locu·

1134 3521 1291 3599 pletantur
1318 3521 1377 3602 (3),
1405 3539 1533 3600 verum,
1565 3533 1690 3605 propter
1717 3526 1881 3602 ingentem

1135 3615 1231 3678 diotae
1253 3615 1384 3679 civitatis
1409 3617 1544 3680 llonilan
1565 3635 1581 3678 a
1602 3618 1745 3697 praefatis
1765 3619 1880 3681 studio-

1135 3724 1206 3770 rum
1228 3709 1421 3786 generalium
1437 3711 1691 3774 universitatibus
1705 3713 1881 3775 distantiam

1134 3802 1350 3882 supradictam,
1383 3803 1541 3868 moraliter
1568 3805 1758 3883 impossibile
1785 3807 1824 3867 sit
1845 3813 1881 3868 ut

1134 3896 1250 3958 incolae
1280 3898 1412 3960 civitatis
1432 3908 1463 3961 11
1489 3899 1662 3962 insularum
1694 3899 1881 3978 Philippina·

1135 4005 1207 4052 rum
1238 3991 1415 4053 huiusmodi
1437 3994 1472 4054 ad
1498 3994 1619 4055 easdem
1651 3992 1880 4068 universitates,

1135 4091 1170 4144 ut
1192 4083 1307 4146 ibidem
1327 4099 1485 4147 sacrorum
1505 4100 1660 4148 canonum
1675 4093 1706 4147 et
1721 4086 1826 4162 legum
1840 4085 1882 4147 ci-

1135 4176 1246 4238 vilium
1268 4185 1299 4238 11
1319 4177 1490 4240 medicinae
1509 4179 1619 4241 studiis
1639 4179 1832 4254 incumbant,
1848 4195 1881 4241 se

1134 4270 1311 4348 conferant3
1334 4285 1367 4332 ac
1386 4271 1513 4348 proinde
1535 4271 1707 4351 plurimum
1735 4273 1881 4350 expedire

1135 4364 1287 4439 videatur,
1311 4371 1345 4426 ut
1366 4364 1516 4427 academia
1531 4366 1662 4444 praefata
1678 4367 1710 4428 in
1726 4365 1880 4445 publicam

1133 4457 1228 4521 studii
1249 4458 1401 4535 generalis
1426 4458 1674 4535 universitatem,
1696 4459 1821 4534 adhoc,
1845 4467 1880 4522 ut

1134 4551 1167 4612 in
1189 4551 1224 4612 11
1244 4551 1320 4614 sacri
1341 4567 1473 4614 canones
1488 4559 1519 4614 et
1536 4552 1620 4629 leges
1634 4553 1752 4629 civiles,
1768 4569 1801 4614 11
1814 4568 1879 4616 me-

1133 4643 1233 4707 dicina
1254 4643 1442 4720 huiusmodi,
1458 4661 1593 4724 quornm
1607 4646 1732 4708 scientia
1748 4645 1783 4707 ad
1799 4646 1880 4710 bene

1133 4746 1274 4800 ornatam
1291 4737 1514 4816 rempublicam
1527 4739 1623 4801 etiarn
1637 4739 1805 4802 necessaria
1821 4747 1878 4814 est,

1133 4830 1255 4910 publice
1285 4830 1399 4906 doceri,
1427 4831 1600 4910 harumque
1630 4831 1811 4895 facultatum
1832 4849 1879 4894 ca-

1134 4923 1259 4985 thedrae
1279 4941 1295 4984 a
1316 4924 1456 5002 personis
1477 4925 1683 4987 saecularibus
1704 4926 1810 5003 peritis
1831 4943 1881 4988 re-

1133 5018 1250 5092 gendae
1271 5017 1502 5080 benefactorum
1522 5021 1659 5097 impensa
1674 5019 1786 5082 ibidem
1802 5020 1879 5097 erigi

1133 5117 1164 5170 et
1185 5109 1296 5187 gradus
1317 5109 1487 5172 scholastici
1501 5111 1683 5174 earumdem
1698 5111 1879 5174 facultatum

1133 5204 1274 5266 studiosis
1295 5211 1363 5282 post
1384 5211 1505 5282 peracta
1529 5205 1703 5267 studiorum
1724 5205 1879 5268 curricula

1133 5295 1264 5358 conferri
1286 5297 1422 5372 valeant,
1441 5298 1477 5360 ad
1499 5298 1597 5360 instar
1611 5297 1803 5362 1111111111
1817 5300 1878 5362 lle-

1133 5389 1257 5450 xicauae
1277 5390 1517 5452 universitatum
1539 5391 1760 5469 praelatarum,
1782 5393 1879 5469 eriga-

1134 5485 1199 5541 tur:
1222 5479 1309 5542 uobis
1330 5490 1491 5561 propterea
1512 5481 1611 5546 dictus
1631 5484 1807 5562 Alpheusus
1821 5487 1879 5549 hu-

1132 5573 1249 5636 militer
1268 5574 1435 5658 supplicari
1454 5574 1525 5638 fecit
1540 5576 1622 5640 utin
1639 5579 1812 5656 praemissis
1827 5595 1879 5658 op-

374 5911 404 5964 (2)
419 5908 508 5954 Potius
523 5908 580 5966 lege
594 5915 713 5958 crevent,
730 5909 771 5954 vel
783 5915 901 5955 evexerat
902 5943 942 5954 .....
958 5912 1114 5956 aneatorum
1128 5909 1169 5956 vel
1182 5915 1367 5958 studiosorum
1380 5915 1553 5962 otacruatetn.

374 5977 404 6033 (³)
420 5975 509 6022 Potius
523 5976 581 6032 lege
596 5987 716 6030 quarum
729 5979 823 6027 auctu
825 6009 865 6022 .....
882 5981 1066 6034 toaoptetotur.
