4880 6982
339 499 438 592 auo.
459 532 527 590 aare
578 529 637 598 aab

557 675 680 736 eosdem
701 669 870 750 regulares,
894 687 957 736 non
979 679 1083 736 autem
1104 675 1139 736 ad
1155 669 1300 753 parochos
1326 675 1329 795 1

556 770 728 847 pertinere;
745 771 916 846 eodemque
930 770 1020 830 modo
1035 769 1084 830 diu
1099 785 1163 830 xvv.
1181 771 1300 830 decem-

555 862 618 923 bris
648 878 777 924 nocuxr.
811 864 926 940 pariter
956 861 1174 938 declaraverat,
1207 879 1301 940 snper

554 956 772 1017 controversiis
793 972 872 1034 qnae
894 956 976 1018 inter
1002 955 1147 1034 parochos
1169 955 1300 1018 civitatis

555 1045 750 1108 Placentinae
764 1055 794 1109 et
807 1049 971 1110 monachos
987 1049 1167 1110 monasterii
1178 1049 1209 1112 S.
1222 1047 1300 1110 Sixti

556 1141 813 1218 Congregationis
836 1142 1025 1205 cassinensis
1046 1143 1168 1205 Ordinis
1190 1141 1221 1204 S.
1246 1142 1300 1202 Be-

555 1237 670 1298 nedicti
691 1237 848 1300 occasione
863 1237 1011 1298 iunerum
1026 1244 1150 1298 exortae
1163 1235 1299 1306 luerunt,

555 1338 647 1406 prout
668 1337 817 1391 statuerat
838 1338 869 1391 et
890 1329 1068 1392 decreverat
1090 1329 1140 1392 die
1155 1345 1231 1389 xvxi.
1249 1327 1301 1388 dc-

555 1424 687 1485 cembris
711 1423 990 1506 unctxx1.(i)ad
1018 1423 1197 1485 instantiam
1225 1429 1300 1482 tunc

554 1517 715 1579 existentis
730 1519 936 1597 procuratoris
951 1517 1103 1595 generalis
1118 1515 1300 1600 eorumdem

554 1611 685 1674 lratrum
707 1611 737 1673 S.
763 1613 914 1674 Francisci
941 1612 1079 1690 parochis
1101 1613 1153 1690 qni
1174 1612 1300 1674 associa·

554 1705 627 1766 bant
648 1704 793 1766 cadavera
814 1705 1033 1767 defunctorum
1054 1721 1132 1783 quae
1153 1706 1185 1766 in
1205 1707 1298 1767 eccie-

553 1797 605 1858 siis
627 1797 820 1874 regularium
841 1799 955 1876 pariter
975 1798 1214 1876 sepeliebantur,
1235 1815 1298 1860 non

554 1889 646 1951 licere
668 1891 701 1950 ea
722 1890 879 1952 occasione
901 1891 1021 1966 ingredi
1047 1890 1187 1952 ecclesias
1209 1906 1300 1966 regu-

553 1981 676 2056 larium,
699 1982 750 2043 sed
773 1999 789 2042 a
810 1982 909 2045 ianuis
942 1982 1077 2062 ipsarum
1099 1984 1298 2045 ecclesiarum

553 2076 711 2138 diunttero
742 2077 854 2138 debere
884 2077 1027 2138 cadavera
1056 2078 1245 2152 huiusmodi,
1268 2084 1298 2138 et

1081 548 1145 600 lcii·
1170 547 1260 600 PONT·
1285 549 1325 598 DE
1347 550 1376 598 1¹.
1400 545 1429 598 1³.
1453 549 1535 598 ntus
1558 549 1578 598 1.

1357 677 1490 747 gnanter
1512 671 1613 752 oppidi
1633 672 1670 736 de
1686 671 1784 736 Potosi
1799 683 1829 738 et
1844 671 1977 739 civitatis
1992 675 2029 740 de
2045 678 2104 742 cu·

1356 765 1499 842 quisache
1521 767 1691 843 respective
1711 777 1975 848 nuncupatorum,
1993 787 2105 851 nempe

1356 858 1500 934 exigendi
1516 859 1663 921 maiorem
1679 861 1907 938 eleemosynam
1924 863 1968 942 (3)
1984 880 2039 942 pro
2054 866 2104 927 de-

1355 948 1469 1012 functis
1490 953 1543 1030 qui
1561 953 1591 1014 in
1608 954 1742 1016 ecclesiis
1759 957 1962 1034 parochorum
1978 965 2008 1018 et
2023 975 2105 1036 pres·

1356 1043 1538 1122 hyterorum
1559 1047 1763 1109 saecularium
1786 1049 1899 1112 ibidem
1917 1050 2104 1130 sepelieban-

1356 1145 1420 1212 tur,
1443 1155 1476 1200 ac
1506 1157 1614 1201 rursus
1646 1143 1811 1220 peragendi
1844 1159 1937 1222 super
1958 1143 2003 1222 (d)
2026 1145 2105 1222 ipsos

1357 1229 1529 1294 functiones
1544 1235 1703 1310 generales
1717 1252 1810 1314 super
1825 1236 2044 1298 detunctorum
2059 1256 2105 1300 ca·

1356 1325 1519 1386 daveribus
1544 1328 1676 1404 quaein
1700 1328 1883 1390 eorumdem
1904 1331 2036 1392 iratrum
2059 1348 2106 1393 eo-

1356 1416 1455 1478 ciosiis
1479 1419 1725 1496 tumulabuntur,
1748 1431 1911 1500 postquam
1938 1425 2000 1502 ipsa
2022 1427 2105 1486 cada-

1357 1525 1429 1570 vera
1451 1513 1487 1572 ad
1517 1527 1627 1574 eorum
1659 1514 1801 1576 ecclesias
1833 1525 2052 1594 pervenerant,
2074 1525 2105 1578 et

1357 1601 1480 1666 tandem
1501 1605 1696 1681 ingrediendi
1710 1625 1778 1670 suas
1793 1610 1934 1671 ecclesias
1948 1612 2105 1673 occasione

1356 1696 1509 1760 dicturum
1538 1699 1686 1761 funerum
1708 1710 1739 1762 et
1767 1703 1900 1764 aliorum
1931 1704 2101 1766 similium:

1355 1788 1497 1867 ideoque,
1520 1793 1556 1853 ad
1578 1797 1767 1856 removenda
1798 1795 1936 1858 scandala
1957 1797 2104 1858 assiduas-

1355 1897 1416 1958 que
1436 1883 1599 1946 discordias
1620 1889 1744 1965 quaein
1761 1889 1824 1952 dies
1839 1889 2031 1966 oriebantur,
2048 1908 2103 1969 pro

1354 1985 1441 2054 parte
1463 1978 1601 2042 eiusdem
1623 1981 1804 2044 Bernardini
1827 1987 2032 2061 procuratoris
2052 2003 2104 2062 ge-

1355 2070 1467 2132 neralis
1489 2073 1589 2134 eidem
1619 2075 1862 2152 congregationi
1893 2078 2103 2141 cardinalium

551 2169 653 2232 solum
685 2186 772 2248 posse
804 2169 983 2231 benedicere
1004 2178 1035 2232 et
1056 2172 1128 2232 dare
1149 2171 1298 2232 ultimum
1325 2164 1327 2249 l
1354 2165 1524 2242 supplicato
1546 2177 1580 2228 nt
1601 2185 1694 2247 saper
1715 2171 1889 2248 praemissis
1910 2173 1941 2234 in
1957 2173 2103 2236 omnibus

552 2263 630 2336 vale,
653 2263 749 2323 officia
780 2278 853 2324 vero
875 2271 905 2324 et
926 2263 983 2324 alia
1016 2265 1135 2338 munia,
1165 2282 1243 2342 quae
1266 2265 1296 2326 in

551 2355 704 2418 similibus
726 2357 996 2432 Het·i.solebant,a
1018 2359 1212 2434 regularibus
1234 2374 1297 2419 non

551 2457 656 2512 autem
677 2467 693 2510 a
713 2451 852 2528 parochis
884 2452 951 2512 Heri
982 2451 1108 2528 debere3
1145 2453 1190 2514 his
1222 2469 1297 2512 veru

1354 2264 1385 2317 et
1405 2259 1536 2334 singulis
1568 2262 1702 2323 ecclesiis
1727 2266 1918 2342 supradictae
1938 2283 2012 2328 suae
2032 2284 2100 2346 pro-

1354 2351 1474 2413 vinciae
1494 2355 1605 2415 eudem
1627 2355 1728 2430 modo,
1752 2374 1813 2435 quo
1835 2357 1870 2418 ad
1893 2359 2032 2422 levorem
2053 2378 2103 2422 eo·

1353 2447 1499 2506 rumdem
1514 2447 1767 2525 presbyterorum
1781 2469 1836 2513 seu
1851 2453 2033 2516 clericorum
2049 2455 2101 2518 So

552 2543 841 2617 nonobstantibus
864 2561 936 2605 cum
961 2546 1083 2624 parochi
1105 2545 1137 2606 in
1160 2545 1297 2624 partibus
1323 2544 1326 2619 l
1353 2539 1471 2600 cretatis
1493 2541 1664 2618 praedictae
1685 2545 1717 2605 in
1733 2547 1870 2622 partibus
1886 2547 2102 2624 Hispaniarum

552 2638 767 2716 Hispaniarum
788 2647 819 2698 et
838 2637 996 2700 indiarum
1010 2638 1099 2700 aliter
1115 2639 1146 2700 in
1162 2639 1297 2700 ecclesiis
1323 2626 1325 2703 l
1353 2640 1383 2692 et
1406 2632 1570 2694 indiarum
1585 2637 1745 2712 provisum
1779 2639 1889 2714 luerat,
1914 2647 1948 2702 ut
1969 2641 2101 2718 praeler-

551 2732 805 2809 presbyterorum
825 2747 880 2792 seu
902 2731 1086 2794 clericorum
1105 2731 1297 2808 regularium

551 2825 710 2888 Societatis
741 2825 807 2886 iesu
830 2825 862 2885 in
884 2839 978 2901 grave
1009 2841 1119 2887 eorum
1146 2825 1296 2902 praeiudi-

549 2920 633 2980 cium
654 2919 906 2996 praetenderent,
930 2923 1004 2979 tunc
1026 2918 1140 2996 pariter
1161 2918 1296 2978 existens

1354 2732 1415 2798 tur,
1438 2727 1626 2804 provideret,
1656 2731 1851 2809 decretaque,
1875 2734 1910 2795 ad
1940 2749 2047 2796 eorarm
2069 2744 2100 2797 et

1352 2816 1484 2880 aliorum
1506 2821 1642 2882 lavorem
1665 2822 1756 2897 edita,
1779 2825 1816 2885 ad
1837 2825 1930 2887 tiictas
1958 2827 2100 2888 ecclesias

1353 2923 1541 2974 memoratae
1556 2915 1733 2992 provinciae
1749 2917 1779 2979 S.
1798 2918 1919 2980 ioannis
1935 2920 2099 2998 Baptistae,

549 3019 727 3090 procuratur
756 3011 908 3087 generalis
938 3013 1119 3074 earumdem
1141 3011 1297 3089 Hispania·
1322 3040 1324 3079 ι
1352 3011 1382 3064 el
1403 3005 1564 3080 signanter
1594 3009 1697 3088 oppidi
1718 3010 1755 3070 de
1787 3011 1895 3072 Potcso
1916 3024 1948 3074 et
1968 3015 2100 3076 civitatis

549 3122 620 3166 rum
643 3105 674 3166 in
697 3105 855 3166 indiarum
883 3105 1022 3166 eiusdem
1050 3105 1210 3168 societatis
1233 3121 1297 3166 me-

547 3209 684 3261 moratae
717 3200 953 3277 congregationi
989 3208 1063 3261 tunc
1093 3199 1295 3260 existentium

548 3293 687 3357 eiusdem
708 3293 739 3356 S.
757 3293 792 3354 tt.
810 3295 845 3355 H.
864 3292 1074 3356 cardinalium
1096 3293 1144 3354 die
1161 3309 1203 3352 vr.
1221 3291 1294 3352 maii
1321 3302 1323 3360 i

549 3403 715 3451 unctxxn.
739 3387 975 3465 supplicaverat,
992 3395 1038 3462 nt,
1054 3387 1089 3448 ad
1107 3389 1294 3448 removenda

548 3483 650 3544 omnia
673 3489 702 3543 et
729 3496 942 3560 quaecumque
972 3479 1126 3554 scandala,
1161 3483 1294 3557 benigne

1352 3097 1387 3158 de
1410 3099 1600 3176 carquisache
1622 3103 1798 3179 provinciae
1811 3113 1842 3166 et
1857 3106 1979 3168 Ordinis
1994 3107 2100 3170 huius·

1351 3191 1446 3264 modi,
1470 3193 1501 3254 in
1525 3205 1684 3272 posterum
1705 3195 1811 3258 eadem
1834 3197 1932 3260 forma
1946 3209 2053 3262 exacte
2068 3219 2102 3262 ac

1349 3285 1375 3344 si
1407 3285 1443 3346 ad
1474 3289 1658 3350 eorumdem
1689 3290 1820 3352 iratrunt
1853 3291 2100 3356 Praedicatorum

1351 3379 1537 3454 provinciae,
1561 3381 1663 3459 oppidi
1678 3401 1711 3446 ae
1725 3385 1857 3447 civitatis
1873 3387 2099 3464 praedictorum

1351 3470 1485 3532 lavarem
1510 3485 1716 3552 emanassent,
1741 3479 1867 3540 extendi
1888 3495 1922 3541 ae
1943 3481 2098 3542 observari

2136 537 2190 598 Aa.
2206 541 2238 596 c.
2263 541 2326 594 litt
2420 544 2421 547 ’

547 3576 726 3648 declararet,
748 3573 920 3651 supradicta
942 3577 1045 3635 omnia
1063 3577 1185 3638 decreta
1199 3583 1229 3638 et
1244 3579 1294 3638 de-
1320 3560 1322 3663 l
1349 3580 1382 3625 '⁶¹⁰
1404 3567 1580 3628 Oiessflllfflll
1602 3569 1780 3632 demandari
1795 3573 2000 3651 praecidere&
2018 3590 2099 3635 ema-

548 3669 729 3731 ciarationes
750 3666 785 3726 ati
808 3683 948 3744 unguem
970 3669 1294 3732 inecclesiissuarum
1320 3668 1322 3727 l
1350 3659 1435 3719 flavii
1466 3659 1503 3720 ab
1534 3662 1639 3724 cidem
1673 3665 1922 3741 C⁰sscs⁰c2¹l10¹le
1954 3667 2099 3730 Cilliba·

548 3765 713 3825 domorum
735 3769 765 3824 et
786 3761 989 3838 collegiorum
1003 3765 1151 3826 servanda
1166 3764 1244 3839 lore,
1261 3783 1294 3826 ac
1350 3750 1428 3811 ¹1⁰¹ss
1449 3753 1609 3817 llssll'sslssffl
1632 3757 1747 3818 tenoris
1769 3759 1822 3836 qui
1844 3760 1997 3837 sedullus,
2015 3761 2098 3822 vide-

547 3859 572 3919 si
594 3859 629 3919 ad
651 3857 746 3935 ipsius
768 3855 927 3919 Societatis
958 3857 1136 3918 instantiam
1157 3873 1294 3920 emanas·
1350 3844 1436 3906 Ῑῑθθῑῑ

548 3959 633 4026 sent;
656 3951 734 4012 dieta
757 3967 831 4010 vero
853 3950 1058 4026 congregatio
1085 3951 1293 4014 Cardinaiium
1320 3986 1322 3999 ι

1390 4033 1478 4094 Sacra
1502 4035 1709 4112 congregatio
1731 4039 2052 4104 eminentissimorum
2066 4053 2098 4104 et
2117 4063 2330 4122 oeeretumprac-

548 4043 718 4106 indulserat
750 4043 953 4116 decernendo,
984 4045 1095 4105 alaudas
1123 4061 1187 4106 esse
1208 4038 1322 4124 prae-l
2136 4115 2140 4124 ,

1349 4127 1681 4192 reverendissimorum
1705 4132 1736 4194 S.
1760 4133 1796 4194 tt.
1821 4134 1854 4194 H.
1886 4135 2098 4198 cardinalium
2116 4115 2332 4224 gffgugssssffi'!

548 4137 641 4199 dictas
661 4136 882 4196 declarationes
903 4135 975 4196 alitis
997 4135 1103 4212 editae,
1127 4155 1240 4216 easque
1262 4139 1292 4200 in

497 4223 500 4232 ’
547 4231 634 4292 dictis
656 4227 790 4291 ecclesiis
812 4227 971 4290 Societatis
986 4229 1116 4290 omnino
1131 4233 1294 4292 servandas
1349 4221 1480 4296 negotiis
1507 4230 1537 4282 et
1565 4224 1843 4288 consultationibus
1876 4229 2096 4307 {cpiscoporum
2115 4225 2332 4326 lle'tfflffimdli

548 4341 629 4399 esse;
662 4323 791 4399 eiusque
822 4322 982 4383 tlecretum
1013 4325 1211 4400 postmodum
1239 4341 1294 4404 per
1319 4298 1322 4437 ἶ
1349 4321 1379 4373 et
1401 4313 1605 4389 Regularium
1636 4321 1816 4397 praeposita,
1844 4323 1972 4384 attentis
1994 4339 2096 4384 narra·
2115 4331 2279 4428 promotam
2308 4337 2329 4396 s.

547 4418 645 4479 leticis
679 4413 900 4476 recordationis
936 4415 1129 4478 clementem
1164 4417 1219 4478 PP.
1254 4419 1291 4480 X.
1320 4444 1322 4459 ·
1350 4406 1398 4480 lis,
1421 4423 1454 4470 ac
1475 4409 1630 4472 referente
1652 4413 1899 4476 eminentissimo
1916 4415 1947 4478 S.
1964 4417 2094 4492 Priscae,
2115 4395 2222 4482 sla³2⁰¹⁸
2246 4390 2331 4444 ³³⁹¹''

547 4512 811 4589 praedecessorem
833 4517 975 4569 nostrum
996 4526 1051 4587 per
1065 4510 1211 4588 quasdam
1225 4529 1294 4573 suas
1349 4501 1468 4562 censuit
1496 4519 1530 4563 ac
1551 4505 1688 4566 decrevit
1712 4505 1808 4568 danda
1834 4525 1900 4571 csse
1923 4509 2044 4572 decreta
2066 4528 2095 4570 a-

547 4601 695 4666 insimili
725 4601 822 4662 forma
853 4601 959 4662 Brevis
991 4603 1146 4680 expeditas
1175 4604 1321 4675 litteras
1349 4591 1403 4654 lifts
1433 4595 1525 4670 edili,
1553 4603 1584 4658 el
1614 4598 1776 4674 signanter
1807 4601 1883 4662 iilud
1915 4611 2095 4666 emanatum

546 4696 776 4767 confirmatum,
805 4710 838 4755 ac
861 4709 915 4772 pro
944 4697 1123 4758 earumdem
1146 4695 1191 4774 (2)
1212 4698 1293 4760 litte·
1319 4688 1322 4759 l
1347 4688 1405 4748 sub
1425 4687 1474 4750 die
1495 4707 1538 4752 vt.
1564 4692 1635 4752 maii
1657 4709 1823 4756 nnccxxn.
1848 4697 1884 4758 ad
1916 4697 2095 4759 instantiam

547 4804 652 4850 rarum
674 4805 706 4848 ac
721 4801 776 4864 pro
790 4785 903 4846 decreti
919 4786 1095 4849 huiusmodi
1112 4790 1293 4852 executione
1349 4780 1383 4840 D.
1408 4781 1512 4844 diensi
1534 4783 1572 4845 de
1593 4785 1727 4860 alarcos,
1745 4790 1953 4864 procuratoris
1968 4806 2095 4866 genera-

547 4881 750 4943 momtfflipm
770 4897 785 4938 a
809 4887 884 4940 tnnc
905 4879 998 4940 etiam
1020 4881 1172 4942 existente
1192 4898 1294 4944 eausa.
1319 4850 1321 4944 l
1348 4873 1384 4934 lis
1406 4875 1621 4954 Hispaniarum
1643 4889 1674 4940 et
1695 4879 1852 4942 indiarum
1874 4881 2032 4946 Societatis
2051 4886 2095 4947 le-

546 4991 617 5036 rum
640 4973 749 5037 curiae
770 4972 917 5034 camerae
938 4973 1128 5050 ilpostuiicae
1154 4975 1291 5052 generali

546 5069 686 5132 auditore
717 5066 896 5145 expeditum
926 5066 1041 5128 iuerat:
1073 5075 1103 5127 et
1132 5067 1163 5127 in
1185 5069 1291 5129 eadem

546 5163 737 5242 expositione
759 5160 923 5222 subiuncta
944 5160 1024 5238 quud
1046 5160 1147 5222 dilecti
1170 5161 1225 5220 sitii
1242 5177 1290 5238 pa-

547 5256 631 5318 rochi
652 5255 791 5316 eiusdem
813 5252 902 5329 regni
924 5253 1054 5314 Peruani
1075 5254 1108 5314 in
1130 5252 1291 5331 praedictis

545 5350 639 5412 lndiis
659 5348 890 5426 praetensiones
911 5346 997 5408 dictis
1018 5347 1148 5408 decretis
1164 5354 1194 5406 et
1210 5361 1292 5407 reso-

546 5441 714 5504 lutionibus
736 5441 900 5500 contrarius
921 5447 951 5501 et
973 5440 1124 5518 oppositas
1139 5440 1291 5501 habebant

545 5535 578 5595 in
601 5535 735 5596 ecclesiis
757 5533 920 5594 domorum
943 5539 973 5592 ot
994 5541 1209 5594 conventuum
1230 5532 1290 5594 dio-

547 5634 593 5688 tae
615 5627 792 5706 provinciae
814 5625 844 5688 S.
869 5625 988 5686 loannis
1015 5625 1176 5705 baptistae,
1200 5632 1231 5686 et
1251 5625 1290 5685 si-

587 5869 616 5920 lit
633 5870 660 5910 in
676 5867 744 5912 datis
761 5867 911 5914 huiusmodi
926 5871 995 5913 eerle
1011 5881 1085 5914 error
1101 5870 1214 5928 irrepsit.
1298 5849 1300 5854 ¹

588 5937 617 5992 (a)
634 5933 701 5977 Hdit.
718 5934 794 5978 alaim
812 5935 874 5990 legit
889 5940 1050 5980 carrinatem.

1347 4985 1394 5041 su,
1418 4969 1576 5031 vialelicet:
1602 4973 1735 5048 «Sacra,
1759 4983 1831 5049 etc,
1854 4978 1983 5038 oratoris
1998 4979 2095 5055 preci-

1348 5062 1404 5124 bus
1423 5063 1558 5140 benigne
1573 5065 1751 5142 indulgens,
1767 5069 1887 5129 censuit
1901 5069 2013 5131 dandas
2029 5087 2095 5132 esse

1347 5156 1455 5234 petitas
1476 5157 1695 5219 declarationes
1715 5176 1804 5239 saepe
1823 5162 1893 5223 alias
1908 5165 2014 5237 editas,
2030 5181 2094 5226 eas-

1347 5264 1406 5327 que
1429 5251 1521 5311 ctiam
1543 5251 1576 5311 in
1598 5254 1803 5329 praenarratis
1831 5255 1965 5318 ecclesiis
1993 5259 2096 5322 Socie-

1347 5343 1417 5404 tatis
1439 5359 1503 5403 esse
1531 5344 1746 5417 observandas,
1781 5348 1932 5410 nimirum
1954 5353 2093 5430 parochis

1347 5436 1379 5497 in
1401 5437 1599 5499 associatione
1619 5439 1685 5500 sive
1705 5441 1864 5502 occasione
1888 5445 2093 5506 associationis

1346 5529 1531 5594 cadaverum
1553 5547 1616 5592 non
1638 5532 1729 5594 licere
1750 5533 1871 5609 ingredi
1892 5537 2031 5599 ecclesias
2047 5555 2093 5600 re·

1347 5625 1514 5700 galerium,
1538 5627 1590 5687 scd
1612 5627 1712 5688 teneri
1741 5627 1899 5690 dimittere
1921 5633 2025 5692 cariem
2047 5651 2092 5694 ca-

1388 5873 1417 5926 (3)
1435 5871 1543 5915 Videtur·
1558 5871 1646 5914 deesse
1662 5881 1751 5922 parram.

1388 5941 1417 5994 (d)
1434 5942 1531 5982 Hersen
1547 5951 1597 5990 per
1612 5949 1658 5992 pro
1673 5950 1762 5990 aripert
