4848 6990
299 533 352 586 An.
367 534 397 586 O.
419 532 488 584 1686

314 1049 468 1096 admonitio.

539 523 579 592 80

517 681 581 727 non
602 662 730 736 fuerint,
747 659 846 722 mediat
864 658 919 720 bac
933 643 1167 732 diligentianim
1181 669 1264 716 com-

516 756 701 824 mutatione,
731 754 815 815 iuxta
846 764 1045 838 summorum
1077 749 1264 812 Pontificum

516 850 738 922 concessiones,
761 861 869 910 secure
886 845 999 908 lucrari
1014 843 1136 906 valeant
1150 849 1182 904 et
1197 859 1265 922 pos·

516 945 590 1006 sint.

556 1037 713 1098 Postremo
735 1034 879 1096 omnibus
908 1032 1092 1094 missionum
1120 1029 1265 1092 commis·

514 1129 613 1204 saviis,
635 1147 667 1190 ac
687 1127 890 1204 collegiorum
913 1125 1059 1187 iratribus
1081 1131 1143 1186 tam
1160 1122 1263 1184 subdi-

517 1224 555 1285 tis
576 1239 669 1301 quam
690 1222 902 1300 superioribus
922 1221 1028 1281 stricte
1056 1219 1262 1295 iniungimus,

516 1323 551 1378 ut
572 1318 604 1379 in
627 1313 776 1378 omnibus
791 1331 824 1377 se
845 1315 900 1376 Dei
915 1314 1085 1387 ministros,
1102 1311 1266 1390 discipulo-

515 1425 587 1472 rum
608 1411 732 1472 Domini
753 1415 929 1480 sectatores,
953 1405 1165 1468 observantiae
1179 1420 1264 1466 sanc-

515 1509 564 1564 tae
585 1503 738 1577 alumnos,
766 1501 950 1564 Sanctorum
981 1499 1103 1564 Ordinis
1130 1498 1264 1558 imitato-

516 1615 576 1672 reS,
600 1605 630 1660 et
651 1596 747 1657 sancti
767 1595 861 1674 patris
877 1593 974 1655 nostri
989 1591 1142 1654 Francisci
1158 1591 1263 1652 eximii

516 1691 633 1754 ardoris
655 1690 734 1752 Elios
755 1687 937 1767 perenniter
957 1687 1132 1760 ostendant,
1149 1693 1180 1746 et
1195 1684 1263 1746 usui

516 1783 713 1865 pauperrimo
739 1797 847 1843 rerum
876 1779 1158 1858 indispensabiliter
1180 1793 1265 1840 man-

516 1880 632 1958 cipent,
662 1885 759 1955 utque
791 1875 918 1936 illorum
948 1874 1101 1935 librorum
1124 1889 1182 1934 usu
1203 1873 1265 1932 sint

516 1971 668 2046 contenti,
691 1986 767 2048 quos
788 1983 894 2030 secum
916 1968 947 2028 in
966 1967 1128 2029 missiones
1143 1973 1266 2045 portare

518 2065 726 2128 necessarium
747 2069 779 2124 et
800 2061 982 2124 inevitabile
997 2060 1219 2134 iudicaverint3
1240 2057 1265 2118 si

517 2166 622 2222 autem
652 2158 725 2220 alios
756 2174 772 2217 a
800 2154 1048 2218 benefactoribus
1078 2153 1264 2230 receperint,

517 2268 569 2314 eos
590 2251 781 2313 bibliothecis
798 2249 1002 2324 collegiorum
1017 2247 1120 2308 statim
1136 2247 1264 2318 clonent,

449 2399 451 2404 ,
517 2347 580 2408 imo
606 2345 642 2408 ad
669 2345 753 2407 bunc
784 2349 907 2404 tantum
938 2343 1036 2402 finem
1066 2339 1266 2402 donationem

355 3765 501 3812 Facultates

288 3819 503 3882 commissarilge·

289 3874 383 3920 nereus
416 3873 501 3919 ultra-

289 3928 389 3974 marini.

518 2439 704 2520 praedictam
725 2443 882 2514 acceptare
902 2441 1066 2514 poterunt3
1088 2441 1130 2508 ct,
1153 2433 1178 2492 si
1194 2447 1267 2493 con-

517 2534 617 2608 tingat
637 2532 718 2610 quod
740 2545 831 2608 opera
852 2527 982 2590 alicuius
1007 2525 1193 2588 missionarii
1215 2525 1266 2585 be-

518 2625 713 2687 nefactorum
738 2621 944 2700 eleemosynis
965 2622 1046 2698 typis
1070 2619 1196 2693 dentur,
1219 2633 1266 2679 re-

518 2718 657 2795 ligiosus,
680 2717 734 2796 qui
755 2733 807 2778 eas
824 2713 871 2797 (l)
891 2714 940 2794 (ut
960 2713 1046 2793 licet)
1067 2711 1171 2774 medio
1195 2727 1265 2788 syn·

517 2810 597 2886 dico,
620 2809 709 2872 etde
735 2809 857 2871 licentii
889 2807 1098 2887 superiorum,
1128 2821 1183 2884 pro
1212 2805 1267 2866 bac

518 2904 699 2966 necessitate
719 2901 923 2964 ‹letermtnata
950 2901 1140 2978 praestanda,
1163 2916 1269 2979 perce·

518 2999 610 3076 perit,
632 3004 663 3057 et
684 2994 896 3075 impressionis
926 2994 1107 3070 indigentiis
1138 2993 1266 3074 applica-

518 3091 610 3165 verit,
633 3089 816 3168 neutiquam
836 3087 895 3150 sibi
916 3087 1143 3166 exemplarium
1164 3103 1266 3166 repar·

520 3184 662 3245 titionem
684 3189 715 3243 et
734 3183 886 3244 librorum
901 3182 1100 3244 donationem
1116 3190 1265 3258 reservet,

518 3279 569 3340 sed
592 3277 621 3339 id
643 3275 681 3337 dc
698 3276 759 3337 illis
775 3276 838 3350 fiat,
855 3277 934 3354 quod
950 3275 1129 3338 discretorio
1144 3277 1267 3354 collegii

518 3370 628 3434 utilius
642 3387 674 3432 ac
693 3369 869 3446 religiosius
883 3371 1071 3449 apparuerit,
1086 3386 1210 3450 semper
1226 3379 1267 3432 ta-

519 3481 592 3526 men
614 3463 824 3526 benefactores
846 3469 877 3524 et
892 3463 982 3526 amici
996 3463 1171 3542 spirituales
1182 3480 1269 3543 prae-

519 3557 672 3631 ferantur,
694 3557 748 3635 qui
770 3557 856 3632 digni
877 3557 914 3618 ab
935 3565 1060 3619 auctore
1079 3572 1135 3620 seu
1156 3557 1268 3619 sollici-

519 3658 619 3714 tatore
639 3650 853 3729 impressionis
874 3649 1016 3712 declarati
1037 3650 1165 3712 fuerint.

562 3744 611 3820 Et,
635 3759 675 3805 ne
704 3751 879 3822 praesentes
911 3742 1033 3805 litterae
1064 3743 1099 3804 ad
1131 3750 1270 3810 maturae

520 3837 800 3913 determinationis,
823 3837 862 3898 ob
883 3836 1012 3915 aliquos,
1027 3837 1093 3899 sive
1108 3837 1270 3900 auctorita-

522 3932 560 3994 tis
581 3931 618 3993 ad
644 3930 876 3992 decernendum
907 3930 940 3992 in
971 3938 1170 4008 perpetuum,
1202 3930 1270 3992 sive

520 4024 648 4087 alterius
678 4022 818 4099 rationis,
847 4021 997 4099 defectus,
1027 4023 1197 4086 necessarie
1218 4024 1270 4086 str-

520 4117 629 4180 mitate
650 4123 783 4193 careant,
806 4115 987 4180 earumdem
1016 4123 1123 4178 tenore
1146 4116 1269 4180 faculta-

521 4219 583 4272 tem
607 4210 791 4290 procurandi
813 4217 877 4272 tam
892 4209 971 4288 apud
986 4209 1270 4272 eminentissimum

520 4303 683 4366 dominum
702 4307 845 4366 nostrum
860 4307 1067 4383 protectorem
1081 4317 1176 4382 quam
1189 4301 1269 4382 apud

521 4395 665 4460 Sanmam
686 4395 798 4458 Sedem
820 4395 1004 4457 necessarias
1019 4395 1270 4458 confirmationes

520 4497 551 4552 et
573 4489 783 4554 roborationes
814 4496 1003 4568 opportunas
1034 4505 1068 4550 ac
1089 4493 1269 4566 perpetuam

520 4583 793 4645 manutentionem
804 4581 881 4662 patri
893 4581 1047 4644 Francisci
1059 4581 1130 4642 Diaz
1142 4598 1158 4642 a
1169 4579 1199 4644 S.
1213 4581 1269 4644 Bo-

521 4683 695 4738 naventura
713 4676 808 4738 huius
822 4674 934 4738 Curiae
948 4674 1160 4737 commissario
1175 4689 1269 4750 gene-

520 4769 576 4830 rali
597 4768 735 4847 plenarie
755 4768 967 4846 impertimur,
983 4767 1102 4846 ipsique
1117 4765 1270 4830 dictarum

521 4862 714 4924 erectionum
729 4862 958 4940 promotionem
973 4868 1003 4923 et
1016 4861 1200 4924 missionum
1215 4877 1268 4922 ne-

520 4955 607 5033 gocia
627 4955 660 5017 in
681 4956 737 5016 bac
758 4954 849 5018 (iuria
874 4955 1124 5018 tractandarum
1144 4953 1269 5016 faculta-

523 5050 602 5111 tibus
619 5049 796 5112 necessariis
810 5047 1048 5124 committimus,
1064 5056 1096 5110 et
1111 5047 1269 5110 licentiam

520 5144 556 5206 ad
578 5141 773 5222 postulandas
794 5141 826 5202 in
847 5142 931 5204 sacra
962 5142 1212 5219 congregatione
1232 5143 1270 5204 de

520 5237 715 5315 Propagandi
738 5235 812 5298 Fide
833 5235 1017 5298 missionum
1040 5251 1096 5313 pro
1117 5250 1271 5297 memora-

522 5331 558 5392 tis
580 5329 797 5392 commissariis
817 5327 1035 5406 praefecturas
1051 5335 1082 5390 et
1099 5329 1203 5390 omnia
1218 5328 1269 5389 illa

520 5425 638 5500 agenda
659 5440 738 5502 quae
759 5439 814 5502 pro
836 5430 899 5484 tam
920 5429 1025 5483 sancto
1057 5437 1151 5499 opere
1178 5421 1270 5500 profi·

520 5518 629 5579 ciendo
660 5516 830 5579 necessaria
857 5515 986 5589 fuerint,
1009 5514 1142 5576 libenter
1162 5530 1270 5576 conce-

521 5608 622 5671 dimus
643 5620 674 5672 et
695 5609 875 5686 elargimur.
899 5609 1078 5686 Harumque
1093 5607 1268 5670 litterarum

521 5703 749 5766 observantiam
780 5701 936 5778 omnibus,
966 5703 1001 5764 ad
1033 5717 1109 5782 quos
1141 5709 1267 5779 spectat,

565 5921 598 5980 (tl
612 5922 708 5981 Nempe
722 5925 909 5976 eleemosynae.

1044 535 1108 582 tutt.
1132 534 1223 582 PONE.
1247 529 1288 579 DE
1309 529 1338 580 P.
1363 530 1391 582 E.
1416 534 1499 582 PARS
1521 533 1542 582 l.

1319 669 1390 716 cum
1412 653 1553 716 salutaris
1574 652 1767 720 obedientiae
1784 649 1896 716 merito
1911 669 2071 718 commen·
2097 659 2104 678 ⁸

1319 746 1438 822 damus,
1462 755 1493 810 et
1515 747 1586 826 ipsis
1611 747 1707 809 sancti
1735 747 1829 826 putris
1856 749 1954 810 nostri
1976 750 2070 812 Fran·

1319 842 1387 904 cisci
1410 841 1658 904 benedictionem
1680 841 1816 918 benigne
1838 841 2046 920 impartimur.

1360 936 1406 996 Ex
1434 936 1492 997 boc
1520 944 1626 996 nostro
1654 935 1866 1006 Aracaelitano
1897 943 2068 1011 conventu,

1320 1027 1370 1090 die
1393 1046 1435 1090 xx.
1460 1029 1532 1089 maii
1555 1043 1752 1092 unctxxxvx.

1361 1123 1410 1184 Fr.
1434 1123 1559 1185 Pennus
1581 1123 1741 1196 Manibus,
1765 1123 1908 1185 minister
1931 1138 2037 1200 gener.

1361 1217 1404 1276 lle
1424 1216 1463 1278 ll.
1492 1217 1527 1277 li.
1558 1217 1663 1294 patris,
1693 1217 1743 1279 Er.
1772 1215 1885 1278 lescen
1909 1236 1929 1278 a
1952 1217 2068 1292 Leone,

1319 1311 1502 1372 secretarius
1524 1311 1677 1386 generalis
1697 1311 1862 1374 Ordinis».

1361 1405 1399 1465 Et
1420 1403 1553 1465 subinde
1574 1403 1760 1466 venerabilis
1780 1403 1876 1466 frater
1898 1412 2005 1466 noster
2020 1403 2069 1466 fll-
2089 1405 2316 1504 ofssifffunfocssscrl
2412 1399 2413 1404 ’

1320 1497 1452 1558 cleranos
1469 1497 1635 1575 Episcopus
1650 1497 1839 1572 Portuensis,
1854 1499 1884 1561 S.
1898 1499 1934 1559 ll.
1950 1499 1983 1558 E.
2000 1499 2070 1562 Car·
2089 1511 2159 1557 forts.
2207 1469 2223 1514 μ
2412 1557 2413 1574 ,

1321 1589 1431 1651 dinalis
1453 1591 1535 1668 stybe
1562 1598 1771 1678 nuncupatus,
1800 1591 1922 1654 Ordinis
1944 1591 2070 1671 praefati

1321 1685 1478 1762 apudnos
1500 1691 1530 1746 et
1553 1683 1664 1746 Sedem
1680 1684 1886 1764 apostoticam
1901 1693 2069 1765 protector,
2412 1743 2413 1748 ,

1321 1775 1415 1838 dietas
1436 1787 1577 1856 patentes
1605 1778 1734 1852 litteras,
1758 1795 1927 1858 earumque
1950 1779 2072 1857 praein-

1321 1878 1434 1931 sertam
1456 1872 1701 1950 dispositionem,
1720 1873 1900 1951 approbavit
1914 1876 2072 1934 etconfrr-
2412 1887 2413 1900 ¹

1322 1965 1419 2025 mavit
1440 1980 1494 2042 per
1515 1981 1608 2028 suum
1628 1965 1789 2026 decretum
1811 1967 1925 2028 tenoris
1940 1984 2073 2046 sequen·

1322 2059 1372 2132 tis,
1395 2058 1554 2120 videlieet:
1580 2057 1784 2120 ‹aldai-anus
1811 2059 1979 2139 Episcopus
2001 2061 2072 2122 Por·
2412 2067 2413 2082 ¹

1322 2153 1439 2212 tuensis
1462 2153 1492 2214 S.
1509 2153 1544 2214 lt.
1564 2153 1598 2214 E.
1624 2153 1792 2215 Cardinalis
1814 2153 1899 2231 Cybo
1920 2155 2070 2232 serapbici

1321 2245 1443 2307 Ordinis
1465 2245 1496 2308 S.
1517 2245 1671 2308 francisci
1692 2247 1771 2324 apud
1795 2247 1939 2309 Sanctam
1961 2247 2072 2310 Sedem

1322 2345 1487 2416 protector,
1510 2346 1567 2401 etc.
1591 2339 1814 2417 Retroscriptas
1832 2340 1950 2402 litteras
1964 2345 2071 2420 paten-

1323 2440 1367 2492 tes
1378 2433 1473 2510 patris
1485 2432 1620 2493 ministri
1633 2433 1796 2508 generalis,
1806 2449 1977 2512 earumque
1988 2450 2072 2513 prae·

1322 2526 1470 2587 insertam
1482 2525 1728 2602 dispositionem,
1742 2533 1851 2588 tenore
1862 2527 2073 2605 praesentium

1322 2619 1524 2697 approbamus
1545 2625 1577 2679 et
1597 2620 1830 2695 confirmamus,
1852 2637 2009 2699 suumque
2030 2622 2072 2683 ef-

1322 2709 1436 2774 fectum
1463 2713 1567 2774 sortiri
1597 2713 1803 2792 praecipimus
1824 2720 1856 2775 et
1878 2714 2071 2789 mandamus,

1321 2805 1378 2866 sub
1405 2807 1513 2884 poenis
1535 2807 1567 2867 in
1590 2807 1712 2868 statutis
1744 2807 1939 2882 generalibus
1967 2817 2073 2870 contra

1323 2898 1454 2960 rebelles
1476 2899 1679 2978 praescriptis.

2101 517 2199 574 ane.
2224 515 2302 570 isse

2412 1335 2413 1388 t

1352 3021 1487 3095 llomae,
1511 3037 1580 3082 xur.
1605 3021 1678 3083 maii
1700 3038 1900 3085 noctxxxvr.

1565 3146 1599 3206 lt.
1626 3144 1713 3207 Card.
1737 3145 1824 3208 Creo
1846 3153 2010 3224 protector,

1564 3251 1605 3312 lo.
1629 3251 1793 3314 Bavrtsra
1815 3251 1937 3328 Rusca,
1958 3260 2052 3314 etc.»

1364 3371 1432 3445 §2-
1457 3371 1539 3434 Cum
1561 3381 1677 3448 autem,
1700 3373 1780 3435 sicut
1800 3373 1907 3436 eadem
1922 3373 2073 3452 expositio
2140 3397 2309 3444 conarmatto
2412 3367 2413 3424 i

1323 3463 1538 3540 subiungebat,
1561 3463 1716 3543 praefatus
1736 3465 1917 3528 Franciscus
1932 3467 2075 3529 commis-
2092 3449 2232 3551 {ssgssgssffl
2258 3452 2310 3498 ‘¹⁰'

1324 3557 1422 3618 sarius
1438 3556 1592 3634 generalis
1603 3558 1779 3636 praemissa,
1792 3575 1853 3636 quo
1868 3559 1989 3622 firmius
2003 3561 2074 3622 sub·
2412 3565 2413 3634 l

1323 3649 1433 3711 sistant
1455 3655 1486 3711 et
1516 3657 1682 3712 serventur
1713 3651 1860 3727 exactius,
1892 3651 2075 3730 apostolicae

1325 3742 1570 3804 confirmationis
1591 3751 1714 3806 nostrae
1739 3744 1910 3823 patrocinio
1936 3761 2076 3808 commu·

1326 3836 1386 3901 niri
1408 3835 1583 3915 plurimum
1597 3835 1766 3899 desideret:
1784 3853 1852 3914 nos,
1869 3838 1966 3918 ipsius
1982 3833 2093 3901 Eran·'
2412 3853 2413 3922 l

1324 3931 1395 3993 cisci
1416 3929 1620 3991 commissarii
1642 3931 1794 4007 generalis
1816 3932 1894 3993 votis
1908 3931 1965 3994 hac
1979 3933 2013 3994 in
2028 3948 2073 4008 re,

1325 4030 1478 4104 quantum
1500 4038 1573 4085 cum
1594 4023 1727 4086 Domino
1748 4039 1922 4104 possumus,
1938 4013 2108 4102 benigne'
2412 4059 2413 4096 r

1325 4123 1517 4190 annuentes,
1547 4131 1684 4196 eumque
1711 4116 1891 4195 specialibus
1919 4117 2075 4180 favoribus

1325 4217 1356 4271 et
1378 4210 1483 4286 gratiis
1509 4211 1653 4289 prosequi
1679 4211 1831 4286 volentes,
1858 4219 1889 4273 et
1910 4229 1926 4273 a
1948 4210 2075 4290 quibus·
2412 4245 2413 4340 1

1325 4303 1372 4364 vis
1392 4303 1734 4379 excommunicationis,
1756 4304 1968 4383 suspensionis
1983 4311 2014 4366 et
2028 4305 2075 4365 in·
2412 4341 2413 4388 q

1326 4395 1465 4470 terdicti,
1496 4395 1627 4474 aliisque
1656 4395 1867 4459 ecclesiasticis
1897 4397 2074 4471 sententiis,
2412 4391 2413 4400 ’

1325 4489 1465 4551 censuris
1487 4496 1518 4550 et
1539 4487 1659 4567 poenis,
1678 4507 1694 4550 a
1716 4490 1785 4552 iure
1805 4490 1856 4551 vel
1877 4489 1914 4552 ab
1935 4489 2073 4564 bomine,

1325 4583 1433 4660 quavis
1455 4581 1614 4643 occasione
1635 4581 1686 4643 vel
1707 4584 1796 4645 causa
1818 4583 1897 4659 latis,
1915 4584 1941 4644 si
1963 4583 2075 4662 quibus

1325 4674 1556 4754 quomodolibet
1571 4675 1736 4737 innodatus
1750 4677 1865 4752 existit,
1879 4677 1915 4738 ad
1930 4676 2076 4739 ellectum

1325 4768 1536 4848 praesentium
1558 4769 1718 4831 dumtaxat
1739 4769 2007 4848 consequendum,
2023 4771 2075 4830 ba·

1325 4877 1397 4924 rum
1426 4863 1508 4924 serie
1538 4861 1732 4924 absolventes
1754 4869 1785 4925 et
1806 4863 1982 4925 absolutum
2010 4861 2076 4926 fore

1325 4961 1505 5030 censentes,
1542 4951 1822 5034 supplicationibus
1849 4957 1916 5019 eius
1947 4957 2076 5019 nomine

1326 5048 1414 5110 nobis
1435 5063 1529 5126 super
1550 5051 1607 5110 troc
1629 5049 1792 5112 humiliter
1818 5050 1966 5128 porrectis
1988 5049 2074 5112 incli-

1327 5143 1403 5216 nati,
1425 5141 1630 5220 praeinsertas
1652 5141 1778 5220 praefati
1793 5142 1875 5204 Petri
1892 5142 1999 5206 llarini
2015 5142 2074 5204 mi·

1326 5235 1416 5297 nistri
1439 5233 1593 5312 generalis
1614 5241 1753 5313 patentes
1782 5235 1899 5297 litteras
1920 5251 1935 5295 a
1958 5249 2076 5297 memo-

1325 5335 1391 5390 rato
1413 5327 1567 5391 biderano
1598 5326 1746 5406 Episcopo
1778 5327 1931 5391 cardinali
1953 5334 1984 5390 et
2005 5344 2075 5407 pro·

1327 5427 1443 5482 tectore
1464 5421 1641 5500 approbatas
1662 5427 1693 5482 et
1715 5421 1922 5497 confirmatas,
1939 5429 1974 5484 ut
1989 5439 2074 5502 prae-

1326 5512 1436 5589 fertur,
1468 5530 1540 5576 cum
1571 5514 1716 5576 omnibus
1748 5523 1779 5576 et
1809 5515 1941 5591 singulis
1969 5517 2002 5577 in
2031 5515 2075 5577 eis

1325 5607 1498 5682 contentis,
1535 5607 1716 5670 auctoritate
1750 5607 1928 5687 apostolici,
1966 5617 2075 5671 tenore

1326 5700 1553 5778 praesentium,
1583 5697 1804 5764 confirmamus
1831 5703 1948 5780 pariter
1973 5710 2003 5764 et
2024 5717 2075 5781 ap·
