4878 6982
335 561 390 616 An.
404 561 434 615 c.
456 561 525 614 1708
572 555 633 620 252

555 694 678 756 terdum
693 691 812 754 relevet
827 697 857 754 et
874 689 1003 766 relaxet,
1019 689 1176 752 irremissb
1191 689 1298 766 vigore

554 785 728 847 lentescens
747 783 886 862 spiritus,
909 799 981 845 cum
1006 784 1169 846 necessitas
1191 781 1298 860 poscit,

554 876 664 940 virtuti
675 877 882 939 obsecundare
893 891 956 938 non
967 875 1077 938 valeat.
1091 875 1299 954 spontaneam

554 969 651 1046 igitur
671 984 767 1048 aeque
788 984 821 1030 ac
841 967 923 1046 piam
944 967 1017 1030 dicti
1031 967 1114 1028 Petri
1130 965 1300 1030 cardinalis

554 1061 743 1125 oblationem
771 1077 803 1123 ao
825 1060 1036 1124 dimissionem
1058 1059 1230 1138 praedictae
1254 1059 1301 1118 vi·

555 1169 642 1230 neae,
664 1161 812 1232 utsupra
834 1154 867 1216 in
889 1153 1032 1216 manibus
1047 1152 1161 1214 nostris
1175 1150 1298 1225 laetam,

555 1256 586 1310 et
606 1264 662 1327 per
682 1263 737 1310 nos
758 1255 846 1309 motu
869 1247 994 1326 proprio
1014 1262 1047 1308 ac
1066 1244 1105 1307 de
1118 1244 1300 1324 apostolicae

553 1342 714 1422 potestatis
742 1339 938 1419 plenitudine
965 1353 1066 1417 nuper
1095 1343 1298 1417 acceptatam,

555 1433 659 1497 denuo
679 1449 735 1512 per
762 1440 939 1514 praesentes
965 1437 1157 1512 acceptantes
1178 1437 1209 1492 et
1229 1445 1302 1494 con-

556 1529 727 1601 firmantes,
749 1528 913 1589 accedente
927 1533 1044 1600 tamen,
1057 1531 1210 1603 quatenus
1224 1538 1301 1601 opus

555 1620 606 1694 sit,
629 1635 711 1682 novo
733 1619 827 1698 ipsius
840 1617 922 1681 Petri
944 1617 1114 1681 cardinalis
1136 1632 1299 1690 consensu,

556 1713 695 1775 eamdem
717 1712 851 1786 vineam,
865 1711 926 1774 una
947 1726 1019 1773 cum
1040 1707 1162 1788 palatio,
1179 1708 1299 1783 tinello,

556 1803 729 1884 ceterisque
749 1803 961 1866 mansionibus
976 1810 1007 1866 et
1017 1802 1163 1866 aediliciis
1180 1803 1213 1863 in
1229 1817 1303 1880 qua-

556 1913 691 1978 cumque
710 1898 794 1960 illius
815 1905 901 1976 parte
921 1896 1038 1976 positis,
1054 1913 1088 1958 ac
1102 1896 1242 1959 eamdem
1256 1895 1301 1956 vi·

557 2007 652 2056 neam
673 1998 787 2065 totam,
810 1997 924 2068 quanta
946 1995 992 2052 est
1013 1989 1094 2050 intra
1114 2003 1187 2050 suos
1208 1988 1302 2050 notis-

557 2087 652 2150 simos
672 2087 751 2148 lines
764 2084 854 2166 (quos
866 2083 983 2146 eisdem
1000 2085 1224 2162 praesentibus,
1241 2083 1301 2147 una

557 2195 629 2243 cum
647 2178 888 2257 praemissorum
902 2177 1007 2239 valore
1021 2176 1053 2238 in
1068 2177 1255 2256 proprietate
1269 2194 1303 2240 ac

557 2271 671 2334 annuis
697 2269 847 2333 fructibus
875 2275 906 2330 et
927 2268 1115 2344 redditibus,
1144 2269 1304 2332 omnibus-

557 2380 619 2444 que
640 2369 671 2426 et
690 2361 823 2439 singulis
850 2361 917 2423 aliis
938 2361 1101 2438 membris,
1130 2361 1250 2424 iuribus
1272 2369 1303 2424 et

556 2455 767 2538 pertinentiis,
789 2453 894 2516 baberi
921 2453 1066 2516 volumus
1090 2469 1146 2532 pro
1166 2453 1303 2530 singilla-

557 2550 616 2612 tim
637 2548 801 2626 expressis,
821 2548 900 2610 itaut
920 2546 1090 2625 specialitas
1110 2545 1236 2610 illorum
1252 2562 1304 2624 ge-

558 2641 714 2706 neralitati
745 2655 810 2702 non
838 2639 1002 2718 deroget),
1032 2641 1065 2702 in
1096 2645 1301 2718 perpetuum,

558 2741 647 2798 motu
667 2733 809 2814 proprio,
831 2731 1029 2797 concedimus
1050 2731 1202 2810 praefatae
1223 2731 1305 2794 con·

559 2827 731 2906 gregationi
752 2825 790 2888 de
818 2824 1014 2904 Propagandi
1035 2825 1130 2901 Fide,
1158 2824 1305 2903 illiusque

558 2921 690 2994 tructus,
712 2918 850 2982 redditus
864 2925 896 2980 et
910 2925 1091 2997 proventus,
1107 2917 1242 2980 detracto
1257 2919 1306 2981 in-

559 3011 736 3076 lradicendo
750 3026 879 3086 canone,
892 3025 964 3073 cum
977 3010 1044 3072 aliis
1059 3010 1143 3073 illius
1154 3010 1305 3072 fructibus

559 3105 658 3170 dictae
685 3102 925 3181 congregationi
950 3103 1078 3165 unimus
1104 3111 1134 3165 et
1161 3102 1197 3164 ad
1223 3117 1306 3164 com-

559 3199 688 3262 modum
698 3195 1101 3273 eiusdemcongregationis
1111 3196 1306 3258 annectimus

558 3299 591 3355 et
612 3292 861 3370 incorporamus3
884 3290 983 3367 deque
997 3289 1130 3366 praelata
1141 3288 1242 3363 vinei,
1259 3304 1306 3350 ac·

560 3387 700 3459 cedente,
723 3389 759 3448 ut
778 3398 889 3462 supra,
911 3381 984 3442 dicti
1009 3383 1091 3443 Petri
1119 3380 1304 3455 cardinalis,

559 3479 607 3540 uti
621 3471 760 3539 eiusdem
770 3475 949 3538 monasterii
962 3475 1078 3537 abbatis
1092 3491 1147 3536 seu
1162 3474 1306 3552 perpetui

560 3568 824 3642 commendatarii,
848 3560 931 3629 n'ovo
951 3583 1120 3642 consensu,
1144 3565 1177 3629 in
1199 3581 1306 3644 perpe-

561 3671 653 3727 tuum
684 3661 964 3738 congregationem
992 3659 1190 3739 praedictam,
1212 3659 1307 3721 etiam

560 3773 617 3836 pro
644 3754 869 3828 sublevamine,
895 3761 1066 3830 augmento
1088 3760 1119 3814 et
1146 3767 1308 3814 conserva-

561 3851 647 3912 tione
664 3848 866 3910 alumnorum
881 3847 914 3907 in
929 3845 1083 3924 praedicto
1096 3845 1163 3908 eius
1177 3845 1306 3922 collegio

561 3943 754 4022 degentium,
767 3941 962 4003 investimus.
975 3939 1135 4003 (lamonem
1150 3955 1224 4002 vero
1238 3955 1306 4018 per-

561 4045 704 4118 petuum,
719 4051 775 4098 seu
789 4049 925 4096 annuam
941 4040 970 4096 et
984 4040 1166 4111 perpetuam
1181 4047 1307 4112 respon-

561 4133 683 4195 sionem
704 4129 806 4192 eidem
827 4127 917 4189 Petro
946 4126 1113 4201 cardinali,
1136 4125 1234 4204 quoad
1262 4127 1307 4187 vi·

561 4225 643 4287 xerit
654 4229 685 4285 et
695 4221 921 4284 monasterium
932 4218 1305 4294 huiusmodiobtinuerit,

562 4323 593 4380 et
624 4316 811 4394 cuicumque
839 4311 925 4374 alteri
955 4311 1096 4374 eiusdem
1127 4313 1305 4374 monasterii

561 4410 661 4473 abbati
691 4423 746 4470 seu
774 4411 925 4485 perpetuo
956 4403 1218 4467 commendatario
1252 4421 1308 4484 pro

562 4512 702 4581 tempore
737 4499 903 4574 existenti,
935 4500 1056 4560 ratione
1086 4498 1306 4573 concessionis,

562 4595 700 4668 unionis
713 4591 895 4668 annexionis
906 4597 937 4653 et
952 4590 1210 4670 incorporationis
1224 4607 1310 4669 prae-

563 4687 707 4762 latarum,
730 4683 903 4759 annuatim,
926 4682 1043 4747 duabus
1064 4683 1241 4762 aequalibus
1262 4699 1310 4746 so-

563 4780 753 4854 lutionibus,
785 4777 924 4856 prount
948 4777 1094 4839 videlicet
1121 4777 1154 4838 in
1186 4776 1308 4838 Domini

564 4873 663 4938 nostri
683 4873 751 4935 lesu
774 4869 887 4935 Christi
907 4887 925 4931 a
945 4870 1087 4949 proxime
1110 4869 1242 4932 venturi
1263 4869 1309 4932 in·

564 4965 717 5046 cipiendo,
729 4970 760 5027 et
775 4963 869 5024 alteri
884 4962 1100 5024 medietatibus
1115 4963 1240 5024 canonis
1253 4978 1310 5025 seu

564 5057 774 5138 responsionis
799 5054 976 5118 huiusmodi
998 5055 1030 5116 in
1059 5055 1090 5118 S.
1114 5055 1235 5116 ioannis
1256 5055 1309 5116 Ba-

564 5152 675 5232 ptistae
696 5148 873 5212 immediate
888 5149 1033 5226 sequenti
1047 5148 1253 5210 Nativitatum
1267 5147 1311 5209 le-

564 5245 762 5318 stivitatibus,
773 5249 805 5305 et
814 5242 858 5303 sic
872 5242 1015 5320 deinceps
1026 5241 1183 5320 perpetuis
1197 5239 1311 5303 tuturis

565 5337 769 5416 temporibus,
792 5337 829 5398 dc
850 5349 933 5396 anno
948 5334 980 5396 in
1001 5349 1132 5410 annum,
1149 5351 1182 5396 ac
1197 5335 1235 5396 de
1251 5341 1310 5395 ter-

565 5432 653 5494 mino
674 5431 708 5492 in
735 5429 924 5502 terminum,
952 5443 1007 5505 per
1030 5427 1311 5505 congregationem

565 5523 732 5604 praelatam
744 5521 983 5602 persolvendum
994 5535 1050 5584 seu
1062 5521 1309 5601 persolvendam,

566 5617 599 5678 in
621 5616 733 5678 annuis
753 5615 848 5678 scutis
863 5621 991 5676 centum
1009 5621 1153 5677 monetae
1168 5629 1312 5678 romanae

566 5711 603 5772 de
625 5709 707 5771 iuliis
728 5709 835 5772 decem
856 5724 912 5787 pro
934 5707 1073 5786 quolibet
1096 5715 1183 5770 scuto
1204 5708 1311 5770 huius-

566 5801 662 5876 modi,
674 5807 763 5862 motu
783 5801 861 5878 pari,
876 5799 1040 5879 apostolica
1062 5799 1255 5875 auctoritate,
1268 5807 1312 5862 ta-

567 5909 677 5956 xamus
696 5900 730 5956 et
755 5909 969 5968 reservamus,
993 5909 1026 5954 ac
1047 5898 1185 5956 taxatum
1211 5900 1242 5955 et
1263 5909 1310 5956 re·

1072 572 1136 618 IUR·
1160 573 1251 620 PONT·
1275 573 1316 618 DE
1336 572 1365 618 Ρ·
1389 571 1419 618 tt.
1443 571 1526 618 PARS
1547 572 1568 617 i.

1353 694 1524 764 servatum,
1546 705 1600 751 seu
1623 695 1754 752 taxatam
1775 695 1806 751 et
1827 693 2015 752 reservatam
2034 701 2099 750 esse

1356 781 1501 844 volumus
1523 788 1553 844 et
1568 782 1776 856 decernimus,
1788 783 1901 862 absque
1917 789 2021 845 tamen
2035 781 2099 844 ullo

1355 889 1481 954 prorsus
1501 890 1597 937 onere
1617 875 1781 938 solutionis
1802 875 1960 950 laudemii,
1982 892 2048 951 seu,
2064 883 2100 938 ut

1356 967 1468 1030 dicitur
1488 973 1667 1030 entraturae
1687 985 1741 1031 seu
1766 969 1932 1047 copiaotdi,
1957 985 2015 1032 nec
2036 984 2100 1031 non

1356 1059 1551 1138 quindennii,
1569 1069 1632 1124 tam
1650 1061 1722 1124 dicti
1737 1062 1916 1126 monasterii
1931 1062 2031 1125 abbati
2044 1077 2101 1124 seu

1356 1153 2100 1234 commendatarioprotemporeexistenti,quam

1356 1243 1422 1308 aliis
1443 1245 1604 1324 quibusvis
1618 1247 1757 1326 personis
1771 1263 1827 1309 seu
1841 1247 1979 1324 collegiis
1993 1248 2101 1310 Roma·

1356 1352 1414 1398 nae
1446 1339 1573 1412 Curiae,
1602 1339 1722 1401 etiamsi
1743 1339 1866 1418 speciali
1893 1339 1966 1402 noti
1991 1341 2101 1416 dignae

1355 1429 1430 1505 sint,
1451 1431 1545 1493 etiam
1563 1430 1741 1495 officialibus
1756 1432 1965 1496 cancellariae
1979 1438 2102 1495 nostrae

1356 1523 1539 1602 apostolicae
1559 1523 1790 1604 quomodolibet
1807 1525 1915 1602 debiti,
1937 1543 1954 1587 a
1974 1543 2035 1606 qua
2054 1542 2102 1588 so·

1357 1615 1492 1690 lotione,
1515 1624 1669 1695 quatenus
1690 1619 1729 1681 de
1750 1617 1818 1681 iure
1842 1619 2018 1693 deberetur,
2040 1619 2102 1682 dic-

1357 1713 1420 1768 tam
1433 1709 1714 1786 congregationem
1725 1717 1983 1790 perpetuo,motu
1995 1712 2100 1786 simili,

1358 1803 1525 1866 eximimus
1546 1810 1577 1866 et
1602 1805 1791 1868 absolvimus
1812 1815 1843 1869 et
1869 1807 2009 1887 plenarie
2029 1808 2103 1871 libe·

1358 1911 1478 1973 ramus;
1491 1897 1607 1961 adiecta
1619 1913 1744 1977 quoque
1757 1899 1911 1980 reciproca
1924 1901 2103 1964 conditione

1358 1995 1499 2068 respectu
1521 1991 1776 2068 congregationis
1790 1992 1962 2072 praedictae
1979 2009 2103 2058 necnon

1358 2081 1473 2144 abbatis
1499 2099 1553 2148 seu
1581 2084 1721 2163 perpetui
1749 2085 2005 2148 commendatarii
2030 2087 2102 2150 dicti

1358 2175 1538 2237 monasterii
1560 2191 1616 2256 pro
1637 2185 1779 2256 tempore
1805 2179 1978 2254 existentis,
2008 2181 2101 2260 quod,

1357 2267 1384 2328 si
1404 2269 1468 2347 ipsa
1484 2269 1689 2352 congregatio
1704 2286 1767 2332 non
1783 2272 1955 2350 perciperet
1969 2289 2008 2334 ex
2027 2273 2104 2336 dicta

1359 2361 1452 2423 vinea
1471 2361 1591 2424 lructus
1611 2377 1734 2426 annuae
1760 2365 1956 2442 responsioni
1975 2381 2031 2428 seu
2051 2383 2105 2428 an-

1359 2469 1423 2516 nuo
1444 2454 1555 2516 canoni
1576 2454 1755 2518 huiusmodi
1769 2459 2055 2535 correspondentes,
2072 2475 2105 2520 ac

1358 2553 1467 2621 ettam,
1489 2545 1633 2609 detractis
1655 2550 1809 2626 expensis,
1831 2551 1857 2611 si
1878 2550 1958 2613 nulli
1979 2567 2104 2629 prorsus

1359 2637 1478 2702 lructus
1499 2655 1537 2702 ex
1558 2640 1720 2718 grandine,
1736 2643 1873 2706 siccitate
1887 2650 1940 2706 aut
1954 2645 2014 2706 alio
2029 2661 2104 2724 quo-

1360 2747 1494 2812 cumque
1524 2733 1713 2810 inlortuuio,
1744 2735 1837 2798 etiam
1863 2752 1927 2799 non
1959 2739 2103 2815 cogitato,

1360 2826 1594 2903 colligerentur,
1607 2827 1811 2892 nibilominus
1823 2829 1885 2907 ipsa
1896 2830 2105 2907 congregatio

1360 2919 1490 2998 eiusque
1511 2919 1591 2981 bona
1602 2921 1639 2982 ad
1659 2919 1815 2998 integram
1829 2939 1966 2986 annuam
1980 2940 2105 3003 respon·

1360 3012 1480 3074 sionem
1501 3027 1556 3074 seu
1584 3012 1745 3090 integrum
1772 3031 1914 3078 annuum
1942 3033 2104 3094 canonem,

1361 3112 1396 3166 ut
1417 3120 1509 3183 supra
1538 3112 1671 3168 taxatam
1690 3122 1746 3169 seu
1768 3115 1918 3184 taxatum,
1945 3109 1977 3173 in
1999 3127 2106 3190 perpe·

1362 3205 1454 3259 tuum
1475 3197 1608 3274 obligata
1633 3199 1698 3261 sint
1719 3205 1749 3261 et
1770 3202 1808 3263 ad
1829 3202 1956 3266 canonis
1982 3219 2038 3266 seu
2059 3219 2106 3265 re-

1360 3290 1536 3368 sponsionis
1556 3291 1737 3356 buiusmodi
1761 3308 1898 3356 annuam
1918 3295 2106 3359 solutionem

1363 3389 1539 3460 teneantur,
1551 3385 1705 3463 prohibiti
1718 3402 1913 3466 quacumque
1927 3403 1980 3467 spe
1991 3395 2107 3452 restau-

1363 3475 1401 3550 ri,
1422 3477 1613 3540 remissionis
1634 3493 1690 3540 seu
1704 3479 1896 3542 reductionis
1912 3483 2039 3544 canonis
2052 3498 2107 3545 seu

1362 3570 1570 3647 responsionis
1581 3569 1772 3648 huiusmodi;
1785 3580 1815 3634 et
1827 3589 1844 3634 e
1855 3589 2016 3649 converso,
2025 3573 2108 3651 quod

1362 3661 1388 3722 si
1409 3660 1529 3724 lructus
1553 3678 1591 3724 ex
1608 3663 1688 3724 dicta
1702 3658 1805 3725 vinei*
1806 3663 1972 3742 colligendi
1986 3666 2019 3727 in
2034 3683 2108 3744 qua-

1363 3769 1497 3832 cumque
1511 3755 1645 3832 summa,
1662 3756 1756 3819 etiam
1771 3757 1852 3820 ultra
1866 3758 2036 3834 dimidiam,
2053 3775 2109 3822 seu

1363 3848 1494 3921 bessem,
1507 3863 1641 3910 annuam
1654 3851 1889 3928 responsionem
1900 3867 1954 3913 seu
1966 3867 2108 3915 annuum

1363 3957 1514 4004 canonem
1534 3941 1715 4004 huiusmodi
1737 3944 1932 4018 excederent,
1956 3944 2028 4006 dieti
2043 3959 2108 4006 mo-

1363 4034 1492 4096 nasterii
1503 4033 1625 4096 abbates
1636 4049 1692 4096 seu
1703 4035 1955 4098 commendatarii
1968 4041 2108 4114 protem·

1364 4143 1438 4206 pore
1449 4127 1618 4189 existentes
1633 4126 1714 4188 nihil
1728 4126 1809 4189 ultra
1823 4129 2027 4206 praetendere
2042 4143 2109 4206 pos·

1363 4219 1437 4294 sint,
1453 4226 1572 4282 attento
1587 4219 1668 4298 quod
1683 4217 1882 4294 dimissionis,
1896 4218 2003 4282 adicto
2017 4220 2110 4282 Petro

1365 4311 1518 4375 Cardinali
1540 4317 1575 4372 ut
1595 4327 1687 4390 supra
1708 4311 1820 4388 iactae,
1845 4318 1947 4375 totum
1974 4327 2109 4374 commo·

1364 4405 1440 4466 dum
1460 4419 1494 4464 ac
1515 4402 1703 4465 beneficium
1724 4403 1762 4464 ad
1782 4404 2012 4482 propagationis
2024 4405 2046 4466 F
2049 4404 2109 4466 idei

1364 4503 1395 4557 et
1424 4495 1666 4556 conservationis
1690 4495 1867 4574 primodicti
1894 4497 2017 4573 collegii
2045 4495 2109 4558 alu·

1365 4601 1514 4651 mnorum
1536 4587 1632 4649 finem
1658 4589 1821 4666 dirigitur,
1844 4594 1875 4650 et
1905 4590 1962 4652 hae
1983 4589 2053 4666 lege
2077 4606 2110 4652 ac

1365 4681 1449 4744 hisce
1469 4680 1696 4743 conditionibus
1717 4680 1753 4742 ad
1773 4681 2003 4746 concessionem
2018 4691 2049 4744 et
2063 4683 2112 4744 in-

1365 4773 1549 4838 vestituram
1561 4774 1739 4837 huiusmodi
1751 4775 1899 4837 devenire
1912 4783 2000 4838 motu
2015 4775 2111 4838 simili

1366 4867 1561 4945 profitemur.
1598 4867 1715 4942 Quibus
1746 4866 1855 4941 salvis,
1888 4867 1977 4930 liceat
2008 4869 2111 4931 eidem

1366 4959 1618 5036 congregationi,
1634 4959 1764 5038 eiusque
1785 4959 1949 5034 ministris,
1962 4975 2110 5038 quocum-

1367 5067 1427 5129 que
1448 5052 1576 5114 nomine
1595 5053 1792 5132 nuncupatis,
1808 5053 2000 5131 corporalem
2015 5053 2111 5114 dictae

1366 5145 1477 5206 vineae
1507 5147 1748 5224 possessionem,
1772 5161 1900 5224 perse,
1923 5145 1974 5208 vel
2002 5146 2109 5221 alium,

1366 5252 1422 5298 seu
1443 5237 1516 5298 alios
1538 5253 1647 5300 eorum
1663 5239 1853 5314 nominibus,
1866 5237 1988 5317 propria
2009 5245 2113 5300 aucto

1367 5328 1469 5404 ritate,
1492 5331 1606 5409 absque
1626 5330 1717 5410 spolii
1732 5338 1763 5393 et
1776 5336 2002 5394 attentatorum
2023 5331 2110 5406 vitio,

1368 5429 1464 5490 libere
1489 5427 1738 5507 apprehendere,
1762 5433 1793 5488 et
1819 5424 2044 5504 apprehensam
2064 5439 2112 5485 re·

1367 5521 1486 5596 tinere,
1523 5521 1652 5598 eiusque
1686 5517 1807 5580 fructus
1838 5525 1869 5578 et
1899 5516 2112 5578 emolumenta

1367 5629 1582 5692 quaecumque
1602 5611 1759 5687 colligere,
1782 5609 1919 5686 exigere,
1942 5608 2056 5683 levare,
2079 5625 2114 5670 ac

1366 5706 1400 5768 in
1421 5722 1493 5768 suos
1514 5705 1750 5784 primodictique
1775 5701 1898 5778 collegii
1919 5708 1950 5763 et
1971 5700 2114 5763 alumno-

1368 5815 1439 5862 rum
1462 5799 1546 5860 ineo
1563 5796 1746 5875 degentium
1761 5810 1835 5858 usus
1850 5799 2043 5868 convertere,
2060 5810 2114 5856 ou·

1368 5891 1464 5955 iusvis
1486 5890 1611 5953 licentia
1635 5887 1768 5968 desuper
1788 5887 1922 5950 minime
1943 5885 2103 5966 requisita.

2129 557 2185 612 An.
2199 560 2231 612 C.
2254 560 2329 611 1708
