4848 6990
125 1093 260 1142 clausulae.

944 601 1153 648 duodenarius
1174 601 1219 647 Xl.

307 719 461 782 firmitatis
491 719 791 797 robnr'adiicimus,
822 738 856 784 ac
887 737 996 784 omnes
1021 726 1052 782 et

305 811 443 888 singulos
463 813 541 874 iuris
562 819 593 874 et
614 813 685 876 iacti
707 813 854 890 delectus,
877 815 903 876 si
925 815 978 893 qui
1000 814 1051 876 de·

305 921 398 984 super
418 905 649 983 quomodolibet
668 906 909 982 intervenerint,
930 905 1052 986 supple·

306 1013 387 1060 mus.

346 1093 365 1167 s
384 1091 413 1153 3.
436 1091 642 1153 Decernentes
663 1091 787 1154 easdem
807 1058 983 1170 praesentes
1003 1092 1051 1154 lit-

306 1191 387 1248 teras
406 1184 522 1259 firmas,
538 1183 654 1246 validas
673 1192 704 1246 et
724 1181 858 1246 efficaces
873 1185 1007 1248 existere
1022 1191 1053 1248 et

1106 736 1163 782 neo
1185 735 1248 782 non
1273 720 1457 796 conventria,
1480 719 1656 800 provinciae
1677 725 1707 780 et
1728 717 1852 782 Ordinis

1106 812 1364 889 praedicatorum,
1380 814 1474 876 etiam
1489 813 1674 888 iuramento,
1691 812 1853 874 conlirma-

1107 906 1192 968 tione
1217 907 1391 986 apostolici,
1419 906 1470 968 vel
1495 907 1603 985 quavis
1628 906 1775 968 firmitate
1796 904 1853 966 alia

1106 999 1268 1074 roboratis,
1290 1001 1413 1063 statutis
1434 1007 1465 1060 et
1485 997 1775 1072 consuetudinibus,
1792 996 1854 1075 pri-

1107 1093 1229 1170 vilegiis
1249 1109 1385 1171 quoque,
1402 1091 1530 1154 indultis
1551 1098 1581 1153 et
1603 1091 1714 1154 litteris
1734 1097 1853 1169 aposto-

1106 1185 1172 1248 licis
1193 1185 1226 1248 in
1248 1187 1437 1248 contrarium
1464 1186 1705 1264 praemissorum
1726 1200 1854 1263 quomo·

306 1277 383 1351 lore,
404 1292 540 1354 suosque
560 1276 716 1355 plenarios
728 1283 758 1339 et
774 1279 912 1354 integros
920 1278 1054 1350 ,edoctus
1105 1277 1223 1340 dolibat
1242 1278 1405 1353 concessio,
1420 1277 1609 1340 confirmatis
1628 1283 1659 1338 et
1679 1275 1853 1351 innovatis;

306 1369 409 1432 sortiri
440 1375 471 1429 et
503 1367 659 1444 obtinere,
689 1370 832 1432 aedicto
862 1369 993 1446 collegio
1020 1371 1053 1432 in

306 1465 452 1526 omnibus
472 1471 503 1526 ot
524 1481 580 1543 per
597 1465 701 1526 omnia
717 1465 895 1544 plenissime
907 1465 1053 1543 suflraga-

307 1559 347 1632 ri,
368 1558 474 1636 sicque
495 1557 527 1618 in
553 1558 728 1635 praemissis
758 1574 814 1636 per
842 1573 1055 1637 quoscumque

307 1650 422 1712 indices
442 1649 614 1712 ordinarios
635 1659 666 1712 et
686 1651 852 1727 delegatos,
871 1652 962 1714 etiam
984 1669 1053 1715 cau-

305 1759 412 1805 sarum
433 1743 534 1821 palatii
555 1743 711 1820 apostolici
736 1743 902 1819 auditores,
926 1745 1054 1808 iudicari

306 1843 340 1898 et
360 1835 483 1899 definiri
507 1836 630 1911 debere,
653 1853 686 1898 ac
710 1836 835 1898 irritum
856 1843 887 1898 et
915 1838 1008 1899 inane
1029 1838 1053 1900 sl

306 1945 395 1990 secus
414 1945 508 2006 snper
528 1929 575 1989 liis
596 1946 612 1990 a
633 1943 800 2007 quoquam,
823 1929 931 2008 quavis
952 1937 1054 1992 aucto

306 2022 410 2095 ritate,
437 2022 571 2083 scienter
595 2021 646 2084 rel
670 2022 861 2098 ignoranter,
887 2023 1053 2100 contigerit

307 2113 465 2176 attentari.
867 2115 868 2119 ’

112 2221 233 2268 narraras
247 2219 289 2267 uo-
349 2207 368 2281 §
388 2205 418 2268 t.
441 2205 510 2269 Non
532 2207 723 2270 obstantibus
737 2207 922 2286 praemissis,
935 2225 968 2271 ac
982 2225 1055 2271 con-

97 2279 162 2334 rogat

308 2299 521 2363 stitutionibns
541 2307 573 2364 et
598 2299 844 2364 ordinationibus
871 2301 1054 2382 apostolicis,

1108 1372 1220 1450 quibus
1237 1371 1381 1434 omnibus
1401 1380 1433 1433 et
1452 1369 1596 1446 singulis,
1619 1369 1745 1431 illorum
1767 1375 1855 1430 teno-

1107 1481 1157 1526 res
1180 1465 1392 1544 praesentibus
1423 1479 1479 1541 pro
1500 1463 1590 1542 plene
1612 1469 1643 1524 et
1664 1461 1856 1524 sufficienter

1108 1558 1259 1636 expressis
1285 1575 1319 1620 ac
1347 1559 1385 1620 de
1411 1557 1507 1618 uerbo
1535 1557 1571 1618 ad
1598 1555 1731 1616 verbum
1759 1555 1855 1616 inser·

1109 1651 1147 1714 tis
1167 1651 1328 1724 habentes,
1344 1649 1412 1712 'illis
1433 1649 1505 1711 alias
1527 1649 1559 1710 in
1581 1664 1636 1710 suo
1658 1649 1768 1710 robore
1788 1663 1858 1726 per-

1109 1744 1274 1818 mansuris,
1296 1744 1331 1804 ad
1354 1743 1594 1823 praemissorum
1621 1740 1777 1816 ellectum,
1800 1740 1857 1802 hac

1108 1836 1176 1898 vice
1196 1836 1368 1910 dumtaxat,
1390 1835 1562 1915 specialiter
1583 1841 1614 1895 et
1635 1848 1778 1912 expresse
1805 1833 1856 1894 de-

1109 1945 1270 2007 rogamus3
1293 1927 1466 2014 ceterisque
1480 1926 1642 1990 contrariis
1657 1926 1857 2004 quibuscum-

1109 2039 1180 2102 que.

1150 2115 1261 2178 Datum
1289 2113 1419 2188 Rornae,
1445 2113 1525 2190 apud
1555 2113 1586 2174 S.
1610 2110 1736 2174 blariam
1765 2111 1856 2172 llaio-
1890 2139 1896 2149 ·

1110 2223 1189 2283 rem,
1210 2205 1268 2270 sub
1289 2205 1405 2268 annulo
1428 2203 1597 2278 Piscatoris,
1620 2204 1670 2266 die
1691 2218 1749 2263 xu.
1774 2203 1854 2264 iunii

1110 2314 1348 2373 unumunurn,
1368 2297 1563 2377 pontificatus
1584 2290 1781 2359 nostrihnno
1796 2311 1854 2356 xxx.

1776 581 1832 644 lll
1882 575 2073 634 An.o.1oss
