4880 6982
2125 559 2179 610 Au.
2194 559 2228 610 c.
2252 555 2332 607 1714

323 583 376 636 An.
391 583 421 636 e.
444 583 512 634 1714
563 580 621 642 §tot
714 623 719 634 .
1068 589 1131 636 reu.
1157 589 1247 632 nour.
1272 586 1311 630 uu
1332 585 1361 628 a.
1386 584 1414 630 a.
1440 587 1522 631 raus
1544 583 1564 627 t.

542 712 813 784 Betlalebemitieae
835 710 868 770 in
888 708 982 771 ludiis
997 706 1241 770 occidentalibus
1256 705 1286 766 in
1344 705 1533 766 erectionem
1548 702 1805 780 congregationis
1819 701 2095 764 Bethlehemiticae

541 823 647 870 veram
678 805 864 880 religionem
895 817 966 864 cum
995 801 1076 861 votis
1097 799 1288 861 solemnibus
1344 801 1376 862 in
1399 815 1505 860 veram
1538 797 1735 872 religionem,
1758 795 1829 856 satis
1856 795 2017 874 provisum
2039 810 2094 874 per

540 898 719 962 emittendis
751 913 789 958 ex
820 897 954 970 integro,
987 894 1080 954 etiam
1102 893 1139 954 ab
1164 893 1211 960 iis,
1235 891 1288 968 qui
1314 928 1316 996 t
1344 895 1503 955 decretum
1524 891 1683 952 buiusmet
1700 887 1956 966 congregationis
1971 887 2029 948 sub
2043 887 2092 948 die

539 996 687 1054 tractenus
702 998 772 1051 vota
788 989 961 1051 emiserant
981 987 1013 1048 iu
1029 986 1135 1048 eadem
1152 986 1288 1060 congre·
1314 997 1316 1032 t
1342 1003 1414 1047 vru.
1438 985 1617 1046 novembris
1639 998 1772 1045 abacta.
1796 982 2017 1042 consumatum
2041 996 2093 1058 per

539 1087 677 1164 galioue:
703 1085 742 1144 ita
760 1089 862 1144 tamen
878 1088 913 1143 ut
928 1080 1107 1142 emittentes
1122 1095 1202 1140 nova,
1218 1090 1287 1140 vota
1313 1033 1316 1126 f
1343 1081 1442 1141 Breve
1464 1078 1665 1156 apostolicum
1681 1095 1709 1136 a.
1731 1077 1769 1138 Bt
1790 1075 1839 1138 die
1856 1089 1957 1135 auru.
1972 1073 2093 1135 februa·

539 1179 624 1258 prius
645 1177 856 1240 certioremur
872 1175 909 1236 de
925 1173 1090 1234 inefficacia
1105 1171 1287 1250 praeceden-
1313 1170 1315 1249 ξ
1342 1175 1381 1234 rii
1403 1187 1570 1247 uaccam,
1593 1171 1670 1234 facta
1698 1170 1850 1233 relatione
1878 1168 2090 1242 Sanctissimo,
2117 1195 2120 1202 ·

541 1273 618 1335 tium
640 1275 785 1331 votorum
807 1268 843 1329 ad
869 1264 1100 1328 constituendos
1122 1280 1173 1324 eos
1198 1280 1287 1324 veros
1313 1263 1315 1268 '
1343 1266 1492 1328 Sanctitas
1520 1265 1581 1326 Sua
1608 1263 1787 1342 approbavit
1809 1272 1840 1322 et
1862 1261 2021 1324 mandavit
2042 1277 2092 1323 eu-

538 1363 740 1440 religiosos».
763 1359 848 1435 Quod
870 1361 1029 1420 decretum
1053 1356 1110 1417 fuit
1132 1375 1146 1416 a
1169 1355 1288 1418 Sancti·
1313 1316 1315 1398 f
1343 1358 1438 1435 paetliri
1461 1357 1569 1420 Breve.
1594 1357 1749 1418 Adversus
1778 1371 1853 1432 quas
1884 1355 2092 1416 resolutiones

539 1466 600 1520 tate
622 1457 682 1520 Sua
704 1453 905 1532 approbatum
934 1466 988 1528 per
1010 1450 1091 1511 aliud
1114 1449 1213 1510 Breve
1235 1465 1285 1510 eu·
1312 1509 1314 1516 ,
1342 1467 1397 1528 pro
1418 1457 1505 1528 parte
1526 1451 1621 1528 patris
1642 1450 1781 1511 Boderici
1804 1466 1820 1508 a
1843 1451 1953 1523 cruce,
1969 1463 2024 1510 seu
2040 1465 2091 1526 po-

539 1551 678 1630 peditum
700 1549 748 1610 die
778 1563 824 1606 ru.
845 1544 949 1624 aprilis
978 1559 1097 1604 uacca.
1131 1543 1284 1620 Cumque,
1312 1517 1314 1578 f
1343 1544 1402 1604 tius
1433 1543 1533 1604 fratris
1567 1543 1758 1605 lliclralilisa
1789 1543 1998 1620 conceptione
2025 1542 2091 1603 eius

537 1644 769 1720 subpraeteutu
784 1637 863 1718 quod
880 1644 965 1716 pater
980 1637 1146 1697 Bodericus
1161 1653 1176 1694 a
1189 1636 1286 1697 cruce
1312 1598 1314 1697 f
1340 1637 1558 1714 procuratoris,
1584 1636 1687 1698 babilo
1709 1651 1807 1714 usque
1828 1637 1865 1698 de
1888 1649 1996 1696 mense
2012 1651 2091 1696 mar-

538 1744 670 1797 assertus
692 1731 861 1811 praefectus
884 1729 1034 1806 generalis
1056 1728 1180 1790 Ordinis
1196 1727 1285 1788 Betb-
1311 1720 1314 1787 :⁵
1342 1731 1375 1790 tii
1397 1730 1538 1808 proxime
1556 1730 1652 1808 elapsi
1668 1743 1796 1791 recursu
1812 1728 1847 1788 ad
1862 1729 2089 1792 sanctissimum

538 1829 759 1892 lelaemitarom
787 1839 851 1886 nou
873 1823 967 1885 fuerit
996 1822 1119 1882 auditus
1141 1821 1173 1881 iu
1194 1836 1285 1897 supra
1311 1794 1313 1885 i
1340 1823 1503 1884 (lominum
1538 1829 1700 1896 nostrum,
1736 1829 1768 1884 et
1798 1837 1853 1899 per
1889 1822 2090 1885 sanctitatem

538 1923 632 2002 relata
654 1918 863 1998 propositione
877 1915 977 1977 babila
993 1930 1095 1978 coram
1111 1913 1285 1976 dictasacri
1311 1898 1313 1977 Ι
1340 1916 1432 1978 Suam
1466 1917 1601 1990 benigue
1630 1915 1756 1976 remisse
1784 1931 1891 1976 causae
1911 1916 2090 1992 cognitione

538 2013 787 2092 Congregetione
815 2009 970 2088 deputata,
992 2007 1209 2068 serenissimus
1230 2021 1286 2066 reu
1310 1984 1313 2111 ;
1338 2010 1373 2070 ad
1395 2025 1512 2069 sacram
1528 2008 1809 2084 congregationem
1825 2009 2002 2083 generalem
2020 2009 2088 2086 Bpi-

538 2109 752 2188 Hispaniarum
781 2104 940 2180 Philippus
968 2101 1020 2176 v,
1043 2099 1174 2162 retentis
1196 2098 1284 2161 dictis
1310 2126 1312 2151 t
1338 2117 1502 2179 scaporum
1524 2109 1555 2163 et
1577 2101 1792 2177 Regularium,
1815 2101 2019 2178 compluries
2035 2118 2089 2179 pro

537 2201 698 2274 Brevibus,
712 2197 866 2259 remiserit
877 2202 976 2274 partes
988 2196 1022 2256 ad
1035 2192 1283 2264 sanctissimum,
1310 2196 1311 2275 l
1341 2203 1425 2271 parte
1446 2194 1547 2256 fratris
1569 2194 1721 2256 Francisci
1741 2209 1757 2254 a
1780 2193 1811 2256 S.
1836 2193 1972 2254 Antonio
1994 2193 2090 2257 fuerit

536 2295 571 2354 ad
594 2293 738 2354 ellectum
760 2288 904 2352 audiendi
922 2304 1015 2366 super
1029 2284 1204 2365 praemissis
1219 2284 1285 2344 eius
1339 2287 1479 2348 intimata
1512 2287 1693 2365 propositio,
1727 2287 1854 2365 eiusque
1883 2287 1928 2366 (l)
1953 2287 2012 2350 sub
2040 2289 2089 2350 die

536 2386 707 2462 oraculum,
740 2388 882 2462 porrecto
901 2397 967 2459 pro
999 2387 1084 2457 parte
1105 2377 1209 2438 fratris
1231 2377 1284 2438 bli-
1309 2392 1311 2437 t
1339 2381 1514 2442 autumali
1544 2381 1739 2442 mandaverit
1770 2397 1853 2442 sacra
1882 2381 2087 2457 congregatio

536 2479 685 2540 elraelisa
714 2475 939 2552 conceptione,
973 2471 1179 2550 procuratoris
1211 2469 1281 2530 dicti
1309 2447 1311 2497 ⁴
1338 2475 1421 2550 qaod
1453 2479 1679 2552 proponeretur
1707 2473 1836 2534 omnino
1857 2471 1889 2534 in
1911 2473 2021 2550 prima,
2044 2481 2086 2548 et,

535 2571 629 2650 patris
651 2569 802 2641 Boderici,
827 2566 987 2630 Sanctitati
1010 2565 1090 2627 Suae
1104 2563 1233 2640 supplici
1249 2561 1284 2622 li·
1309 2602 1311 2678 Ι
1338 2565 1373 2626 ud
1396 2567 1580 2644 petitionem
1606 2565 1709 2628 fratris
1736 2565 1892 2629 Michaelis
1913 2581 1930 2626 a
1952 2568 2088 2644 concep-

535 2663 627 2738 bello,
643 2670 674 2724 et
690 2663 804 2723 iterum
819 2659 957 2736 delegata
974 2657 1090 2733 negotii
1105 2655 1284 2731 cognitione
1309 2703 1311 2713 ,
1339 2660 1433 2734 tione,
1450 2658 1584 2720 duorum
1607 2667 1637 2720 et
1658 2659 1739 2721 ultra
1759 2659 1916 2720 mensium
1931 2660 2029 2737 spatio
2043 2660 2088 2722 di·

534 2773 637 2818 sacrae
652 2753 892 2831 congregationi
909 2752 1081 2829 deputatae,
1098 2759 1129 2811 et
1143 2749 1281 2822 sutiecto,
1309 2734 1311 2828 Ι
1339 2751 1396 2812 lata
1420 2751 1571 2824 extiterit,
1600 2753 1788 2830 reproposita
1816 2755 1904 2814 causa
1925 2767 1980 2829 per
2001 2769 2087 2814 eum·

535 2851 567 2912 in
586 2849 690 2910 locum
705 2845 943 2908 eminentissimi
958 2843 1125 2916 Gabriellii,
1142 2841 1283 2904 eminen-
1338 2845 1408 2905 dem
1424 2845 1708 2907 eminentissimum
1724 2852 1905 2923 ponentem,
1922 2847 2029 2908 eadem
2043 2864 2089 2908 sa·

536 2943 654 3004 tissime
685 2941 812 3002 domino
841 2937 993 3002 Cardinali
1017 2936 1047 3000 S.
1072 2937 1202 3008 Priscae,
1225 2935 1283 2996 sub
1308 2948 1310 3021 p
1337 2954 1385 2998 era
1421 2938 1646 3014 congregatio,
1679 2937 1815 3014 partibus
1845 2939 1876 2999 in
1906 2954 1980 3001 voce
2002 2947 2032 3000 et
2052 2941 2086 3001 in

534 3037 584 3098 die
605 3053 634 3094 r.
658 3032 804 3094 februarii
821 3047 989 3104 unceutv,
1005 3029 1117 3091 auditis
1132 3028 1281 3107 partibus,
1308 3079 1310 3143 ι
1336 3029 1456 3106 scriptis
1484 3031 1633 3092 acerrime
1664 3029 1905 3092 informantibus
1925 3047 2019 3110 super
2040 3033 2088 3093 in-

536 3137 598 3190 tam
621 3129 652 3189 in
674 3141 749 3186 voce
771 3141 864 3203 quam
886 3125 918 3186 in
940 3123 1073 3201 scriptia,
1095 3120 1209 3200 prodiit
1231 3119 1282 3181 de—
1308 3146 1309 3155 ¹
1338 3121 1504 3200 trascriptis
1526 3123 1640 3185 dubiis:
1665 3140 1687 3184 r.
1710 3124 1757 3185 tin
1779 3125 1818 3184 sit
1840 3123 1924 3186 locus
1939 3125 2087 3187 reforma-

534 3229 656 3284 cretum
677 3219 794 3280 tenoris
816 3217 868 3296 qui
889 3217 1048 3295 sequitur:
1067 3216 1187 3278 «Sacra
1203 3214 1283 3278 con-

535 3313 671 3390 gregatio
699 3310 889 3389 particularis
918 3307 1068 3388 praedicta
1091 3307 1226 3386 perstitit
1249 3307 1281 3368 in

534 3406 665 3469 decretis
685 3405 743 3465 sub
764 3404 813 3465 die
836 3419 892 3462 aar.
910 3403 1015 3480 aprilis
1030 3417 1177 3473 mouera,
1195 3416 1283 3461 nem-

534 3516 586 3577 pe:
605 3499 703 3577 ‹prrorad
719 3497 948 3556 revocationem
963 3493 1159 3556 decretorum
1175 3491 1281 3553 asserti

533 3590 657 3670 capituli
679 3589 831 3666 generalis
852 3587 1064 3649 cuatbimalae
1086 3588 1118 3646 iu
1141 3587 1174 3648 ed
1195 3592 1281 3662 parte

535 3685 567 3746 in
589 3699 647 3760 qua
668 3691 742 3744 sant
756 3681 907 3743 contraria
922 3679 1197 3740 constitutiouilms
1212 3693 1280 3756 apo-

532 3777 637 3838 stolica
668 3775 850 3838 auctoritate
881 3771 1083 3846 confirmatis,
1114 3779 1281 3833 serventur

533 3871 661 3930 omnino
682 3867 935 3940 constitutiones;
960 3873 990 3926 et
1007 3865 1133 3944 insuper
1148 3864 1282 3925 declara-

533 3963 579 4022 vit
596 3969 627 4022 et
640 3961 787 4033 decrevit,
804 3959 973 4036 capitulum
990 3958 1135 4034 generale
1150 3957 1280 4018 omuino

531 4070 597 4116 esse
618 4053 865 4125 convocandum,
888 4051 921 4112 in
943 4066 1004 4129 quo
1026 4050 1159 4126 eligatur
1180 4065 1280 4111 novus

532 4145 700 4225 generalis,
737 4146 857 4206 servata
889 4144 987 4205 torma
1019 4143 1279 4206 constitutionum

531 4239 712 4302 auctoritate
743 4237 905 4316 apostolica
936 4239 1202 4310 confirmatarum,
1236 4243 1278 4310 et,

531 4350 586 4413 per
606 4338 677 4393 vota
691 4337 807 4392 secreta
822 4331 966 4394 omnium
981 4329 1209 4408 capitularium,
1226 4345 1279 4392 eu-

531 4427 674 4504 quiratur
694 4440 732 4486 au
754 4423 896 4502 expediat
917 4421 1061 4498 religioni
1083 4423 1165 4500 quod
1181 4422 1213 4482 in
1228 4437 1281 4501 po·

1307 3208 1310 3253 l

1338 3215 1415 3276 tioni
1437 3215 1544 3276 Brevis
1564 3217 1749 3278 sanctissimi
1769 3216 1887 3278 domini
1916 3219 2014 3280 nostri
2034 3236 2086 3282 su-

1337 3324 1392 3386 per
1413 3308 1568 3370 erectione
1591 3309 1849 3386 congregationis
1878 3311 2086 3374 Bethlehemi-

1338 3401 1412 3463 ticae
1446 3401 1477 3462 in
1510 3401 1695 3478 religionem
1726 3402 1801 3464 editi
1833 3403 1882 3465 die
1908 3421 1957 3465 rrr.
1981 3406 2085 3485 aprilis

1337 3511 1471 3570 uocem
1495 3510 1529 3555 u.
1556 3495 1601 3556 rlu
1623 3496 1662 3555 sit
1688 3497 1833 3556 standum
1863 3497 1913 3558 vel
1940 3499 2085 3560 receden-

1336 3590 1410 3650 dum
1436 3605 1452 3648 a
1480 3587 1587 3649 decisis
1618 3605 1713 3666 super
1744 3589 1811 3650 aliis
1842 3591 2085 3653 resolutionibus

1335 3680 1440 3757 capitis
1462 3679 1506 3759 (2)
1529 3681 1560 3742 in
1583 3682 1666 3742 sacra
1689 3682 1937 3756 Congregatioue
1954 3685 2084 3760 particu-

1336 3775 1392 3834 lari
1413 3774 1460 3834 die
1491 3791 1518 3834 v.
1543 3774 1690 3836 februarii
1722 3791 1889 3836 trucemve
1924 3778 2083 3854 respondit

1335 3867 1434 3942 quoad
1467 3867 1603 3943 primum
1637 3866 1716 3928 nibil
1739 3868 1775 3928 de
1803 3870 1962 3945 praetensa
1988 3867 2085 3930 reior-
2114 3947 2116 3954 y

1337 3960 1471 4020 macione
1499 3959 1617 4032 Brevis,
1641 3959 1727 4020 etad
1757 3969 1909 4035 mentem,
1940 3971 2084 4040 quaeest

1335 4053 1416 4130 quod
1439 4053 1530 4114 detur
1551 4053 1634 4130 optio
1656 4052 1692 4114 iis
1714 4053 1767 4130 qui
1782 4060 1851 4114 actu
1866 4063 1939 4116 suut
1954 4055 1987 4116 in
2005 4057 2084 4119 con-

1335 4144 1515 4221 gregatione
1536 4143 1587 4207 vel
1605 4145 1767 4206 emittendi
1783 4154 1852 4208 vota
1868 4147 2018 4209 solemnia
2033 4149 2084 4212 vel

1335 4238 1517 4300 remanendi
1532 4237 1567 4298 in
1577 4237 1685 4299 eadem
1697 4239 1947 4316 congregatione
1959 4242 2084 4304 obnoxii

1334 4331 1487 4408 prioribus
1509 4330 1602 4392 votis:
1628 4329 1659 4391 iu
1682 4331 1820 4410 reliquis,
1844 4332 1939 4396 fratre
1960 4336 2083 4398 Franci-

1332 4439 1383 4486 sco
1404 4440 1419 4483 a
1442 4423 1472 4486 S.
1493 4424 1629 4484 Antonio
1662 4431 1784 4487 tantum
1816 4427 2023 4504 informante,
2052 4436 2084 4491 et

531 4526 651 4580 sternm
672 4517 825 4594 generalis
846 4517 886 4578 sit
904 4518 939 4578 ad
954 4516 1143 4578 sexennium
1158 4531 1213 4578 seu
1229 4531 1281 4593 po·
1304 4492 1307 4633 Ι
1335 4515 1429 4577 fratre
1450 4515 1596 4578 lllicba'e’le
1616 4533 1633 4578 a
1655 4517 1875 4596 conceptione,
1900 4521 1952 4581 diu
1974 4537 2085 4600 expec-

533 4611 592 4674 tius
614 4613 649 4674 ad
671 4609 880 4684 novennium,
910 4609 1032 4670 exclusa
1060 4608 1189 4670 omniuo
1210 4625 1279 4686 per·

530 4704 681 4783 petuitate
712 4703 927 4780 generalatus:
962 4703 1059 4780 quoad
1092 4703 1167 4764 duos
1199 4702 1279 4764 vice·

530 4797 696 4874 praelectas
718 4795 878 4872 generales
900 4795 1010 4856 llexici
1033 4801 1063 4856 et
1084 4794 1201 4869 Limae,
1217 4812 1279 4856 ser·

531 4899 647 4952 ventur
677 4889 930 4951 constitutiones:
964 4889 1064 4966 qaroad
1095 4887 1278 4950 electionem

530 4981 757 5060 praefectorum
790 4980 946 5056 localium,
977 4981 1091 5059 pariter
1111 4988 1280 5043 serventur

1335 4616 1395 4670 tato
1415 4616 1446 4670 et
1467 4609 1625 4671 coutinuis
1654 4610 1904 4675 intimationibus
1930 4613 2081 4688 lacessito,

1334 4701 1503 4764 informare
1524 4709 1696 4778 recusante,
1720 4705 1826 4766 eadem
1848 4721 1930 4766 sacra
1946 4707 2083 4783 cougre-

1333 4796 1416 4872 gatio
1439 4795 1471 4859 in
1493 4796 1600 4858 decisis
1623 4797 1655 4858 iu
1677 4798 1833 4872 omnibus,
1850 4805 1880 4860 et
1902 4799 2083 4862 huiusmodi

1333 4903 1455 4950 causam
1486 4889 1618 4968 amplius
1651 4906 1715 4952 non
1743 4892 1873 4969 proponi
1904 4892 2080 4969 mandavit,

1335 4987 1424 5058 prout
1438 4984 1607 5058 praesentis
1622 4984 1735 5046 decreti
1752 4985 1861 5061 vigore
1874 4985 2006 5064 amplius
2019 5003 2083 5049 uon

530 5075 782 5137 constitutiones:
807 5075 906 5152 quoad
928 5081 1037 5136 votum
1055 5074 1276 5150 assistentium,
1304 5106 1306 5139 :
1333 5074 1465 5152 proponi
1487 5077 1612 5137 mandat
1632 5093 1665 5137 ac
1681 5077 1840 5156 praecipit.
1857 5078 1983 5154 Bomae,
2001 5095 2080 5140 xvu.

530 5185 596 5230 esse
617 5168 787 5230 decisivum
802 5169 838 5229 ad
853 5167 983 5228 formam
999 5167 1275 5229 constitutionum:
1304 5182 1306 5191 ·
1333 5167 1455 5244 augusti
1477 5183 1630 5230 unccxrv.
1656 5200 1692 5216 -
1715 5171 1747 5231 F.
1775 5171 1862 5234 card.
1887 5173 1931 5233 Be
1954 5173 2080 5234 banau.

530 5259 629 5338 quoad
661 5259 819 5324 vicarium
851 5259 1030 5336 generalem
1061 5277 1116 5338 per
1142 5267 1278 5322 mortem
1333 5290 1370 5305 -
1389 5261 1618 5324 eremmanos
1640 5263 1893 5342 Arcbiepiscopus
1915 5264 2079 5342 Nicaenas,

530 5353 695 5430 generalis,
710 5355 826 5432 pariter
839 5361 1007 5415 serventur
1022 5353 1274 5415 constitutiones:
1332 5353 1526 5415 secretarius.

529 5448 627 5524 quoad
649 5455 781 5508 aetatem
812 5445 1031 5523 eligendorum
1056 5447 1088 5506 iu
1110 5445 1278 5524 praefectos
1303 5500 1306 5525 ,

530 5546 561 5600 et
592 5541 754 5614 magistros
786 5540 995 5613 novitiorum,
1028 5540 1121 5602 detur
1150 5539 1277 5601 facultas

529 5631 725 5710 dispensandi
756 5632 910 5711 praefecto
941 5633 1079 5709 generali
1105 5649 1177 5695 cum
1205 5641 1278 5694 voto

530 5725 758 5788 assistentium:
793 5742 855 5804 quo
886 5741 970 5787 verox
992 5727 1029 5788 ad
1060 5726 1278 5789 concernentia

572 5939 600 5998 (l)
616 5937 726 5984 videtur
739 5938 879 5995 legendum
893 5941 918 5984 et
933 5949 1023 5992 arsqare.

1373 5539 1442 5614 §B
1468 5542 1546 5604 cum
1576 5547 1693 5618 autem,
1726 5543 1806 5606 sicut
1834 5545 1933 5608 dictus
1959 5546 2083 5608 Franci-

1332 5649 1400 5695 scus
1422 5633 1510 5695 nobis
1540 5635 1672 5697 subinde
1699 5636 1812 5714 exponi
1841 5636 1925 5713 fecit,
1947 5638 2011 5716 ipse
2033 5640 2083 5701 de-

1333 5733 1415 5789 creta
1445 5725 1634 5802 huiusmodi,
1665 5745 1726 5806 quo
1760 5730 1882 5792 firmius
1902 5731 2081 5807 subsistant,

1304 5942 1308 5994 l
1375 5941 1404 5996 ta)
1420 5940 1530 5986 videtur
1544 5940 1684 5998 legendum
1699 5945 1791 5994 captae.

2152 5561 2320 5607 confirmatio

2103 5609 2244 5660 relatorum
2271 5616 2321 5661 de-

2103 5671 2239 5713 caetorum.
