4844 6990
986 545 1127 592 exedens
1150 546 1205 592 xrr.
1793 521 1851 584 465
1902 519 1957 574 Aa.
1971 519 2001 574 (t.
2023 519 2092 572 1⁷35

648 661 758 730 XXVI.
1129 671 1212 740 rent,
1232 669 1275 738 et,
1298 663 1323 726 si
1345 663 1497 741 quispiam
1518 663 1607 726 aliter
1622 663 1658 726 ad
1680 659 1871 740 presbytera-

1130 763 1196 818 tum
1219 765 1378 834 promotos
1400 756 1518 832 luisset,
1534 755 1769 834 suspensionem
1791 769 1806 814 a
1827 752 1873 814 di-

331 847 505 928 Confirmet
527 848 688 911 decretum
713 847 978 928 conprcpntt‘ont‘s
998 845 1073 924 Epi·
1131 847 1211 910 vinis
1233 847 1297 926 ipso
1317 848 1396 911 iacto
1418 849 1603 920 incurreret,
1625 865 1642 908 a
1662 864 1719 926 qua
1747 845 1872 908 nonnisi

371 957 538 1019 scaporum
559 949 590 1004 ct
618 941 842 1021 copulatricem,
873 957 932 1018 quo
953 941 1073 1002 stetui·
1130 957 1183 1019 per
1205 939 1373 1006 Summum
1394 941 1575 1006 Pontificem
1603 957 1659 1019 pro
1682 948 1819 1018 tempore
1841 954 1874 1000 e·

370 1043 439 1105 tur,
456 1033 653 1112 presbyteros
669 1035 932 1114 cooprceota'oois
948 1033 980 1096 S.
999 1033 1075 1108 iiip-
1129 1035 1295 1098 xistentem
1317 1035 1432 1098 absolvi
1454 1043 1569 1114 possem
1593 1035 1737 1112 quodque
1756 1033 1790 1096 in
1810 1031 1873 1094 sin·

369 1128 470 1204 peleti
492 1128 527 1188 io
550 1124 699 1204 pertidus
716 1127 886 1190 indiarum
901 1142 966 1186 ooo
987 1141 1074 1202 posse
1130 1129 1210 1204 gulis
1240 1130 1445 1194 conventibus
1476 1129 1645 1207 nequirent
1674 1143 1741 1190 esse
1769 1127 1873 1204 plures

369 1217 483 1284 latera
503 1221 539 1282 t'u
562 1219 714 1300 reliptooe
742 1220 886 1296 clipeum
910 1218 1074 1294 prealato·
1127 1238 1221 1299 uuam
1236 1223 1297 1286 duo
1312 1223 1493 1300 presbyteri,
1505 1221 1640 1299 exceptis
1654 1219 1796 1282 domibus
1811 1234 1874 1280 ma·

370 1327 440 1374 rom
461 1310 516 1393 (i).
1131 1317 1268 1391 tricibus,
1290 1324 1326 1378 ut
1347 1316 1530 1396 praefertur,
1547 1315 1580 1376 in
1595 1313 1707 1392 quibus
1730 1321 1791 1374 tres
1806 1327 1873 1391 per·

1130 1409 1348 1483 mittebantur,
1362 1410 1402 1470 ita
1417 1417 1463 1483 nt,
1478 1408 1504 1470 si
1525 1407 1594 1485 quis
1615 1407 1696 1470 ultra
1716 1406 1801 1468 bunc
1816 1421 1873 1466 nu-

528 1478 713 1550 cffffls
736 1480 796 1548 ΡΡ·
814 1477 872 1546 χΙΙ·
1130 1518 1254 1564 merum
1269 1503 1304 1564 ad
1320 1501 1566 1580 presbyteratum
1583 1505 1833 1578 promoveretur,
1847 1497 1874 1560 si

468 1603 505 1672 ee
531 1602 660 1670 [ptume
683 1604 725 1671 pet
752 1601 932 1670 premerem,
1130 1596 1159 1656 id
1181 1595 1322 1658 eveniret
1342 1612 1379 1657 ex
1401 1593 1525 1674 propria
1547 1591 1647 1670 culpa,
1672 1591 1789 1656 tamdiu
1809 1606 1876 1653 sns-

1130 1703 1245 1767 pensus
1266 1695 1454 1762 remaneret,
1469 1689 1567 1750 donec
1589 1686 1699 1764 aliquis
1721 1685 1805 1746 locos
1820 1698 1874 1762 per

74 1789 146 1886 t1³1
162 1789 311 1888 crassedo
370 1782 436 1856 §c
460 1780 578 1858 Nuper,
601 1796 657 1858 pro
682 1787 769 1858 parte
790 1779 974 1842 dilectorum
998 1778 1076 1841 filio-
1131 1781 1252 1844 obitum
1273 1781 1444 1860 presbyteri
1466 1787 1604 1856 vacarem
1626 1778 1800 1856 superiores
1822 1791 1874 1838 ve·

74 1850 312 1942 tssiffifltassffiff
330 1891 402 1978 runt
424 1873 560 1978 fratrum¹
578 1872 747 1976 definitorii
762 1871 925 1976 'generalis
939 1873 1076 1976 congre
1130 1891 1182 1949 ro,
1203 1875 1259 1978 uui
1279 1874 1337 1936 boc
1364 1873 1592 1977 permisissent,
1626 1879 1693 1980 post
1712 1870 1875 1972 expletum

75 1946 130 1993 ‘¹⁰³
147 1959 212 1995 ⁰⁸³⁰
227 1949 310 1996 “im
331 1975 464 2044 gationis
494 1967 636 2030 cantatas
662 1968 720 2028 sub
746 1965 837 2028 titulo
863 1965 894 2028 S.
919 1963 1074 2042 Hippolyta
1130 1965 1268 2030 effictum
1289 1981 1364 2030 voce
1386 1965 1483 2028 active
1504 1973 1536 2028 et
1556 1981 1675 2044 passiva
1696 1970 1808 2041 privata
1830 1977 1877 2024 ee·

330 2059 477 2138 martyris
497 2058 530 2122 in
552 2058 676 2120 civitate
688 2057 844 2122 Medicam
865 2055 994 2134 aliisque
1007 2071 1074 2134 pot·
1130 2069 1211 2137 sent,
1224 2059 1396 2140 presbyteri
1408 2067 1511 2122 autem
1523 2065 1750 2120 sacrosanctum
1765 2054 1876 2116 missae

331 2153 413 2214 tibus
434 2152 593 2215 indiarum
608 2150 849 2214 Occidentalium
871 2166 887 2210 a
908 2148 1007 2212 leiicis
1027 2164 1075 2212 re·
1129 2155 1315 2218 sacrificium
1337 2155 1421 2218 iuxta
1442 2151 1651 2216 intentionem
1666 2148 1777 2228 prioris
1798 2147 1876 2210 ioca·

328 2245 517 2308 cordationis
538 2245 718 2307 innocentio
734 2243 810 2322 Papa
824 2241 1075 2320 xllpraedeces·
1130 2249 1167 2310 lis
1189 2255 1220 2310 et
1240 2248 1442 2324 obligationes
1463 2243 1695 2308 communitatis
1717 2241 1801 2304 illius
1823 2241 1876 2303 do-

330 2353 399 2399 sore
421 2345 527 2398 nostro
548 2338 581 2398 in
593 2337 777 2414 religionem
789 2343 919 2410 erectae,
937 2336 1072 2411 congre·
1132 2358 1200 2405 mus
1220 2341 1377 2406 celebrare
1397 2348 1428 2402 et
1452 2338 1621 2416 applicare,
1644 2341 1798 2413 quatenus
1820 2349 1875 2412 pro

331 2430 446 2505 calmi
478 2429 704 2492 venerabilium
732 2429 865 2490 fratrum
895 2436 1073 2489 n08lr⁰lum
1129 2433 1337 2496 celebratione
1367 2420 1518 2494 eiusmodi
1546 2429 1681 2508 aliquam
1707 2427 1876 2503 elcemosy-

331 2522 362 2586 S.
385 2521 420 2582 R.
446 2522 480 2584 Ε.
506 2521 714 2584 Cardinaiium
730 2521 861 2597 negotiis
876 2529 906 2582 et
921 2519 1073 2582 consulta·
1130 2541 1202 2588 nam
1223 2525 1423 2602 recepissent,
1446 2523 1531 2586 illam
1553 2519 1674 2584 tradere
1695 2525 1876 2582 tenerentur

332 2614 466 2678 tionibus
487 2614 707 2692 episcoporum
719 2619 749 2676 et
771 2614 973 2691 {tegolariam
988 2628 1072 2691 prae
1130 2621 1187 2697 ipsi
1208 2618 1304 2698 priori
1319 2617 1419 2691 locali,
1435 2616 1488 2678 ubi
1503 2616 1613 2678 missae
1629 2613 1874 2688 celebrarentur,

330 2707 503 2786 positorum
533 2707 686 2784 exposito,
709 2709 807 2785 qood,
833 2722 905 2770 cum
926 2722 981 2784 per
1002 2721 1074 2768 con·
1130 2712 1179 2774 vel
1201 2712 1250 2774 cui
1271 2712 1411 2773 subesset
1425 2709 1479 2770 ille
1500 2709 1552 2786 qui
1575 2715 1660 2771 extra
1682 2713 1875 2770 conventum

244 2827 252 2846 ·
329 2799 506 2862 stitutiones
533 2798 630 2862 dictae
658 2801 915 2876 Congregationis
941 2797 1073 2861 fratrum
1129 2805 1328 2879 celebrasset,
1351 2804 1409 2868 see
1429 2803 1536 2882 poenis
1570 2801 1716 2864 adversus
1738 2799 1875 2877 proprie.

329 2891 510 2954 auctoritate
526 2891 688 2970 apostolica
703 2893 898 2956 confirmatas
913 2899 1075 2954 caveretur
1130 2898 1222 2960 tarios
1244 2897 1387 2972 inllietis3
1409 2896 1514 2974 sicque
1536 2894 1670 2972 promoti
1686 2893 1718 2954 in
1730 2891 1875 2956 omnibus

330 2983 413 3048 illius
433 2983 543 3047 fratres
565 3000 629 3048 esse
643 2983 757 3046 debere
778 2984 881 3058 Ιθίθθὸ,
899 2989 1008 3061 ultime
1023 2984 1076 3046 de·
1130 2991 1295 3054 observare
1324 2989 1473 3052 deberent
1501 2989 1599 3050 vitam
1624 2985 1820 3063 regularem,
1844 2991 1874 3046 et

329 3083 452 3154 putatos
472 3077 666 3140 assistentiae
693 3083 893 3153 aegrotorum
919 3077 952 3140 in
974 3075 1075 3154 bospi-
1129 3082 1250 3146 delerre
1272 3097 1417 3146 coronam
1432 3081 1469 3144 ad
1490 3081 1589 3146 instar
1608 3077 1805 3142 sacerdotum
1820 3076 1874 3141 Or·

331 3169 442 3233 talibus
464 3171 657 3246 degentium,
677 3180 708 3234 et
729 3173 761 3234 in
784 3173 969 3250 unaquaque
983 3172 1074 3234 domo
1130 3177 1210 3238 dinis
1232 3176 1336 3240 Sancti
1358 3175 1480 3238 loannis
1502 3174 1568 3248 bei,
1589 3189 1648 3236 nec
1669 3171 1810 3233 valerent
1824 3169 1874 3232 vel

329 3277 431 3326 onum
447 3269 568 3327 tantum
583 3262 619 3324 ad
634 3263 882 3342 presbyteratum
896 3263 1074 3342 promoveri
1130 3269 1165 3330 ad
1187 3269 1282 3332 breve
1304 3277 1425 3346 tempus
1446 3267 1581 3344 aliquam
1602 3265 1807 3344 praelaturam
1823 3262 1876 3324 ob-

329 3370 428 3433 posse,
443 3357 496 3418 sed
518 3356 629 3420 deinde
644 3366 839 3434 compertum
853 3357 960 3420 iubset
975 3373 1073 3419 unum
1129 3363 1233 3424 tinere
1254 3362 1286 3424 in
1309 3361 1473 3437 reiigione,
1506 3359 1566 3420 nisi
1588 3374 1627 3420 ex
1647 3357 1875 3434 dispensatione

328 3450 489 3512 dumtaxat
510 3449 728 3528 presbyterum
742 3449 952 3526 spiritualibus
970 3466 1074 3512 neces·
1130 3455 1303 3533 apostolica,
1318 3453 1369 3516 sed
1392 3459 1516 3515 tantum
1531 3467 1598 3512 esse
1612 3450 1730 3528 possint
1750 3449 1874 3510 discreti

327 3543 468 3605 sitatibus
488 3543 689 3621 hospitalium
704 3551 736 3604 et
751 3551 949 3620 aegrotorum
967 3545 1075 3606 buius·
1129 3555 1357 3622 conventuum,
1378 3545 1520 3623 magistri
1541 3543 1733 3606 novitiorum
1755 3549 1786 3603 et
1803 3543 1874 3602 assi-

328 3636 412 3698 modi
443 3651 507 3720 non
535 3635 688 3711 sufficere,
714 3636 765 3698 die
791 3652 865 3698 xxx.
889 3637 1074 3714 septembris
1129 3649 1245 3704 stantes
1266 3639 1462 3718 provinciae;
1484 3636 1657 3700 acdemum
1672 3635 1766 3712 quod,
1781 3635 1806 3695 si
1822 3634 1875 3698 ali·

329 3742 507 3791 xnccxxrx.
542 3727 673 3806 praelata
697 3729 902 3806 congregatio
931 3730 1075 3792 cardina·
1129 3735 1199 3812 quis
1219 3733 1381 3810 presbyter
1402 3739 1547 3806 aegrotus
1567 3730 1599 3792 in
1615 3728 1717 3806 aliquo
1731 3726 1875 3804 hospitali

329 3821 419 3894 lium,
442 3819 598 3884 relerente
619 3821 733 3884 diiecto
755 3822 818 3884 lilio
845 3830 953 3886 nostro
974 3821 1074 3885 Ludo·
1130 3825 1301 3904 praedictae
1334 3823 1589 3900 congregationis
1626 3821 1760 3884 fratrum
1801 3826 1874 3882 ante

328 3915 396 3976 vico
416 3913 555 3976 eiusdem
582 3913 613 3976 S.
638 3913 673 3974 R.
695 3915 730 3978 E.
756 3915 924 3977 cardinalis
946 3914 1073 3991 Belluga
1130 3921 1251 3982 obitum
1271 3927 1391 3997 peteret
1419 3919 1542 3982 admitti
1563 3919 1598 3980 ad
1620 3916 1705 3978 iliius
1734 3915 1875 3978 babituru

326 4013 359 4070 ct
380 4006 523 4070 Moncada
545 4017 736 4086 nuncupato,
765 4007 936 4070 indulserat
957 4018 992 4070 ut
1012 4010 1074 4070 duo
1130 4013 1432 4090 regularemposset
1446 4011 1546 4074 dictus
1566 4009 1707 4088 superior
1722 4007 1876 4084 generalis

327 4100 361 4162 in
382 4099 513 4177 singulis
535 4100 736 4178 hospitalibus
751 4100 912 4178 praedictis
927 4115 992 4162 esse
1008 4115 1075 4178 pos·
1128 4122 1200 4168 cum
1221 4122 1277 4167 suo
1299 4104 1478 4167 definitorio
1505 4105 1576 4166 dare
1598 4102 1756 4165 licentiam
1784 4099 1875 4164 alicui

326 4201 398 4256 sent
419 4193 603 4271 presbyteri,
625 4200 658 4256 et
680 4193 712 4254 in
733 4193 875 4255 domibus
895 4195 1074 4258 matricibus
1129 4216 1168 4261 ex
1189 4198 1343 4278 prioribus
1364 4197 1511 4259 localibus
1532 4210 1605 4256 eom
1617 4193 1812 4268 admittendi,
1828 4209 1875 4256 ac-

327 4293 403 4361 tres,
419 4287 477 4347 sub
491 4285 622 4347 diversis
643 4293 749 4348 tamen
764 4287 1007 4349 conditionibus:
1026 4289 1073 4350 ni·
1128 4291 1258 4354 cedente
1279 4304 1432 4352 consensu
1460 4287 1711 4362 communitatis,
1733 4288 1876 4366 quamvis

328 4379 445 4442 mirum
459 4377 541 4457 quod
556 4378 662 4440 nullus
674 4387 913 4456 promoveretur
924 4379 959 4440 ad
974 4397 1073 4442 sacros
1130 4387 1162 4446 in
1184 4383 1331 4445 cedema
1357 4383 1417 4444 iam
1439 4383 1516 4456 duo,
1539 4381 1589 4442 rel
1612 4380 1644 4443 in
1671 4380 1790 4442 matrici
1813 4388 1876 4441 tres

327 4471 464 4546 ordines,
481 4471 540 4532 nisi
554 4471 665 4534 saltem
686 4487 741 4534 sex
759 4488 855 4533 annos
877 4470 1073 4549 protessionis
1129 4476 1301 4555 presbyteri
1330 4482 1489 4537 extarent:
1521 4489 1656 4552 cumque
1678 4470 1875 4551 postmodum

328 4567 360 4626 in
383 4565 534 4641 religione
551 4565 635 4626 iuxta
651 4564 744 4626 dictas
765 4565 1001 4626 constitutiones
1023 4567 1075 4626 ba·
1129 4569 1319 4648 supradictae
1341 4566 1584 4643 congregationi
1602 4564 1813 4630 cardinalium
1829 4579 1876 4624 re-

328 4659 456 4734 buissel,
478 4667 521 4733 et,
538 4659 573 4720 ad
596 4659 740 4720 ellectum
763 4673 795 4718 se
818 4659 1022 4736 promovendi
1038 4659 1073 4720 ad
1130 4661 1313 4723 nunciatum
1328 4659 1437 4722 luisset
1448 4661 1482 4722 in
1496 4660 1650 4736 religione
1665 4657 1798 4737 praelati
1813 4673 1876 4720 non

327 4752 588 4830 presbyteratum,
604 4751 719 4814 directe
733 4749 783 4812 vel
798 4750 948 4812 indirecte
962 4751 1008 4811 uti
1024 4767 1074 4810 va·
1129 4755 1233 4814 adesse
1254 4753 1431 4830 provinciae
1451 4753 1640 4827 assistentes,
1654 4753 1716 4829 ipsa
1739 4752 1876 4827 congre·

327 4843 406 4906 ieret
427 4843 648 4904 intercessione
668 4857 723 4902 seu
738 4841 925 4904 mediatione
946 4840 1073 4902 alterius
1130 4845 1213 4921 gotio
1226 4845 1437 4908 cardinalium
1448 4845 1498 4908 die
1509 4859 1560 4905 xv.
1574 4846 1678 4908 martii
1694 4859 1873 4908 nnccxxxt.

327 4950 476 5014 personae
496 4951 552 5013 pro
573 4935 696 4997 licentia
718 4934 908 5012 asuperiore
929 4925 979 4994 ti'el
1000 4933 1072 4996 deli·
1129 4939 1165 5000 ad
1182 4935 1364 5002 relationem
1380 4939 1545 5000 memorati
1563 4939 1710 5002 Ludovici
1733 4938 1875 5002 cardina-

327 5029 442 5092 nicorio
465 5027 603 5104 generali
625 5027 723 5090 dictae
751 5026 1000 5102 congregationis
1021 5025 1073 5088 ob·
1130 5031 1177 5105 iis,
1200 5031 1399 5108 rescripserat
1418 5041 1576 5109 promotos
1589 5031 1623 5092 ad
1639 5047 1738 5094 sacros
1753 5030 1876 5092 ordines
1922 5036 2053 5082 statutum
2070 5039 2108 5082 aa·

327 5121 466 5194 tinendd,
483 5123 535 5183 sed
557 5122 778 5198 proponendus
800 5126 879 5180 esset
900 5119 1002 5180 eidem
1024 5136 1073 5180 su·
1129 5140 1193 5186 non
1214 5139 1302 5202 posse
1322 5124 1436 5186 babere
1456 5125 1591 5203 aliquam
1614 5124 1820 5204 praelaturam
1842 5124 1876 5186 in
1894 5088 2107 5199 ἕὲῧιῗωῗῧίγῗὲἶ

327 5215 442 5294 puriori
474 5214 612 5290 generali
641 5230 657 5272 a
687 5213 848 5291 superiore
876 5221 907 5274 et
938 5211 1072 5288 capitulo
1129 5217 1208 5279 dictai
1229 5217 1381 5292 religione
1396 5217 1456 5278 nisi
1478 5234 1517 5280 cx
1539 5217 1699 5294 apostolica
1721 5219 1875 5296 dispensa·
1893 5195 2034 5295 affl?
2050 5207 2108 5294 ἓῗὲζ

326 5307 585 5370 conventualibus
614 5307 739 5382 domus,
762 5308 811 5368 cui
833 5307 871 5368 de
893 5307 1073 5383 presbytero
1131 5309 1290 5385 tione,sed
1313 5317 1435 5371 tantum
1458 5327 1524 5372 esse
1539 5326 1624 5389 posse
1640 5311 1787 5372 discretos
1802 5326 1875 5372 con·
1894 5303 2106 5411 &ficiaffisssgffiii

327 5400 555 5479 providendum
577 5401 715 5474 veniret3
739 5400 858 5476 ipsique
879 5401 1021 5477 superior
1042 5407 1072 5460 et
1129 5411 1284 5479 ventuum
1316 5409 1347 5464 et
1378 5403 1545 5478 magistros
1573 5402 1781 5477 novitiorum,
1811 5419 1874 5466 non
1894 5409 2058 5456 novitiorum·

327 5493 500 5572 capitulum
514 5493 737 5556 conventuales
753 5493 904 5570 superiori
919 5501 950 5553 et
964 5492 1074 5554 delini·
1130 5510 1203 5555 vero
1224 5495 1403 5573 provinciae
1424 5497 1615 5558 assistentes:

327 5585 408 5648 torio
430 5585 568 5661 generali
589 5585 726 5646 indicare
746 5585 894 5646 deberent
915 5599 1071 5661 personas,
1169 5585 1208 5647 Et
1223 5585 1257 5646 in
1271 5585 1378 5648 eedem
1396 5588 1584 5666 expositione
1599 5587 1778 5662 subiuncta,
1791 5589 1873 5666 qnod
1947 5593 1995 5640 Sed
2018 5599 2108 5642 eontra

327 5694 403 5756 quas
424 5677 602 5740 huiusmodi
628 5677 757 5752 gradum
778 5677 949 5754 promereri
969 5679 1074 5738 crede·
1129 5692 1187 5738 nec
1208 5677 1381 5756 praelatum
1412 5680 1548 5742 officium
1575 5681 1780 5743 discretorum
1802 5697 1873 5742 con·
1895 5648 2044 5707 “⁹⁰⁵¹‘um'

369 5889 398 5946 (l)
414 5891 451 5933 lux
464 5891 568 5945 aegest.
584 5888 610 5933 in
626 5889 701 5934 Arch.
716 5888 846 5934 Brevium.

433 6011 487 6060 latr.
503 6011 574 6058 Perat.
589 6009 619 6056 dc
635 6010 708 6070 Prop.
723 6008 785 6057 Fide
799 6009 881 6056 Partis
895 6011 915 6059 1.
929 6009 984 6058 vol.
998 6011 1029 6056 ll.
