4878 6982
329 554 426 612 1110.
449 560 516 614 1703
568 565 627 632 911

356 4255 475 4300 nxtendit
498 4258 527 4302 ut

317 4308 343 4352 in
363 4307 471 4353 rubricri.

492 686 493 689 ¹
548 707 686 770 ntlelium
707 708 740 770 in
761 707 848 772 dictis
865 708 938 772 locis
953 709 1133 786 degentium
1148 723 1290 788 praesen-

547 802 600 876 111,
623 803 729 863 missas
750 809 781 864 et
801 803 858 864 alia
878 803 981 864 divina
1006 803 1102 864 ollicia
1124 801 1287 873 celebrare,

547 910 716 974 omnesque
736 902 768 956 11
788 895 927 971 singulos
948 895 1129 957 eorumdem
1151 893 1287 956 locorum

546 988 708 1065 utriusque
722 1004 813 1050 sexus
827 987 1050 1063 christifideles,
1067 987 1204 1064 ipsorum
1218 1002 1289 1048 con·

546 1079 729 1143 sessionibus
745 1082 909 1158 diligenter
924 1083 1045 1156 auditis,
1062 1099 1076 1143 a
1092 1081 1288 1158 quibuscum·

546 1190 606 1252 que
627 1176 799 1238 excessibus
820 1185 853 1239 et
873 1177 1001 1248 delictis,
1024 1176 1116 1237 etiarn
1139 1175 1170 1236 in
1202 1175 1288 1236 Bulla

546 1267 595 1328 die
617 1268 737 1330 coenae
758 1268 879 1330 Domini
900 1268 960 1344 legi
973 1269 1061 1330 solita
1075 1267 1240 1341 contentis,
1256 1284 1288 1328 ac

546 1374 601 1436 pro
621 1361 789 1424 commissis
810 1376 865 1438 per
884 1375 936 1421 eos
951 1368 981 1422 et
996 1376 1103 1422 eorum
1119 1357 1289 1436 quemlibet

545 1453 769 1530 poenitentiam
791 1453 955 1530 iniungere
969 1453 1149 1527 salutarem3
1167 1467 1287 1513 necnon

546 1545 593 1608 bis
614 1547 666 1624 qui
682 1556 801 1625 peccata
815 1564 868 1610 sua
884 1546 1013 1609 confessi
1029 1555 1059 1608 et
1074 1547 1110 1608 de
1126 1546 1184 1607 illis
1198 1544 1289 1607 corde

547 1640 671 1700 contriti
702 1639 842 1713 luissent,
863 1656 897 1700 ar.
916 1639 1145 1702 sanctissimum
1172 1637 1290 1700 11111-

546 1733 649 1794 ristiae
677 1741 904 1796 sacramentum
932 1734 1145 1810 sumpsissent,
1168 1731 1288 1810 quoties

547 1825 752 1900 interissent,
776 1827 864 1888 toties
895 1826 1062 1904 plenariam
1091 1824 1232 1886 omnium
1258 1831 1289 1885 et

547 1919 743 1996 singulorum
765 1927 957 1997 peccatorum
979 1935 1106 1982 suorum
1123 1917 1288 1994 indulgen-

548 2011 622 2072 tiam
642 2018 673 2072 et
694 2011 908 2074 remissionem
930 2012 1169 2074 misericorditer
1183 2011 1215 2071 in
1232 2013 1288 2072 no-

547 2105 632 2165 mino
654 2104 777 2180 elargiri
800 2104 894 2166 libere
908 2113 939 2165 et
956 2105 1038 2167 licite
1053 2104 1203 2178 valerent,
1220 2120 1290 2182 apo-

545 2197 650 2260 1111111
683 2199 863 2262 auctoritate
901 2197 1077 2262 facultatem
1112 2197 1288 2276 impertitus

547 2291 615 2356 luit.
640 2291 768 2356 Necnon
796 2295 930 2366 eosdem,
954 2292 1006 2372 qui
1034 2291 1110 2354 durai
1137 2291 1288 2352 servitute

547 2388 578 2448 in
602 2387 661 2447 illis
676 2388 812 2464 partibus
832 2387 966 2465 oppressi
988 2403 1042 2464 pro
1063 2395 1199 2464 tempore
1215 2383 1288 2446 luis-

546 2487 626 2553 sent,
655 2480 910 2556 quotiescumque
931 2481 967 2541 11
994 2479 1126 2542 Ecclesia
1153 2477 1288 2560 Romani

546 2570 629 2632 illius
650 2571 810 2634 thesauros
832 2573 971 2648 reserari,
995 2579 1024 2634 et
1047 2573 1205 2648 generales
1219 2587 1287 2649 pec-

546 2671 684 2726 catorum
712 2665 908 2726 remissiones
936 2683 989 2744 per
1009 2665 1162 2726 Romanos
1185 2665 1290 2726 Ponti-

547 2757 633 2831 uees,
663 2758 754 2818 etiam
787 2757 969 2836 praescripti
998 2759 1138 2820 fidelibus
1165 2759 1199 2819 ad
1223 2759 1288 2820 illas

546 2849 746 2927 assequendas
772 2849 881 2926 lormd,
903 2857 933 2911 et
954 2859 1069 2912 statuto
1097 2860 1234 2930 tempore
1255 2851 1287 2912 in

546 2941 661 3002 eisdem
691 2941 820 3016 adiecto,
849 2945 977 3022 proponi
1004 2945 1194 3021 contigisset,
1216 2961 1288 3006 cum

546 3033 682 3112 primum
704 3035 826 3097 illarum
845 3035 880 3096 ad
896 3037 1017 3099 eosdem
1032 3038 1165 3116 captivos
1179 3037 1287 3098 notitia

546 3130 748 3206 peruenisset,
770 3130 871 3209 aliqua
898 3133 1027 3208 agendo,
1051 3147 1128 3210 quae
1156 3131 1289 3192 naturali

545 3221 686 3286 libertate
717 3224 872 3304 privatum
903 3225 1073 3288 uerisimile
1097 3231 1163 3286 erat
1190 3224 1289 3286 lacere

545 3333 643 3396 posse,
666 3317 732 3380 illas
753 3335 860 3382 omnes
879 3319 1036 3399 consequi,
1052 3335 1130 3397 quae
1143 3318 1195 3379 alii
1209 3317 1290 3380 cbri-

544 3409 691 3472 stintleles
713 3419 832 3492 tempus
854 3421 885 3476 11
905 3412 1034 3476 lormam
1055 3419 1161 3475 exacte
1176 3413 1208 3473 in
1225 3411 1288 3473 illa-

545 3527 616 3572 rum
638 3509 835 3572 concessione
864 3509 971 3570 tradita
999 3509 1197 3570 observantes
1218 3522 1288 3568 con-

545 3605 669 3682 sequuti
690 3603 831 3678 luissent,
854 3603 959 3666 eidem
986 3602 1166 3663 auctoritate
1189 3599 1288 3660 voluit

545 3705 577 3759 et
597 3697 777 3772 declaravit,
800 3705 831 3759 et
851 3695 924 3758 alios
950 3703 1040 3774 prout
1062 3695 1094 3755 in
1116 3693 1210 3773 ipsius
1232 3693 1287 3754 Ur·

546 3791 615 3852 boni
630 3791 868 3869 praedecessoris
881 3789 991 3851 litteris
1006 3788 1137 3866 desuper
1147 3788 1180 3849 in
1194 3787 1287 3848 simili

547 3883 644 3944 torma
665 3883 771 3946 Breuis
785 3883 833 3946 die
850 3899 903 3944 xx.
921 3883 1049 3944 ianuarii
1066 3897 1219 3944 nocxxrr.
1238 3897 1288 3942 ex-

546 3977 667 4055 peditis,
690 3993 823 4055 quarum
845 3985 984 4040 tenorem
1006 3977 1218 4054 praesentibus
1234 3991 1288 4052 111

546 4070 636 4149 plene
663 4078 694 4132 et
720 4071 909 4132 sufficienter
940 4087 1083 4148 expresso
1114 4077 1144 4130 et
1171 4068 1288 4130 inserto

547 4164 650 4224 baberi
671 4165 829 4239 uolumus,
853 4165 977 4226 uberius
999 4163 1187 4226 continetur.

586 4259 604 4331 ἓ
625 4259 654 4320 2.
676 4261 754 4321 cnm
776 4270 892 4332 autern,
911 4258 989 4320 sicut
1004 4265 1182 4335 procurator
1196 4271 1289 4331 gene·

546 4352 617 4413 ralis
638 4351 735 4414 dictae
754 4352 1007 4429 congregationis
1022 4351 1109 4414 nobis
1123 4365 1224 4428 nuper
1238 4365 1290 4410 ex·

545 4447 619 4524 poni
646 4446 729 4518 lecit,
758 4445 866 4507 endem
894 4447 1138 4521 congregatione
1166 4445 1290 4508 Germa-

546 4541 616 4602 niae
637 4547 666 4600 et
688 4539 833 4601 Poloniae
853 4539 957 4614 regnis
970 4538 1099 4600 subinde
1114 4538 1288 4615 propagata,

546 4633 655 4696 iratres
676 4633 816 4696 eiusdem
836 4633 968 4707 Ordinis,
992 4633 1023 4694 11
1046 4633 1134 4694 notus
1156 4647 1290 4692 conven-

548 4727 629 4788 tibus
650 4743 822 4803 regnorum
849 4725 1025 4788 huiusmodi
1053 4730 1289 4797 commorantes,

547 4821 858 4899 Constantinopolim,
874 4823 910 4882 ad
925 4819 1078 4882 Tartariae
1093 4827 1205 4896 partes,
1221 4817 1290 4878 alia-

546 4933 607 4996 que
629 4915 802 4976 inndelium
824 4914 898 4988 loco,
914 4913 949 4974 ad
964 4912 1099 4990 captiuos
1114 4911 1290 4973 buiusmodi

546 5009 754 5082 redimendos,
776 5024 842 5070 sese
863 5006 1005 5068 conterre
1025 5006 1152 5079 soleant,
1169 5021 1201 5066 ac
1224 5020 1290 5080 pro·

547 5103 619 5164 inde
640 5103 703 5180 ipse
732 5109 912 5180 procurator
939 5099 1102 5175 generalis,
1124 5099 1290 5177 praedictas

547 5197 662 5258 Urbani
684 5193 924 5274 praedecessoris
946 5194 1062 5254 litteras
1086 5194 1120 5252 ad
1147 5191 1209 5253 loca
1233 5190 1290 5252 bu·

548 5290 677 5352 iusmodi
700 5307 715 5350 a
738 5288 825 5350 nobis
853 5287 978 5348 extendi
1001 5299 1030 5347 et
1052 5285 1201 5364 ampliari,
1224 5285 1290 5364 plu-

547 5384 664 5445 rimum
685 5383 854 5445 desideret:
879 5396 946 5450 nos,
969 5380 1026 5458 piis
1042 5379 1134 5458 ipsius
1149 5395 1291 5458 procura-

547 5477 623 5540 toris
651 5475 803 5552 gcneralis
834 5475 913 5536 votis
943 5473 1116 5544 1111111,
1140 5481 1291 5550 quantum

547 5585 620 5632 cum
648 5570 779 5630 llomino
810 5583 984 5648 possumus,
1007 5565 1292 5642 1111111111111-

548 5673 605 5738 tes,
627 5663 898 5740 supplicationibus
919 5662 985 5722 eius
999 5660 1128 5722 nomine
1143 5657 1292 5720 1111111-

549 5773 604 5836 per
626 5756 682 5817 boc
710 5756 870 5817 humiliter
901 5755 1050 5835 porrectis
1083 5751 1232 5827 inclinati,
1254 5751 1291 5812 de

591 5971 620 6026 (l)
637 5970 702 6016 nott.
720 5969 796 6017 ulain.
812 5970 876 6029 legit
890 5973 1016 6024 carcerali.

1067 588 1130 635 tun.
1155 587 1244 633 Ponto
1270 588 1309 632 DE
1331 589 1359 634 P·
1385 589 1412 634 F.
1438 589 1519 634 PARS
1541 589 1562 634 l.

1346 707 1567 770 venerabilium
1590 705 1720 770 fratrum
1742 714 1921 771 nostrorum
1943 708 1973 771 S.
1996 707 2031 770 li.
2050 709 2085 772 E.

1346 799 1554 864 Cardinalium
1583 801 1711 864 concilii
1739 801 1915 864 Tridentini
1937 803 2090 881 interpre-

1345 900 1412 954 tum
1443 893 1581 967 consilio‚
1605 901 1636 954 et
1661 896 1776 958 1111111
1804 895 1954 958 relatione
1985 895 2088 958 dilecti

1345 987 1401 1048 lilii
1423 987 1519 1048 nostri
1542 987 1573 1048 11
1595 988 1674 1048 alma
1702 987 1784 1050 Urbe
1805 988 1918 1050 Vicarii
1946 990 1978 1050 in
2000 990 2088 1066 spiri·

1346 1080 1477 1142 tualibus
1499 1081 1651 1157 generalis
1672 1081 1716 1159 (1)
1737 1098 1830 1160 super
1845 1083 2017 1160 praemissis
2031 1083 2089 1144 eis-

1344 1172 1414 1234 dem
1436 1173 1648 1236 cardinalibus
1669 1174 1754 1247 lactd,
1778 1174 1921 1237 iratribus
1942 1173 2014 1238 dicti
2035 1175 2089 1239 Or-

1344 1265 1434 1340 dinis,
1457 1265 1492 1326 atl
1524 1266 1587 1328 loca
1619 1266 1792 1329 infidelium
1823 1267 2001 1330 huiusmodi
2022 1285 2088 1330 sese

1344 1358 1585 1433 conterentibus,
1608 1365 1643 1420 ut
1664 1359 1752 1420 altari
1783 1360 1917 1438 portatili
1946 1367 2086 1436 utantur,

1345 1460 1375 1514 et
1396 1469 1411 1512 a
1433 1453 1549 1514 casibus
1571 1453 1733 1516 reservatis
1750 1454 1787 1514 in
1808 1455 1925 1517 eisdem
1945 1453 2018 1517 locis
2041 1456 2087 1516 in-

1344 1546 1481 1609 fidelium
1498 1545 1667 1623 dumtaxat,
1680 1563 1751 1609 cum
1766 1546 1969 1625 dependentia
1985 1555 2088 1610 tamen

1344 1657 1359 1700 a
1382 1656 1465 1701 nnnc
1487 1648 1517 1701 et
1539 1657 1592 1717 pro
1616 1649 1754 1718 tempore
1776 1641 1980 1704 existentibus
2002 1641 2087 1704 Vica-

1345 1733 1396 1794 riis
1417 1733 1598 1812 Apostolicis
1615 1752 1630 1795 1
1647 1735 1724 1797 Sede
1739 1734 1910 1812 Apostolicai
1924 1735 2087 1812 deputatis,

1344 1827 1500 1890 absolvere
1516 1827 1632 1904 possint
1647 1835 1678 1890 et
1693 1828 1826 1902 valeant,
1843 1827 2004 1905 apostolici
2020 1845 2088 1890 auc-

1344 1922 1478 1995 toritate,
1507 1931 1613 1984 tenore
1642 1923 1862 1999 praesentium,
1891 1921 2089 1984 concedimus

1344 2021 1374 2074 et
1400 2014 1619 2090 indulgemus:
1654 2013 1736 2075 salvi
1769 2023 1871 2078 tomen
1902 2030 2025 2093 semper
2056 2015 2088 2076 in

1344 2107 1516 2186 praemissis
1545 2109 1727 2170 auctoritate
1756 2107 2012 2186 congregationis
2039 2123 2091 2170 eo-

1345 2201 1485 2262 rumdem
1509 2200 1728 2264 cardinalium.

1384 2295 1402 2370 5
1424 2295 1451 2356 3.
1478 2295 1694 2368 necernentes‚
1711 2292 1830 2356 easdem
1848 2305 2022 2372 praesentes
2039 2296 2087 2358 lit-

1347 2395 1425 2448 teras
1449 2403 1572 2465 semper
1600 2389 1721 2462 nrmas,
1755 2387 1868 2451 ualidas
1895 2396 1926 2450 et
1953 2389 2087 2452 elucaccs

1347 2481 1477 2542 existere
1499 2490 1529 2542 et
1546 2481 1620 2556 lore,
1643 2497 1777 2559 suosque
1798 2482 1949 2560 plenarios
1964 2491 1995 2544 et
2010 2483 2089 2548 inte-

1345 2587 1415 2648 gros
1437 2573 1561 2636 euectus
1588 2573 1691 2634 sortiri
1716 2583 1747 2636 11
1771 2574 1923 2648 11111111,
1954 2591 1987 2636 11
2016 2575 2086 2650 illis,

1344 2666 1377 2726 ad
1394 2682 1470 2744 quos
1484 2674 1598 2744 spectat
1613 2674 1644 2728 11
1656 2683 1711 2746 111
1728 2675 1864 2746 tempore
1879 2669 2087 2745 quandocum-

1344 2776 1405 2837 que
1429 2760 1593 2838 spectabit,
1623 2760 1656 2821 in
1682 2761 1826 2824 omnibus
1850 2767 1881 2822 et
1906 2763 2088 2839 peremnia

1344 2853 1520 2931 plenissime
1541 2853 1713 2930 suflragari,
1736 2853 1840 2932 sicque
1861 2855 1893 2916 in
1914 2855 2088 2932 praemissis

1345 2963 1398 3025 per
1415 2962 1626 3025 quoscumque
1648 2947 1761 3010 iudices
1777 2948 1947 3009 ordinarios
1961 2955 1992 3008 et
2006 2947 2089 3012 dele-

1344 3047 1439 3117 gatos,
1456 3040 1549 3101 etiam
1564 3057 1725 3102 causarum
1747 3040 1848 3119 palatii
1863 3040 2019 3118 apostolici
2035 3058 2087 3106 au-

1343 3133 1468 3209 ditores,
1496 3134 1622 3196 iudicari
1646 3143 1678 3197 et
1699 3133 1821 3196 deliniri
1843 3134 1971 3210 debere;
1993 3151 2027 3196 ac
2048 3134 2090 3201 11-

1343 3229 1440 3290 ritum
1461 3233 1492 3289 et
1515 3227 1617 3302 inane,
1640 3227 1665 3289 si
1686 3241 1773 3290 secus
1794 3242 1886 3304 super
1908 3225 1954 3288 bis
1975 3245 1991 3288 a
2012 3244 2088 3304 quo-

1344 3336 1448 3397 quam,
1465 3321 1572 3398 quauis
1587 3320 1777 3396 auctoritate,
1789 3320 1923 3382 scienter
1937 3319 1986 3382 vel
2001 3321 2089 3398 igno·

1344 3420 1460 3487 ranter,
1483 3415 1648 3490 contigerit
1668 3415 1824 3476 attentari.

2119 572 2172 626 An.
2186 574 2217 626 c.
2241 571 2311 622 1703

1383 3509 1402 3584 ἓ
1423 3507 1451 3568 4.
1476 3507 1545 3570 Non
1568 3507 1758 3568 obstantibus
1773 3507 2042 3572 constitutionibus
2057 3517 2088 3574 ot
2120 3526 2326 3588 nerogatiocon·

1344 3601 1587 3664 ordinationibus
1603 3599 1785 3679 apostolicis,
1802 3618 1924 3664 necnon
1946 3603 2088 3668 omnibus

1344 3701 1375 3756 et
1395 3693 1528 3771 siugulis
1556 3693 1616 3756 illis
1643 3709 1720 3774 quae
1749 3693 1781 3755 in
1810 3695 1946 3758 eiusdem
1973 3695 2087 3764 Urbani

1344 3787 1583 3866 praedecessoris
1615 3787 1726 3848 litteris
1757 3803 1897 3850 concessa
1924 3797 1999 3850 sunt
2025 3805 2087 3854 nou

1344 3881 1480 3956 obstare,
1507 3881 1680 3959 ceterisque
1705 3881 1867 3944 contrariis
1892 3881 2087 3959 quibuscum·

1345 3992 1416 4053 que.

1385 4071 1403 4144 ἓ
1424 4070 1453 4130 o.
1475 4069 1626 4132 Volumus
1641 4076 1745 4132 antem
1761 4076 1796 4131 ut
1810 4071 1989 4132 earumdem
2005 4087 2088 4148 prae·

1344 4165 1483 4226 sentium
1501 4163 1675 4226 litterarum
1690 4163 1900 4242 transumptis
1916 4179 2089 4228 11111111-

1345 4258 1414 4336 plis,
1435 4257 1528 4318 etiam
1551 4257 1718 4335 impressis,
1742 4273 1836 4317 manu
1857 4256 1983 4318 alicuius
2005 4265 2090 4320 nota-

1347 4351 1384 4412 rii
1405 4350 1519 4428 publici
1539 4350 1735 4427 subscriptis,
1759 4357 1790 4410 et
1815 4347 1915 4425 sigillo
1942 4365 2091 4428 personae

1347 4443 1378 4506 in
1407 4442 1607 4504 ecclesiastico
1638 4442 1789 4518 dignitate
1813 4443 1997 4510 constitutae
2023 4458 2090 4504 mu-

1347 4535 1432 4610 nitis,
1449 4537 1555 4598 eadem
1577 4551 1703 4614 prorsus
1725 4535 1801 4596 ndes
1823 4535 1936 4614 ubique
1952 4535 2088 4600 locorum

1346 4637 1409 4692 tam
1431 4629 1463 4690 in
1486 4629 1597 4691 iudicio
1619 4645 1712 4706 quam
1733 4636 1818 4690 extra
1841 4629 1914 4690 illud
1932 4629 2088 4706 habeatur,

1347 4739 1424 4801 quae
1440 4722 1511 4800 ipsis
1525 4722 1737 4800 praesentibus
1755 4721 1931 4795 baberetur,
1947 4721 1972 4782 si
1989 4721 2090 4785 lorent

1348 4816 1502 4878 exhibitae
1524 4814 1574 4876 vel
1595 4821 1743 4875 ostensae.

1388 4908 1498 4968 Datum
1526 4907 1651 4980 Romae,
1681 4908 1760 4984 apud
1783 4908 1815 4969 S.
1845 4909 1971 4970 llariam
2002 4909 2091 4972 11111-

1348 5017 1426 5074 rem,
1452 5001 1509 5062 sub
1532 4999 1648 5060 annulo
1675 4999 1847 5075 Piscatoris,
1874 5002 1922 5063 die
1945 5017 2009 5062 xxi.
2037 5018 2093 5064 no-

1349 5095 1486 5156 vembris
1507 5109 1657 5168 nocent,
1680 5093 1790 5169 pontii.
1813 5096 1910 5156 nostri
1926 5111 2006 5158 anno
2022 5111 2069 5160 ru.

1600 5253 1838 5264 ——n—n—-n

1694 5378 1745 5438 111.

1349 5563 1506 5642 Prorogat
1519 5563 1560 5626 od
1575 5565 1667 5627 olittd
1682 5565 1883 5642 septennium
1900 5565 2091 5643 fucultatem

1388 5658 1510 5734 pluries
1532 5674 1709 5722 coracesscm
1736 5659 1872 5721 Victoriis
1900 5659 2089 5736 Apostolicis

1392 5751 1547 5814 Simorum
1566 5752 1740 5814 ordinandi
1763 5752 1931 5830 indigenas
1949 5752 2091 5815 11111111

2108 3583 2256 3626 italiorum.

2160 4087 2234 4132 nidos
2253 4094 2325 4134 tran·
2417 4069 2418 4100 t

2108 4145 2281 4198 sumptorum.
