4878 6982
316 531 370 586 An.
385 534 415 587 G.
437 535 506 584 itui
556 531 615 592 226

535 663 660 726 claratio
690 674 877 744 apponatur,
911 668 944 728 in
976 682 1051 743 qua,
1080 671 1112 726 et
1140 680 1218 742 quae
1245 664 1283 724 sit

533 755 774 820 christianorum
796 761 833 820 de
854 759 1007 821 deiunctis
1030 759 1115 831 fides,
1135 763 1165 818 et
1186 757 1284 835 qualis

534 848 672 910 filiorum
693 866 726 910 ac
745 858 895 931 nepotum
913 853 944 914 in
960 851 1174 930 progenitores
1190 851 1285 926 pietas

534 955 600 1002 esse
621 941 741 1018 debeat,
770 945 970 1019 enuntietur3
999 943 1088 1006 cuius
1110 943 1285 1006 declaratio

534 1033 584 1094 nis
605 1033 738 1098 termam
759 1037 794 1098 ad
817 1038 909 1099 huius
931 1036 1067 1098 mandati
1089 1037 1203 1098 calcem
1226 1042 1285 1096 tra-

535 1123 686 1204 didimus;
709 1144 812 1206 neque
835 1137 936 1192 tamen
959 1129 1171 1208 prohibemus,
1194 1127 1284 1190 aliam

534 1217 675 1282 eiusdem
702 1238 811 1283 sensus
842 1223 965 1300 apponi,
992 1220 1137 1282 simodo
1164 1220 1283 1298 priusa

536 1313 625 1378 nobis
646 1315 807 1391 approbata
831 1314 933 1376 luerit.

316 1472 320 1482 ¹
350 1421 385 1464 oo
401 1415 517 1482 nonppt-
576 1425 617 1468 vr.
643 1407 722 1469 Cum
744 1406 895 1468 nonnulla
915 1423 971 1468 seu
990 1407 1086 1467 uerbo
1100 1421 1154 1467 seu
1170 1405 1285 1484 scripto

303 1472 516 1588 ξῗωξξῗξιξῗὲῗῗθῖ
534 1499 675 1576 evulgari
697 1499 985 1573 animadvertimus,
1003 1514 1080 1576 quae
1097 1499 1235 1560 incautos
1252 1498 1283 1559 in

302 1578 466 1678 aessfflssss·
490 1580 515 1623 ⁰²
534 1607 674 1654 errorem
697 1591 860 1665 inducunt,
884 1599 914 1653 et
935 1591 1017 1652 viam
1040 1590 1075 1652 ad
1091 1589 1285 1668 superstitio-

534 1700 607 1746 nem
630 1683 829 1761 patefaciunt,
853 1700 883 1743 r.
908 1699 950 1759 g:

575 1775 846 1852 «Philosophiam,
863 1791 956 1854 quam
977 1776 1068 1838 Sinae
1085 1777 1284 1852 profitentur,

533 1869 558 1928 si
581 1869 659 1929 bene
683 1867 887 1943 intelligatur,
904 1869 982 1930 nihil
999 1869 1112 1930 habere
1130 1869 1188 1944 legi
1205 1869 1287 1930 chri-

534 1961 651 2022 stianae
672 1959 882 2035 contrarium3

574 2051 741 2113 «Nomine
760 2053 830 2113 Tati
848 2054 903 2114 Kie
917 2054 1159 2132 sapientissimos
1171 2054 1286 2132 priscos

534 2145 635 2207 Deum
656 2161 776 2206 causam
799 2147 930 2222 primam
953 2162 1060 2208 rerum
1076 2148 1218 2208 omnium
1235 2147 1285 2208 de-

535 2238 627 2298 finire
649 2237 797 2313 voluisse3

575 2348 594 2389 1
609 2330 749 2402 Cultum,
772 2347 867 2407 quern
883 2330 1051 2392 llonlucius
1064 2331 1221 2408 spiritibus
1237 2332 1286 2393 ad·

535 2421 654 2495 hibuit,
690 2421 816 2484 civilem
848 2424 949 2501 potius
980 2439 1072 2500 quam
1105 2423 1283 2498 religiosum

534 2513 645 2588 luisse3

576 2607 749 2679 «Librum,
779 2621 871 2684 quern
905 2607 996 2670 Simo
1023 2608 1050 2668 te
1074 2607 1156 2686 Kinp
1184 2609 1286 2686 appel-

534 2697 610 2772 lant,
626 2713 781 2760 summam
796 2715 862 2759 esse
876 2700 1010 2777 optimae
1027 2701 1196 2762 doctrimae
1211 2701 1287 2778 phy·

534 2791 612 2852 sicae
633 2798 664 2853 et
685 2791 809 2852 moralis
824 2809 857 2851 a:

575 2883 654 2944 llaec
683 2891 715 2944 et
747 2883 875 2958 similia,
910 2884 955 2946 uti
987 2883 1076 2960 laiso,
1111 2893 1230 2947 temere
1257 2893 1287 2947 et

533 2977 709 3040 scandaloso
740 2975 819 3037 dicta
846 2977 1016 3054 scriptave,
1046 2977 1185 3040 districte
1206 2978 1287 3042 inhi-

534 3071 655 3144 bemus,
678 3085 718 3130 ne
741 3068 772 3128 in
793 3068 859 3130 loto
883 3067 1038 3132 l'icariatu
1066 3078 1173 3132 nostro
1195 3072 1287 3133 disse-

534 3157 710 3224 minentur.

356 3268 391 3310 oe
415 3265 515 3328 rationo
576 3271 631 3316 vu.
656 3255 791 3316 Caueant
822 3253 1025 3330 missionarii,
1051 3271 1107 3330 ne,
1131 3256 1184 3332 qui
1207 3257 1286 3318 chri·

303 3317 515 3418 tlltilil‘ilntl
534 3348 626 3410 suant
639 3347 757 3410 stoicos
773 3345 867 3406 ituros
880 3345 912 3406 tn
928 3347 1039 3408 senous
1055 3347 1176 3422 regunt,
1190 3349 1286 3409 anet-

303 3425 408 3470 ⁸¹¹¹i⁰⁰⁸·
534 3455 637 3502 smum
652 3446 683 3499 et
698 3437 832 3498 diversas
848 3439 1096 3515 superstitiones,
1112 3440 1226 3516 quibus
1242 3439 1286 3502 illi

533 3531 604 3592 libri
627 3539 690 3592 tam
713 3529 744 3590 in
768 3537 854 3591 textu
883 3545 976 3607 quam
999 3531 1032 3592 in
1055 3533 1287 3593 commentariis

533 3630 662 3697 scatent,
685 3623 919 3683 inauditorum
947 3623 1068 3684 animos
1101 3623 1286 3702 inlundaut;

533 3714 584 3776 sed
608 3715 675 3774 illos
697 3713 884 3775 missionarii
913 3713 1101 3778 admoneant
1124 3724 1158 3779 ut
1180 3719 1287 3780 obvios

533 3823 655 3868 errores
687 3805 837 3880 refutent,
866 3814 909 3880 et,
938 3821 1083 3869 errorum
1115 3811 1285 3885 occasione,

533 3916 612 3976 quae
633 3899 671 3961 de
699 3898 772 3972 lieo,
795 3899 833 3960 de
862 3900 972 3961 mundi
1001 3901 1157 3964 creatione
1179 3911 1209 3964 et
1231 3920 1286 3981 gu-

533 3989 719 4052 bernatione
745 3991 911 4052 christiana
939 3991 1049 4068 religio
1072 3994 1174 4068 tradit,
1198 3997 1286 4058 disci-

533 4083 623 4162 pulos
644 4082 812 4156 diligenter
843 4085 1006 4159 erloceaut3
1040 4091 1134 4162 atque
1162 4089 1285 4150 eosdem

533 4175 717 4238 christianos
738 4175 926 4236 missionarii
948 4164 1130 4254 frequenter
1151 4195 1287 4242 commo·

534 4267 699 4342 uelociant,
729 4283 781 4343 ue,
805 4266 886 4345 quod
915 4268 1003 4329 lacile
1034 4269 1199 4346 contingit,
1223 4273 1286 4334 suis

534 4362 567 4422 iu
584 4360 804 4438 scriptionibus
819 4359 933 4438 aliquid
949 4377 966 4420 e
980 4361 1103 4423 scholae
1118 4362 1286 4426 litterariae

534 4453 693 4531 principiis
721 4451 782 4528 legi
810 4452 995 4514 christianae
1023 4455 1216 4518 contrarium
1237 4459 1288 4520 ad-

534 4547 694 4607 misceant.

328 4654 393 4716 oqtu
410 4655 441 4700 uo
455 4654 515 4701 aurs
576 4637 657 4702 Sunt
677 4645 708 4699 et
730 4637 806 4698 aliae
827 4638 1034 4714 quaestiones,
1057 4656 1132 4717 quas
1147 4643 1203 4703 hac
1219 4643 1287 4702 vico

303 4707 455 4807 2233&ss
474 4713 516 4754 ²⁶*
536 4729 678 4792 nondum
699 4730 895 4805 attingimus,
918 4731 1000 4808 quia,
1019 4747 1119 4808 quum
1135 4747 1285 4794 memora·

535 4826 573 4886 lis
599 4824 766 4902 capitibus,
795 4839 874 4901 quae
906 4825 1064 4902 praecipua
1096 4833 1185 4901 sunt,
1216 4835 1285 4890 ete

534 4917 647 4995 quibus
678 4916 735 4976 alia
767 4918 880 4992 magnai
907 4933 945 4978 ex
977 4923 1063 4993 parte
1094 4919 1284 4996 dependent,

535 5010 697 5088 provisum
718 5007 825 5082 luerit,
848 5008 966 5069 lucilius
988 5007 1047 5069 erit
1069 5009 1142 5086 quid
1159 5011 1190 5070 iu
1206 5020 1285 5073 cete·

534 5104 577 5165 ris
599 5103 771 5165 tenendum
793 5101 833 5162 sit
856 5100 1062 5179 praescribere
1084 5109 1114 5161 et
1138 5103 1170 5163 in
1193 5121 1283 5164 usum

535 5197 692 5258 inducere.

316 5307 401 5368 Poena
415 5306 443 5350 rn
458 5315 516 5353 oon·
576 5289 606 5352 Si
629 5288 699 5365 quis
720 5291 826 5347 autem
848 5283 1070 5358 missionarius,
1092 5287 1173 5362 quod
1196 5287 1283 5362 absit,

303 5361 484 5406 “mmm
534 5382 620 5444 1111111
642 5380 743 5442 habita
765 5379 858 5439 huius
873 5376 1087 5438 declarationis
1101 5385 1132 5438 et
1148 5379 1283 5440 mandati

535 5475 664 5548 ratione,
688 5473 770 5534 intra
792 5471 868 5532 duos
889 5484 1012 5530 menses
1034 5479 1219 5532 memoratas
1243 5479 1284 5532 ta-

535 5567 629 5628 bellas
650 5575 680 5626 et
702 5581 811 5625 versus
833 5563 870 5623 ab
891 5561 1026 5622 ecclesiis
1041 5563 1104 5623 suis
1119 5570 1173 5624 aut
1187 5563 1284 5626 domi-

534 5660 591 5720 bus
609 5673 672 5718 non
695 5657 824 5729 auferat,
841 5661 894 5716 aut
917 5655 995 5714 intra
1018 5655 1191 5732 praelatum
1208 5665 1285 5718 tem·

537 5769 592 5830 pus
614 5765 742 5812 manum
774 5749 858 5826 operi
885 5763 948 5808 non
977 5748 1130 5822 adhibeat,
1156 5757 1190 5810 ut
1211 5767 1285 5826 quas

535 5843 771 5922 praescribimus
797 5841 921 5917 regulas
942 5840 974 5900 in
997 5857 1090 5902 usum
1111 5849 1142 5902 et
1165 5858 1284 5904 morem

1061 549 1124 594 lt'lt.
1148 548 1240 592 rubr.
1265 547 1305 590 ba
1327 548 1355 590 P.
1380 550 1408 594 F.
1434 550 1516 595 PARS
1538 551 1559 594 1.

2038 12 2048 17 ,
2096 11 2326 119 ,ῃ

2123 522 2179 576 An.
2194 525 2226 579 C.
2247 521 2329 575 1704

1340 665 1475 739 inducat,
1498 681 1655 728 concessas
1677 668 1704 728 ei
1726 685 1742 728 a
1764 667 1852 728 nobis
1867 675 1897 728 et
1912 685 1927 728 a
1943 681 2092 743 quocum-

1340 775 1401 836 que
1415 759 1474 819 alio
1490 758 1609 820 Vicario
1625 766 1655 820 et
1671 759 1845 821 Prorirario
1859 759 2034 837 Apostolico
2049 757 2092 820 ia-

1340 850 1470 913 cultates
1492 867 1547 928 per
1568 860 1745 929 praesentes
1767 868 1960 926 revocamus,
1984 867 2019 912 ac
2035 867 2091 929 pro

1340 953 1480 1020 tempore
1510 943 1645 1020 praelato
1678 950 1833 1005 revocatas
1865 961 1931 1005 esse
1958 943 2091 1006 declara-

1340 1051 1421 1096 mus.

1380 1127 1488 1206 Neque
1510 1135 1613 1190 tamen
1637 1129 1691 1190 hac
1712 1129 1867 1206 praesenti
1886 1129 2090 1192 declaratione
2137 1132 2302 1180 missionarii
2322 1142 2340 1176 a

1341 1226 1372 1281 et
1394 1221 1538 1282 mandato
1570 1237 1621 1280 eos
1653 1221 1776 1298 culpare
1805 1222 2008 1294 intendimus,
2037 1221 2090 1298 qui
2110 1187 2340 1294 ῗὲιιῗῖιιῖιῗὲἷῗιῗ

1341 1312 1430 1373 aliter
1451 1320 1539 1374 antea
1568 1319 1770 1388 censuerunt,
1794 1293 2225 1394 111111111111111111ξξῆῗξζξιι
2256 1291 2338 1338 ‘³²⁰³‘

1340 1405 1439 1466 secuti
1466 1405 1597 1466 suntab
1619 1405 1664 1478 ed,
1694 1420 1789 1481 quam
1810 1405 1842 1466 in
1866 1411 2026 1482 posterum
2047 1421 2092 1466 se·

1341 1497 1495 1574 quendam
1518 1513 1584 1558 esse
1605 1497 1788 1572 statuimus;
1812 1497 1927 1560 mirum
1946 1499 2031 1558 euim
2046 1498 2091 1558 vi-

1341 1589 1406 1650 deri
1438 1605 1502 1652 non
1533 1590 1640 1664 debet,
1672 1591 1698 1651 si
1729 1591 1762 1652 iu
1789 1590 1883 1652 rebus
1914 1591 2091 1652 huiusmodi

1340 1681 1526 1742 missionarii
1548 1697 1655 1744 omnes
1677 1683 1772 1745 unius
1800 1683 2002 1760 eiusdemque
2022 1699 2092 1744 sen·

1342 1773 1455 1835 tentiae
1489 1791 1552 1835 non
1582 1773 1710 1849 luerint,
1733 1783 1763 1836 et
1785 1791 1854 1836 eam
1876 1776 2092 1852 uuusquisque

1341 1866 1461 1943 praxim
1482 1866 1643 1944 amplexus
1664 1867 1714 1941 sit,
1738 1883 1815 1944 quae
1836 1867 1895 1928 sibi
1912 1868 1943 1928 in
1961 1867 2092 1928 Domino

1342 1959 1438 2033 magis
1471 1959 1594 2020 veritati
1627 1975 1762 2022 consona
1794 1960 1966 2021 videbatur.
2000 1959 2092 2022 Nunc

1342 2066 1416 2111 vero
1439 2051 1470 2111 in
1493 2051 1549 2112 hoc
1570 2067 1677 2113 ornnes
1701 2053 1800 2113 studia
1829 2059 1933 2114 nostra
1955 2051 2094 2114 contera-

1342 2159 1423 2216 mus,
1440 2150 1474 2205 ut
1497 2144 1579 2204 idem
1600 2145 1763 2222 sapiamus,
1787 2152 1822 2207 ut
1844 2146 2007 2207 unanimes
2029 2162 2092 2207 uno

1342 2250 1396 2296 ore
1417 2235 1616 2298 exhibeamus
1648 2237 1737 2298 istam
1767 2238 1933 2300 Ecclesiam
1956 2254 2018 2300 non
2040 2239 2092 2300 ba-

1343 2327 1468 2388 beuiem
1500 2329 1652 2390 maculam
1684 2339 1736 2391 aut
1768 2347 1891 2406 rugam,
1923 2331 1976 2392 sed
1999 2339 2032 2394 ut
2053 2332 2093 2392 sit

1341 2427 1444 2480 sancta
1467 2428 1497 2481 et
1520 2422 1729 2498 immaculata3
1753 2439 1786 2483 ac
1811 2424 1888 2485 lleus
1908 2425 1989 2502 pacis
2002 2432 2034 2484 et
2048 2423 2093 2484 di-

1342 2511 1485 2573 lectionis
1506 2513 1566 2575 erit
1588 2513 1759 2576 nobiscum.

1382 2604 1448 2664 Det.
1473 2603 1506 2664 in
1532 2603 1644 2683 oppido
1674 2606 1811 2683 Changlo
1839 2608 2014 2686 provinciae
2036 2609 2092 2669 Fo-

1343 2696 1460 2758 kieusis
1483 2697 1532 2759 die
1553 2712 1639 2758 xxvi.
1666 2701 1782 2760 mensis
1803 2699 1907 2760 martii
1930 2713 2089 2760 nocxcrn.

1624 2899 1771 2960 Canouus
1793 2898 1942 2960 llaruuor

1520 3004 1692 3081 presbyter,
1709 3004 1775 3066 lic.
1793 3005 1899 3082 apost.
1917 3005 2089 3067 Fokiensis.

1702 3281 1736 3343 ll.

1642 3481 1795 3530 QUAESITA

1344 3655 1377 3694 In
1392 3662 1475 3695 carcaa
1495 3655 1604 3694 rttnunc
1625 3654 1780 3702 Sinenstntn
1801 3665 1886 3707 caspar
1903 3655 2031 3698 anattdato
2045 3663 2092 3698 aeti

1382 3721 1465 3762 edicto
1479 3720 1583 3764 nomint
1605 3723 1693 3764 Caroli
1707 3722 1823 3772 Matcrot
1841 3723 1938 3766 vicarit
1952 3723 2093 3772 apostotici

1383 3787 1521 3830 Folttenais
1536 3790 1566 3830 tn
1582 3798 1665 3839 reano
1680 3791 1819 3834 Sinas-rant,
1832 3798 1908 3832 sirano
1917 3789 2039 3840 episcopt
2051 3790 2094 3832 Co-

1383 3857 1520 3902 nonenats,
1537 3857 1569 3898 ab
1583 3857 1805 3898 entinenttaatmta
1819 3864 1850 3898 ac
1863 3856 2093 3898 reomnatsaona

1382 3923 1501 3964 aorntnta
1518 3923 1708 3965 cardinalibus
1725 3923 1875 3974 specialiter
1889 3931 1906 3964 a
1920 3925 2028 3964 sanctae
2043 3931 2093 3964 nte·

1383 3991 1486 4030 moriae
1501 3991 1657 4031 Innocentio
1668 3990 1744 4040 Papa
1755 3990 1812 4032 XII.
1825 3989 1967 4040 depellatis,
1978 3992 2041 4040 post
2050 3999 2093 4030 aa·

1382 4055 1440 4096 rias
1450 4047 1673 4106 oonprenattonea
1684 4064 1715 4098 ac
1723 4057 1834 4106 tonnam
1845 4057 1951 4098 iuriam
1959 4055 2022 4098 hinc
2031 4057 2093 4097 inae

1382 4123 1561 4164 deductorum
1575 4131 1699 4166 ceneten,
1711 4123 1841 4174 consecta,·
1849 4123 1976 4172 prienam
1986 4123 2093 4172 quoidam

1383 4189 1508 4239 theotonis
1522 4192 1546 4230 et
1561 4189 1791 4240 cacalifiaatoribua
1805 4190 1841 4230 aa
1852 4189 1988 4230 idaeieatis
1994 4197 2094 4240 propo·

1382 4258 1442 4302 atta,
1460 4266 1491 4298 ao
1505 4257 1600 4298 deinde
1615 4258 1645 4297 tn
1661 4255 1870 4305 concrepatione
1885 4255 2005 4303 pemati
2018 4263 2093 4297 saraa·

1383 4325 1424 4364 tae
1434 4323 1573 4364 Romanae
1586 4323 1610 4362 ct
1622 4322 1786 4364 universam
1796 4321 1984 4370 Inqrtietitonta
1994 4321 2093 4362 11111111-

1381 4398 1413 4430 aa
1427 4391 1452 4430 et
1466 4391 1592 4430 resoluta,

1383 4553 1611 4616 controversiis
1632 4555 1663 4616 in
1687 4554 1818 4633 imperio
1839 4554 1945 4617 Sinico
1959 4553 2093 4616 subortis
2138 4571 2331 4626 0111111111-

1342 4647 1426 4707 inter
1457 4646 1666 4708 missionarios
1696 4646 1893 4724 apostolicos,
1926 4647 2025 4725 iisque
2056 4633 2331 4723 111ξζξ5ἓῗξῑωξῗςῖ

1343 4739 1486 4802 Sauctam
1509 4737 1621 4800 Sedem
1643 4739 1752 4800 delatis
1769 4739 1827 4801 sub
1842 4739 2091 4814 innocentioll„
2113 4730 2334 4830 gfflgffiilss

1343 4831 1517 4892 Alexandro
1530 4831 1594 4892 llll.
1612 4839 1643 4892 et
1654 4830 1816 4893 Clemente
1829 4833 1895 4906 lX.,
1909 4847 1986 4892 num
2002 4849 2093 4908 quae·
2113 4836 2174 4898 caru
2193 4837 2333 4894 aposton-

1342 4925 1424 4996 dam,
1448 4939 1527 5000 quae
1548 4941 1563 4982 a
1586 4923 1669 4984 Sinis
1699 4925 1868 4999 gentilibus
1900 4931 2094 5002 peraguntur
2111 4899 2140 4934 ω’

1342 5016 1523 5093 praesertim
1545 5031 1617 5091 erga
1640 5015 1825 5078 Cuniucium
1847 5017 2011 5092 antiquum
2028 5017 2094 5094 plri-

1342 5107 1507 5185 losophum
1529 5115 1559 5168 et
1585 5109 1797 5186 progenitores
1830 5109 2002 5182 defunctos,
2026 5125 2094 5186 per·

1341 5200 1425 5261 mitti
1448 5201 1566 5278 possint
1587 5201 1624 5260 iis
1645 5203 1697 5280 qui
1720 5203 1756 5264 ad
1777 5201 1978 5262 christianam
1999 5201 2093 5262 iidem

1341 5293 1484 5354 conversi
1517 5292 1652 5367 luerint,
1686 5303 1847 5370 propterea
1879 5293 1960 5370 quod
1981 5293 2032 5353 alii
2054 5309 2092 5354 ex

1342 5385 1546 5446 missionariis
1574 5385 1762 5447 affirmarent
1789 5387 1925 5446 actiones
1952 5386 2094 5446 11111111-

1342 5478 1532 5553 perstitiosas
1547 5477 1596 5538 vel
1614 5478 1814 5540 idololatricas
1829 5493 1905 5552 esse,
1923 5477 1972 5538 alii
1988 5495 2004 5538 e
2020 5493 2091 5540 cou-

1343 5575 1388 5627 111
1409 5568 1516 5630 civiles
1540 5575 1662 5630 tanturn
1683 5578 1713 5630 et
1736 5569 1889 5646 politicas:

1383 5659 1437 5720 Die
1469 5677 1526 5720 xrr.
1564 5661 1750 5736 septembris
1785 5675 1922 5722 uocuur.
1957 5661 2092 5738 quaesita

1342 5755 1492 5829 quaedam
1514 5755 1546 5814 in
1568 5753 1651 5814 saort
1668 5755 1915 5829 congregatione
1931 5754 1968 5814 de
1985 5755 2092 5832 Propa-

1343 5846 1442 5920 gandi
1467 5847 1541 5908 Fide
1568 5846 1735 5925 proposita,
1764 5846 1938 5908 examinata
1960 5853 1990 5907 et
2013 5861 2092 5906 reso·
