4880 6982
121 581 176 631 An.
192 581 222 632 d.
245 581 313 632 1710

342 722 400 790 tes,
423 731 536 796 poenas
550 716 759 779 comminetur
774 715 955 796 privationis
971 713 1087 776 activae

342 813 374 868 et
394 809 530 888 passivae
551 810 651 884 vocis,
677 808 812 888 aliasque
837 808 964 872 arbitrio
986 822 1087 870 sacrae

343 901 610 980 congregationis.

154 1001 218 1054 huid
240 1001 272 1047 ab
293 1002 324 1048 iis
383 1011 432 1055 nt.
456 995 489 1056 ln
504 995 569 1074 ipso
581 996 722 1074 ingressu
736 995 852 1072 singuli
867 995 1013 1058 exercitia
1026 994 1086 1074 spi-

1011 595 1150 642 CLEMENS
1174 593 1216 640 tlt.

1805 572 1865 634 260
1915 569 1967 624 An.
1982 571 2011 622 d.
2034 569 2101 620 utto

1141 711 1215 790 priis
1236 709 1475 790 provincialibus
1497 711 1541 774 eis
1561 710 1664 774 debito
1681 713 1819 788 tempore
1833 708 1883 770 vel

1142 805 1346 884 aguardiano
1373 805 1497 881 hssisii,
1519 820 1574 883 pro
1596 804 1684 868 cuius
1707 802 1884 866 intentione

1141 901 1301 962 studentes
1321 916 1355 962 ac
1376 899 1506 962 lectores
1527 899 1633 960 missas
1657 897 1812 960 celebrare
1832 896 1883 960 de·

1141 994 1245 1068 beant,
1267 993 1497 1056 subministrari
1518 1001 1616 1056 curet.

1181 1103 1223 1146 vv.
1248 1084 1401 1150 concedat
1422 1084 1609 1162 guardianus
1630 1085 1806 1152 huiusmodi
1823 1083 1884 1148 col·
1956 1107 2060 1152 norsum
2076 1103 2113 1150 as
2220 1076 2225 1084 ’

1142 1179 1304 1256 legialibus
1324 1195 1456 1259 parvum
1482 1180 1608 1242 hortum
1629 1195 1702 1243 eum
1729 1180 1784 1242 sua
1804 1179 1882 1252 serat,
1902 1158 2105 1229 ⁰⁰⁰⁶⁰⁶⁰¹¹⁶¹¹¹¹³·

1140 1273 1166 1332 si
1188 1273 1348 1336 commode
1362 1273 1430 1334 lieri
1451 1273 1576 1351 poterit,
1593 1272 1645 1336 ubi
1666 1273 1833 1336 seiunctim
1848 1271 1884 1333 ab

1141 1364 1207 1426 aliis
1228 1365 1357 1428 honeste
1378 1365 1480 1441 refici,
1503 1383 1536 1428 ac
1557 1366 1694 1428 invicem
1714 1367 1747 1428 in
1769 1365 1884 1442 linguis

1141 1474 1212 1522 cum
1234 1459 1298 1521 suis
1320 1459 1485 1522 lectoribus
1495 1476 1561 1522 sese
1581 1474 1728 1522 exercere
1748 1459 1881 1521 valeant.

1181 1571 1236 1615 vn.
1259 1555 1326 1616 lino
1339 1569 1463 1634 semper
1477 1554 1509 1616 in
1524 1555 1583 1617 hoc
1596 1553 1762 1616 seminario
1776 1553 1811 1616 ad
1827 1551 1885 1614 mi·
1918 1569 1953 1612 ue
1969 1575 2074 1628 numero
2089 1569 2115 1611 n

1142 1665 1201 1712 nus
1222 1648 1322 1712 adsint
1344 1648 1483 1724 lectores,
1497 1648 1779 1710 controversiarum
1794 1647 1882 1720 alter,
1902 1620 2027 1722 aegisono
2041 1619 2114 1665 '⁸⁰¹⁰'

1142 1751 1172 1805 et
1194 1743 1281 1818 alter,
1297 1759 1353 1806 seu
1374 1741 1488 1821 plures,
1505 1742 1559 1822 qui
1579 1742 1710 1806 calleant
1731 1743 1882 1819 linguam,

112 1054 285 1166 ffifflum
298 1067 323 1102 ¹¹¹
343 1087 463 1152 ritualia
477 1095 624 1168 peragant
638 1105 693 1168 per
707 1087 813 1154 decem
828 1095 881 1150 aut
894 1088 1004 1152 saltem
1018 1095 1086 1150 octo

343 1179 418 1256 dies,
440 1197 513 1244 cum
533 1197 627 1244 omne
648 1183 752 1245 datum
774 1182 927 1261 optimum
946 1188 977 1242 et
992 1196 1086 1242 omne

343 1275 459 1338 donum
471 1275 643 1354 perlectum
658 1277 821 1340 desursum
834 1275 886 1350 sit,
896 1274 1086 1336 descendens

342 1384 358 1430 a
379 1369 467 1432 Patre
488 1369 664 1448 luminum3
686 1377 717 1432 et
731 1369 842 1434 deinde
861 1367 1038 1430 immediate
1053 1367 1085 1430 in

342 1462 484 1526 manibus
505 1465 599 1542 patris
621 1463 786 1541 generalis,
803 1469 867 1536 aut,
890 1477 926 1524 eo
948 1461 1085 1536 ahsente,

342 1557 436 1638 ipsius
457 1557 575 1633 vicarii,
592 1557 643 1620 vel
664 1556 790 1620 alterius
804 1557 842 1618 ab
856 1571 892 1617 eo
907 1553 1084 1633 deputandi,

341 1653 552 1714 iuramentum
574 1653 658 1714 iuxta
674 1649 900 1728 infrascriptam
920 1646 1086 1710 turmulam

342 1753 510 1828 praestent,
527 1745 665 1825 illudque
680 1745 848 1808 adsueram
868 1741 1087 1820 congregatio·

344 1857 419 1904 nem
440 1842 678 1903 transmittatur.
1112 1812 1115 1895 l
1142 1853 1200 1916 qua
1214 1845 1348 1900 utuntur
1362 1836 1633 1915 PeloponesenseS,
1649 1835 1884 1916 Costantinopo-

381 1935 528 1998 Formula
550 1932 717 1996 iuramenti
739 1932 806 1995 talis
821 1939 884 1994 est:
1112 1922 1115 2010 l
1143 1930 1247 2006 litant,
1283 1931 1497 2006 transilvani,
1520 1929 1667 2004 Moldavl,
1690 1928 1827 2004 Valachi,
1851 1931 1883 1991 in

383 2030 448 2112 Ilpa
464 2027 634 2112 {rotarN.,
647 2031 808 2110 professus
820 2029 857 2092 in
872 2031 1028 2103 concentu
1045 2027 1083 2090 N.
1112 2083 1114 2122 γ
1141 2039 1276 2102 quornm
1298 2023 1477 2100 regionibus
1498 2022 1575 2086 dicta
1598 2023 1707 2099 religio
1722 2023 1884 2084 missiones

342 2126 526 2206 prouinciae
545 2123 585 2186 N.
605 2121 737 2186 Ordinis
759 2123 923 2188 Miaccum
939 2121 1085 2186 ¹Gonrren-
1141 2116 1251 2193 hahet3
1273 2116 1312 2178 ita
1335 2123 1514 2192 tenenat,
1531 2115 1656 2178 nonnisi
1676 2115 1802 2194 praevio
1816 2131 1885 2176 exa·

344 2220 487 2284 tuolium
500 2218 613 2282 Sancti
626 2213 807 2292 Francisci,
820 2217 893 2278 iuro
907 2224 939 2278 et
953 2215 1087 2294 promit·
1112 2211 1114 2285 i
1142 2209 1227 2272 mine
1257 2225 1359 2272 eoram
1389 2211 1549 2288 superiore
1580 2209 1717 2286 generali
1747 2207 1885 2270 iaciendo

345 2322 375 2376 to
397 2315 433 2375 in
454 2309 605 2376 asarubas
625 2310 838 2388 paternitatis
856 2317 981 2372 uestrae
1003 2325 1087 2370 rese·
1112 2325 1114 2394 ζ
1141 2303 1207 2364 sive
1228 2319 1282 2380 per
1303 2318 1376 2364 eum
1398 2301 1580 2379 delegando,
1603 2309 1634 2364 et
1648 2301 1885 2364 confirmatione

344 2406 554 2468 rendissinaae
580 2405 618 2468 Ν.
648 2404 728 2482 (sire
752 2403 859 2481 patris
881 2403 999 2464 sicarii
1025 2408 1085 2464 aur
1112 2419 1114 2437 ·
1141 2412 1242 2458 sacrae
1253 2396 1521 2473 congregationis,
1534 2394 1748 2469 admittantur,
1761 2394 1884 2456 iisdem-

343 2496 535 2576 superioris)
556 2503 729 2560 concentus
752 2494 784 2558 S.
805 2494 975 2558 Francisai
998 2493 1087 2555 Assi-
1112 2454 1115 2538 l
1141 2505 1202 2567 que
1223 2489 1407 2566 iniungatur
1423 2490 1504 2551 serio
1519 2488 1665 2568 sedulitas
1680 2493 1711 2550 et
1726 2487 1884 2549 assiduitas

342 2592 474 2662 aiensis,
497 2587 536 2654 ah
559 2589 615 2651 hoe
640 2589 816 2652 seminario
843 2603 907 2649 non
932 2587 1085 2649 discessu·
1112 2610 1113 2635 t
1141 2581 1173 2642 in
1196 2581 1392 2658 lectionibus,
1407 2581 1644 2662 repetitionibus
1665 2588 1696 2644 et
1717 2580 1882 2642 exercitiis.

343 2700 428 2756 rum,
444 2699 542 2762 neque
563 2683 719 2744 discedere
740 2688 1009 2760 procuraturum,
1023 2696 1084 2742 rne-
1111 2680 1113 2743 3
1181 2693 1249 2737 vni.
1275 2677 1435 2740 Fruuntur
1449 2675 1591 2750 lectores,
1607 2674 1753 2738 sicelech
1768 2681 1798 2737 et
1813 2689 1884 2736 con·
1930 2683 2064 2740 rrtvttsgra
2076 2695 2115 2732 00-

343 2777 431 2840 diota
451 2778 498 2840 oet
521 2776 720 2847 immediate,
742 2791 799 2854 per
819 2791 866 2836 me
887 2775 934 2838 uel
959 2789 1014 2851 per
1035 2774 1087 2835 in·
1111 2746 1114 2835 l
1142 2769 1267 2844 tirmati,
1291 2769 1503 2848 praecedentia
1525 2775 1556 2830 et
1576 2767 1829 2848 praeeminentia,
1853 2783 1886 2829 ac
1904 2738 2026 2786 romaum.

344 2871 528 2948 terpusitom
561 2884 745 2946 personant,
774 2869 840 2931 nisi
869 2884 909 2930 en
939 2865 1086 2946 lepitinrd
1112 2900 1113 2945 q
1142 2860 1324 2940 privilegiis,
1341 2863 1453 2940 quihus
1470 2863 1599 2924 lectores
1620 2859 1752 2923 actuales
1768 2859 1885 2922 theolo-

343 2959 442 3026 causci
473 2961 722 3025 admittendae
750 2961 948 3040 paternitate
978 2959 1086 3022 castrat
1111 2952 1114 3027 l
1142 2955 1208 3031 giae
1229 2955 1404 3033 potiuntur.

343 3053 665 3118 reverendissimdvel
680 3055 827 3118 constris
848 3051 1085 3116 suecessoribus
1111 3036 1114 3132 l
1182 3065 1226 3110 rx.
1250 3049 1360 3112 Lector
1380 3050 1663 3114 controversiarum
1678 3049 1764 3112 binas
1778 3049 1813 3112 ad
1829 3047 1886 3110 mi·
1921 3062 2015 3107 norum
2028 3068 2113 3104 onera.

342 3148 494 3212 cononice
520 3145 743 3218 intrantibus,
765 3153 796 3209 et
818 3145 1000 3218 aduaticis,
1023 3151 1082 3207 ete.
1112 3142 1115 3205 l
1142 3159 1201 3204 nus
1222 3143 1354 3220 singulis
1375 3143 1573 3208 hebdomadis
1593 3145 1693 3208 tradat
1713 3141 1886 3222 inscriptis

344 3244 489 3319 Insuper,
504 3257 561 3320 pro
575 3241 648 3320 fidei
671 3239 848 3303 catholicae
862 3239 1086 3320 proponendae
1112 3264 1114 3313 r
1143 3235 1290 3298 lectiones
1310 3238 1594 3300 controversiarum
1609 3237 1700 3300 utiles
1722 3253 1777 3316 pro
1799 3237 1886 3298 dictis

343 3337 442 3400 cousd
463 3353 500 3399 aa
526 3338 630 3400 salute
658 3333 838 3413 infidelium
865 3331 1082 3411 procuranda,
1112 3400 1114 3425 Ι
1142 3329 1226 3405 locis,
1249 3330 1284 3391 ad
1306 3347 1383 3408 quae
1397 3331 1517 3394 alumni
1530 3331 1625 3394 huius
1642 3330 1799 3394 seminarii
1811 3336 1886 3392 sunt

342 3431 384 3494 ad
404 3447 476 3494 enan
498 3432 619 3502 locum,
650 3427 851 3509 prouinciam
872 3447 928 3492 seu
951 3443 1086 3508 requam
1112 3464 1115 3549 ι
1142 3423 1331 3504 destinandi;
1354 3433 1385 3488 et
1399 3431 1467 3504 post
1483 3441 1623 3506 vesperas
1639 3425 1819 3488 earumdem
1833 3425 1886 3486 ha-

342 3527 411 3589 sine
431 3525 542 3605 attane
571 3524 792 3605 repugnantia
813 3510 872 3586 out
901 3523 1086 3600 acceptione
1113 3594 1115 3603 Ι
1141 3519 1210 3582 beat
1231 3519 1448 3596 conterendas,
1471 3523 1748 3602 frequentibusque
1770 3521 1885 3584 exerei-

343 3620 599 3700 quandocumque
614 3619 751 3689 ituraea,
768 3619 809 3681 od
824 3633 918 3697 quant
933 3634 989 3679 seu
1004 3617 1086 3696 quod
1112 3614 1115 3705 Ι
1143 3613 1193 3676 tiis
1207 3621 1369 3682 studentes
1385 3619 1544 3695 instituat;
1562 3619 1695 3696 singulis
1708 3633 1783 3680 vero
1797 3633 1887 3680 men-

342 3713 584 3792 upaternitate
612 3712 720 3774 castrat
747 3711 1012 3774 reverendissime
1034 3729 1085 3772 ero
1112 3744 1115 3851 y
1140 3713 1224 3775 sibus
1251 3713 1378 3776 traditae
1404 3713 1561 3776 doctrinae
1591 3712 1813 3791 disputationes
1833 3711 1886 3774 ha·

343 3807 528 3870 destinatus
538 3813 569 3870 et
582 3808 709 3870 missus.
725 3805 778 3870 Sic
789 3805 929 3870 melleus
940 3806 1084 3876 adiuvet,
1142 3808 1284 3884 beantur,
1307 3809 1591 3874 intervenientibus
1606 3807 1699 3870 etiam
1713 3807 1780 3868 aliis
1794 3806 1886 3868 lecto-

343 3909 372 3964 et
394 3900 469 3964 hoec
490 3907 605 3964 sonata
626 3898 684 3962 Dei
708 3901 896 3982 Evangelia.
925 3903 990 3980 Epo
1013 3897 1084 3962 NN.
1113 3958 1114 3978 ,
1142 3904 1226 3966 ribus
1247 3911 1279 3965 et
1299 3903 1452 3980 religiosis
1473 3903 1608 3965 eiusdem
1630 3899 1885 3964 conventushlii

343 3994 475 4074 offirmo,
499 4000 672 4070 utsupra,
695 4009 795 4056 nanu
815 3993 958 4071 propria.
1113 3983 1115 4031 t
1142 4012 1217 4058 vero
1239 3997 1369 4059 lectores
1390 3995 1571 4073 linguarum
1587 4002 1634 4056 ter
1649 3996 1681 4056 in
1698 3992 1884 4056 hebdomada

141 4103 270 4159 quamdiu
287 4103 322 4150 tu
382 4103 423 4148 rv.
447 4087 483 4148 ln
498 4087 578 4150 dioto
592 4087 757 4150 seminario
772 4095 975 4166 permaneant
988 4087 1087 4164 spatio
1113 4085 1115 4155 l
1142 4091 1258 4168 legant,
1271 4098 1301 4153 et
1316 4105 1434 4166 rerum,
1448 4106 1522 4168 quas
1536 4087 1695 4152 studentes
1710 4085 1883 4160 docuerint,

109 4159 221 4257 ‘,¹,⁰jb⁰²¹¹¹
238 4168 323 4242 Μ’
342 4181 475 4244 duorum
496 4195 663 4254 annorum,
687 4189 717 4242 et
739 4197 803 4242 non
825 4181 922 4254 ultra,
945 4180 1004 4242 nisi
1026 4180 1088 4241 lor·
1113 4160 1115 4194 ¹
1143 4185 1360 4263 repetitionem
1375 4183 1466 4246 abeis
1482 4184 1607 4261 exigant
1621 4181 1752 4257 singulis
1767 4179 1883 4251 diebus,

342 4281 420 4336 tasse
440 4289 513 4336 cuin
533 4273 647 4352 aliquo,
665 4273 703 4335 cb
717 4273 849 4350 insignis
863 4289 949 4353 spem
971 4273 1088 4353 prolec-
1113 4280 1114 4323 t
1143 4278 1253 4356 quibus
1284 4278 1389 4356 legere
1416 4284 1584 4351 tenentur,
1613 4291 1667 4354 per
1689 4275 1796 4336 horam
1818 4279 1885 4352 post

343 4375 392 4430 tus
413 4367 463 4428 vel
484 4366 542 4428 alia
563 4367 701 4445 legitima
718 4368 818 4444 causi,
835 4367 1013 4430 censuerint
1028 4368 1087 4430 lec·
1113 4403 1115 4485 q
1142 4387 1284 4450 vesperas
1306 4371 1460 4434 auditores
1481 4387 1552 4432 snos
1574 4368 1756 4434 exercendo.

342 4469 423 4523 teres
445 4461 683 4539 protrahendam
706 4477 771 4524 esse
792 4477 911 4523 moram
932 4463 969 4524 ad
992 4463 1115 4534 trien-2
1181 4482 1212 4526 x.
1236 4466 1421 4528 Prohibetur
1452 4481 1549 4544 aeque
1575 4463 1740 4526 lectoribus
1768 4479 1800 4524 ac
1820 4468 1886 4523 stu·
1937 4469 2116 4566 oaegressue

342 4556 442 4630 nium,
465 4554 557 4633 idque
578 4570 649 4617 cnm
671 4554 898 4634 dispensatione
918 4553 1086 4632 inscriptis
1113 4598 1115 4633 ,
1142 4559 1287 4621 dentibus
1315 4559 1421 4622 diebus
1448 4559 1618 4622 lectionum
1640 4573 1655 4617 a
1676 4563 1835 4618 conventu
1855 4570 1886 4616 e·
1904 4531 2000 4566 ⁰⁰¹¹W¹¹
2016 4531 2038 4566 ‘¹'

329 4649 435 4728 patris
458 4648 615 4726 generalis
636 4655 666 4710 et
687 4665 789 4710 sacrae
818 4647 1084 4726 Congregattonts.
1112 4716 1115 4733 1
1143 4652 1229 4727 gredi
1260 4669 1455 4732 quacumque
1476 4651 1513 4714 de
1537 4653 1641 4725 causi,
1665 4650 1725 4713 nisi
1756 4649 1886 4727 expletis

122 4760 246 4808 caesenas
261 4763 323 4805 sunt
382 4761 411 4804 v.
435 4743 470 4805 ln
492 4741 637 4803 omnibus
658 4741 831 4818 collegiales
845 4741 978 4816 subsint,
993 4749 1086 4819 prout
1113 4750 1115 4842 t
1143 4745 1265 4821 integre
1285 4745 1468 4808 lectionibus
1489 4762 1522 4808 ac
1544 4744 1699 4807 exercitiis
1713 4743 1747 4805 ea
1762 4743 1812 4805 die
1826 4757 1885 4820 qua

109 4813 324 4916 llllll³m⁶⁸‘³·
343 4835 792 4911 attaminaruoueuenuae
807 4836 979 4912 gatrauai,
994 4835 1085 4897 suaa
1112 4868 1115 4897 ÷
1143 4838 1399 4914 acrinetensi,
1422 4845 1452 4900 u
1475 4838 1507 4901 13
1530 4839 1588 4900 noc
1609 4838 1797 4915 guararanes
1819 4835 1886 4898 atrr-

341 4929 437 4993 ceteri
458 4929 568 4990 tratres
584 4930 622 4990 de
643 4929 767 5005 tamilla,
784 4947 817 4992 ac
831 4931 926 4992 ceteri
942 4930 1084 5004 lectores3
1112 4905 1115 5001 l
1143 4938 1253 5008 genter
1283 4931 1459 5008 incumbat3
1483 4931 1559 4994 etsi
1581 4932 1683 4994 theses
1710 4931 1816 4994 eadem
1838 4931 1886 4994 die

342 5039 375 5086 ac
397 5022 495 5085 dehis
516 5023 676 5098 habeatur,
693 5023 768 5084 dum
790 5023 823 5084 in
837 5023 1004 5086 seminario
1018 5038 1086 5102 per·
1112 5034 1115 5142 t
1141 5024 1325 5100 habeantur,
1348 5025 1545 5101 guardianus,
1565 5025 1590 5085 si
1613 5025 1653 5086 ita
1676 5005 1820 5102 expedire
1841 5023 1886 5085 vi·

342 5116 526 5190 manserint,
555 5115 662 5177 eadem
685 5116 777 5192 ratio,
800 5133 833 5179 ae
853 5117 879 5178 si
902 5117 996 5180 huius
1018 5132 1088 5194 pro·
1113 5147 1115 5160 =
1141 5117 1274 5193 debitur,
1297 5117 1435 5180 absolute
1456 5117 1610 5180 licentiam
1632 5119 1774 5193 deneget.

341 5209 462 5272 vinciae
472 5208 582 5270 fratres
596 5216 711 5283 essent,
728 5215 796 5272 tum
811 5210 888 5273 circa
904 5210 1086 5289 praeceden-
1113 5204 1115 5294 l
1182 5227 1226 5271 xv.
1251 5211 1448 5274 lnterdicitur
1470 5211 1583 5290 pariter
1604 5211 1768 5274 lectoribus
1789 5224 1886 5288 aeque
1953 5211 2115 5276 incarnatur

342 5302 416 5364 tiam
438 5303 523 5364 iuxta
538 5301 767 5380 susceptionem
778 5303 912 5379 habitus,
924 5310 993 5364 tum
1008 5303 1086 5366 circa
1142 5321 1174 5366 ac
1200 5303 1335 5368 alumnis
1363 5303 1672 5385 quadragesimalium
1700 5304 1885 5366 concionum
1904 5265 2117 5365 ssffiffssuaffl
2166 5349 2168 5355 ι

342 5395 460 5474 reliqua
476 5411 585 5458 eorum
600 5395 751 5471 religiosis
766 5395 999 5458 necessitatibus
1013 5411 1085 5458 con·
1112 5440 1114 5483 i
1141 5415 1249 5460 cursus
1270 5397 1406 5476 aggredi,
1420 5406 1450 5460 et
1471 5397 1664 5461 solummodo
1686 5397 1885 5476 permittatur
1981 5439 1983 5444 ι

343 5489 512 5564 venientia,
529 5488 692 5568 dequibus
707 5498 794 5568 pater
809 5489 1009 5566 guardianus,
1021 5505 1085 5552 non
1112 5486 1114 5569 l
1141 5492 1339 5555 studentibus
1357 5507 1537 5554 sermonem
1552 5491 1687 5569 aliquem
1697 5498 1751 5552 aut
1764 5490 1884 5552 concio-

342 5598 429 5645 secus
450 5600 483 5645 ac
498 5582 633 5661 reliquos
647 5583 695 5643 sui
711 5590 886 5646 conventus
901 5582 1021 5658 iratres,
1035 5599 1085 5646 eos
1142 5601 1214 5648 nem
1236 5586 1395 5648 interdum
1419 5585 1497 5646 inira
1512 5600 1630 5646 annum
1652 5583 1764 5644 hahere
1778 5583 1817 5645 ob
1830 5583 1884 5644 ali-

342 5677 527 5756 providebit,
550 5677 608 5739 sub
628 5675 736 5738 iisdem
758 5676 866 5755 poenis
887 5693 964 5755 quae
979 5684 1086 5739 contra
1141 5693 1234 5756 quam
1255 5685 1469 5740 occurrentem
1495 5677 1712 5751 testivitatem,
1739 5683 1792 5738 aut
1813 5691 1885 5755 qua-

343 5760 527 5847 g‘uardianos
548 5771 578 5834 id
602 5771 704 5848 ipsum
731 5770 794 5832 suis
826 5769 972 5833 iratribus
1000 5785 1086 5848 prae-
1112 5800 1114 5818 =
1141 5771 1283 5847 draginta
1316 5771 1480 5844 horarum,
1503 5787 1537 5832 ac
1557 5768 1702 5832 similiter
1723 5769 1756 5830 in
1777 5769 1884 5832 mensa

340 5870 423 5925 stare
444 5863 640 5941 negligentes
661 5881 677 5925 3
697 5865 820 5926 statutis
841 5862 981 5926 decretae
994 5870 1084 5940 sunt;
1141 5863 1191 5925 vel
1212 5864 1245 5926 in
1274 5873 1443 5939 conventu,
1466 5865 1502 5926 ad
1524 5863 1581 5925 hoc
1602 5867 1637 5924 ut
1665 5861 1801 5940 prompti
1821 5863 1884 5924 sint

341 5956 522 6019 vestiarium
544 5973 618 6020 vero
639 5965 725 6036 pater
747 5956 899 6034 generalis
920 5957 969 6022 vel
987 5974 1002 6017 a
1017 5971 1086 6035 pro-
1141 5957 1176 6018 ad
1197 5956 1375 6019 huiusmodi
1390 5955 1574 6018 exercitium
1591 5954 1791 6018 subeundum
1806 5959 1884 6016 tem·

152 2031 270 2078 t'ormula
287 2033 325 2080 iu·

109 2086 228 2132 rumenti.
