4880 6982
156 573 215 627 An.
230 574 260 626 C.
281 573 350 625 1718

1048 578 1189 625 stannus
1211 575 1255 622 Xl.

379 712 492 792 populo
519 726 664 786 romano,
693 709 821 788 aliisque
842 705 1003 786 quibusvis
1024 719 1125 783 perso-

379 808 439 882 nis,
461 805 519 868 sub
540 805 788 884 quibuscumque
815 801 983 863 verborum
1013 798 1125 861 tenori-

379 902 437 963 bus
459 907 489 961 et
511 899 629 973 formis,
651 915 685 960 ac
705 914 777 960 cunr
792 897 952 974 quibusvis
967 894 1057 954 etiam
1075 893 1126 954 de-

378 993 606 1070 rogatoriarum
628 990 845 1068 derogatoriiS,
874 989 1003 1066 aliisque
1028 985 1126 1048 eliica·

379 1087 523 1160 claribus,
547 1084 761 1148 efficacissimis
782 1091 812 1144 et
833 1081 966 1143 insolitis
982 1079 1126 1142 clausulis

379 1195 520 1242 necnon
548 1179 759 1251 irritantibus,
790 1183 821 1236 et
848 1175 913 1236 aliis
941 1173 1071 1236 decretis
1094 1173 1126 1234 in

379 1289 494 1350 genere
515 1272 566 1334 vel
588 1272 619 1333 in
636 1273 735 1350 specie
750 1289 783 1333 ac
797 1269 870 1332 alias
885 1269 917 1330 in
933 1265 1125 1330 contrarium

380 1365 608 1446 quomodolibet
628 1366 788 1440 concessis,
804 1363 974 1442 approbatis
990 1367 1020 1422 et
1037 1360 1126 1421 inno·

379 1461 467 1534 vatis,
491 1460 602 1540 quibus
623 1460 767 1521 omnibus
789 1467 820 1520 et
840 1455 983 1534 singulis,
1006 1454 1124 1516 etiarnsi

380 1571 435 1632 pro
456 1553 583 1616 illorum
604 1551 771 1616 sufficienti
791 1551 991 1628 derogatione
1012 1550 1048 1610 de
1066 1547 1125 1608 illis

380 1663 551 1726 eorumque
573 1648 643 1710 totis
671 1647 830 1709 tenoribus
855 1644 1004 1722 specialis,
1031 1641 1125 1720 speci·

381 1744 446 1816 dca,
470 1755 610 1820 expressa
632 1749 662 1804 et
684 1741 842 1802 individua
864 1756 897 1800 ac
918 1739 955 1800 de
976 1737 1072 1798 verbo
1089 1735 1125 1796 ad

379 1837 523 1910 verbum,
546 1849 610 1898 non
632 1842 737 1897 autem
759 1849 815 1912 per
835 1831 984 1896 clausulas
998 1846 1125 1908 genera-

380 1930 423 1991 les
445 1930 526 1992 idem
548 1929 750 2007 imponantes
772 1927 901 1998 mentio,
924 1941 977 1986 seu
1000 1923 1126 2003 quaevis

378 2023 435 2084 alia
457 2022 612 2100 expressio
633 2020 782 2093 habenda,
806 2026 857 2080 aut
878 2017 979 2098 aliqua
1000 2017 1057 2078 alia
1074 2034 1127 2080 ex-

379 2116 490 2194 quisita
511 2115 608 2177 torma
628 2113 663 2176 ad
685 2115 742 2176 laec
763 2113 913 2176 servanda
945 2111 1035 2185 iuret,
1058 2109 1127 2172 illo·

380 2225 451 2272 rum
475 2219 607 2283 tenores,
631 2225 743 2282 causas,
766 2209 891 2282 lormas,
909 2215 938 2268 et
954 2205 1126 2268 occasiones

380 2319 434 2382 pro
465 2303 558 2381 plene
579 2312 610 2364 et
635 2303 827 2364 sufficienter
858 2301 1009 2378 expressis
1035 2315 1069 2360 ac
1089 2297 1126 2360 de

380 2397 474 2458 verbo
496 2397 531 2458 ad
561 2397 691 2458 verbum
725 2395 846 2457 insertis
878 2395 1037 2468 babentes,
1066 2393 1126 2454 illis

379 2491 452 2552 alias
475 2489 506 2551 in
528 2505 585 2550 suo
605 2489 716 2551 robore
736 2488 960 2568 permansuris,
983 2487 1018 2547 ad
1041 2501 1126 2564 prae-

380 2585 547 2647 missorum
568 2583 791 2645 validissimum
819 2584 962 2644 ellectum
986 2581 1040 2642 trac
1060 2580 1125 2642 vice

379 2681 529 2740 duntaxat
543 2678 715 2756 specialiter
729 2685 759 2738 et
774 2693 928 2755 expresse,
944 2681 1033 2737 motu
1047 2673 1124 2752 pari,

380 2773 489 2834 barum
511 2772 602 2846 serie,
619 2773 803 2848 derogamus
818 2778 849 2831 et
863 2771 1044 2844 derogatum
1059 2783 1126 2828 csse

380 2867 534 2940 volumus,
557 2865 729 2942 ceterisque
750 2863 911 2927 contrariis
926 2861 1126 2942 quibuscum·

379 2977 450 3038 que.

419 3053 487 3128 §e
513 3052 664 3115 Volumus
684 3059 788 3113 autern
811 3051 891 3129 quod
915 3050 946 3111 in
962 3055 1123 3120 eventum,

381 3147 411 3208 in
433 3163 528 3226 quem
550 3145 690 3208 blonachi
716 3144 841 3224 praelati
863 3144 895 3205 in
923 3143 1004 3205 dicto
1025 3141 1125 3219 hospi-

380 3241 422 3302 tio
445 3241 581 3302 babitare
602 3238 761 3313 desierint,
781 3237 869 3310 nnio,
886 3235 1018 3298 annexio
1033 3242 1064 3296 et
1079 3235 1125 3295 in-

379 3334 548 3412 corporatio
570 3332 718 3412 praelatae
739 3347 795 3410 pro
816 3347 879 3392 non
895 3330 980 3392 lactis
995 3329 1127 3390 habean-

380 3435 443 3501 tur,
460 3427 589 3504 illaeque
604 3425 822 3500 dissolvantur,
838 3433 869 3486 et
885 3423 1049 3487 dissolutae
1063 3427 1126 3486 sint

379 3530 410 3584 et
430 3537 497 3583 esse
524 3529 708 3583 censeantur
728 3535 765 3582 eo
787 3520 862 3598 ipso,
885 3526 915 3582 et
937 3519 1054 3582 dictum
1076 3521 1125 3581 be·

379 3615 526 3677 nedcium
548 3613 584 3676 ad
605 3614 767 3692 pristinam
794 3614 842 3675 sui
874 3613 957 3674 tituli
990 3612 1125 3676 collativi

379 3715 523 3770 naturam
545 3715 730 3770 revertatur.

418 3803 437 3877 ἓ
457 3801 487 3864 6.
509 3800 595 3863 Nulli
617 3817 690 3878 ergo
712 3801 842 3862 omnino
857 3800 1125 3882 hominumliceat

378 3895 457 3956 hanc
478 3895 620 3973 paginam
643 3903 765 3957 nostrae
786 3895 1000 3970 absolutionis,
1022 3903 1126 3958 motus

378 3988 506 4066 proprii,
528 3987 666 4062 unionis,
690 3987 883 4062 annexionis,
907 3988 1125 4068 incorporatio-

379 4082 438 4155 nis,
461 4081 588 4155 decreti,
611 4081 819 4158 derogationis
841 4089 872 4143 ct
893 4081 1062 4145 voluntatis
1077 4083 1124 4144 in-

378 4173 527 4251 tringere,
550 4175 601 4235 vel
621 4175 649 4236 ei
670 4191 745 4237 ausu
769 4175 932 4236 temerario
958 4177 1121 4238 contraire.

379 4267 412 4330 Si
430 4269 498 4346 quis
512 4275 616 4329 autem
631 4269 689 4330 lroc
703 4275 857 4330 attentare
871 4270 1123 4347 praesumpserit,

379 4362 626 4438 indignationem
641 4361 865 4440 omnipotentis
879 4363 944 4436 Dei,
957 4371 988 4424 et
1000 4363 1057 4424 ΒΒ.
1071 4363 1125 4425 Pe·

378 4456 420 4517 tri
435 4462 465 4517 et
480 4454 565 4517 Pauli
581 4455 798 4534 Apostolorum
813 4457 879 4518 eius
892 4471 925 4518 se
940 4459 1063 4519 noverit
1078 4458 1125 4519 in·

378 4567 555 4612 cursurum.

319 4645 326 4658 '
419 4645 530 4705 batum
545 4643 670 4718 Romae,
683 4644 761 4722 apud
777 4644 808 4707 S.
823 4644 949 4706 Mariam
965 4646 1123 4722 blaiorem,

378 4753 461 4800 anno
482 4737 702 4799 lncarnationis
730 4737 906 4799 Dominicae
927 4755 1123 4816 nnccxvnr.,

380 4848 423 4892 rx.
447 4831 508 4894 kal.
533 4830 622 4905 iunii,
646 4830 757 4908 pontit.
779 4832 877 4892 nostri
898 4849 980 4894 anuo
1001 4847 1090 4894 xvrn.

634 5085 872 5095 w

708 5301 796 5367 nvn.

384 5488 556 5570 Confirmat
580 5499 608 5553 ct
625 5493 758 5554 iactarat
774 5491 1038 5552 constitutionem
1058 5489 1124 5551 dle-

420 5584 536 5644 racntt's
550 5583 576 5644 X
579 5627 601 5656 .,
614 5600 675 5661 qun
690 5583 861 5660 privilegiu
873 5581 1054 5658 personalia
1067 5595 1123 5656 pro

419 5677 594 5754 prouinciis
608 5679 756 5756 fratrum
769 5675 930 5740 Minorem
946 5673 1133 5736 discalcea-¹

423 5778 530 5834 tor'atnt
552 5771 586 5832 ia
603 5771 748 5833 Brasiliu
770 5775 964 5831 revocantur
984 5767 1040 5848 (l).

422 5986 451 6041 (tt
467 5987 504 6029 Ex
518 5985 621 6042 Regeat.
639 5985 665 6028 in
681 5985 755 6030 arch.
771 5989 844 6030 Brev.

1849 560 1907 623 327
1959 560 2011 614 An.
2026 561 2056 614 (l.
2078 561 2147 612 1718

1380 749 1567 820 thMEds
1590 749 1717 818 ee.xt

1321 885 1786 956 mmmmmmm

1220 1079 1374 1140 Admonet
1407 1094 1462 1140 nos
1493 1081 1627 1158 suscepti
1659 1095 1730 1141 cura
1766 1077 1928 1155 regiminis
1974 1084 2121 1132 exoratum.

1181 1171 1365 1234 universalis
1399 1172 1562 1246 Ecclesiae,
1586 1181 1619 1234 ut
1647 1172 1709 1246 illa,
1733 1187 1810 1252 quae
1833 1189 1848 1232 a
1871 1171 1927 1233 llo·

1179 1265 1279 1326 manis
1295 1265 1493 1328 Pontificibus
1506 1264 1787 1342 praedecessoribus
1803 1263 1927 1336 nostris,

1180 1374 1237 1436 pro
1268 1358 1349 1420 lelici
1370 1358 1630 1433 christifidelium,
1654 1359 1719 1436 qui,
1742 1357 1929 1434 abnegantes

1180 1452 1370 1531 semetipsos,
1394 1469 1412 1512 e
1433 1452 1577 1514 ductibus
1598 1452 1711 1514 saeculi
1729 1453 1761 1513 in
1777 1451 1928 1529 regularis

1180 1546 1261 1608 vitae
1292 1553 1416 1624 portum
1449 1545 1672 1622 confugerunt,
1702 1545 1872 1608 directione
1896 1553 1929 1606 et

1180 1640 1296 1717 quiete,
1308 1639 1473 1702 salubriter
1486 1641 1652 1702 constituta
1666 1655 1731 1714 esse
1742 1640 1928 1716 dignoscun-

1180 1742 1242 1807 tur,
1266 1749 1326 1812 quo
1353 1741 1520 1798 serventur
1542 1734 1574 1794 in
1597 1743 1755 1814 posterum
1778 1735 1926 1806 exactius,

1177 1827 1381 1901 innovemus,
1415 1836 1445 1888 et
1472 1828 1652 1906 apostolicae
1683 1827 1928 1890 confirmationis

1181 1929 1303 1982 nostrae
1325 1922 1494 1999 patrocinio
1515 1920 1775 1984 constabiliamus.

1219 2016 1238 2090 ἓ
1260 2013 1288 2074 l.
1313 2015 1434 2077 Dudum
1456 2014 1609 2092 siquidem
1631 2031 1646 2076 a
1667 2015 1764 2077 lelicis
1789 2014 1928 2078 recorda·
1947 2019 2159 2084 C0⁰Stit¹1ti⁰ssle
2249 2069 2253 2078 .

1180 2109 1272 2171 tionis
1294 2108 1455 2170 Clemente
1477 2109 1531 2170 PP.
1556 2109 1593 2172 X.
1618 2108 1850 2188 praedecessore
1873 2125 1927 2172 no·
1946 2077 2159 2182 i'i‘i'dddtaxjidd'rss

1178 2211 1242 2264 stro
1257 2209 1441 2266 emanarunt
1457 2200 1578 2264 litterae
1590 2203 1621 2264 in
1637 2202 1732 2264 simili
1745 2203 1844 2264 formal
1856 2204 1928 2266 Bre·
1946 2182 2159 2294 θξξὲῃξξῗζῑξξῗνᾞ

1179 2296 1237 2370 vis,
1262 2297 1376 2358 tenoris
1398 2297 1451 2374 qui
1472 2296 1625 2372 sequitur,
1647 2296 1804 2358 videlicet:
1947 2245 2014 2387 [egla
2024 2301 2159 2390 ,11)ξῆᾗῇῐίᾒέ

1222 2391 1361 2454 Clemens
1394 2389 1456 2450 ΡΡ.
1492 2391 1547 2462 X„
1580 2391 1621 2452 cd
1655 2399 1843 2468 perpetuant
1880 2391 1927 2452 rei
1946 2375 2071 2462 excisus,
2099 2409 2159 2444 cum

1179 2485 1375 2546 aamercort.
1415 2485 1604 2548 sacrosancti
1640 2485 1827 2562 apostolatus
1862 2484 1927 2546 osb·
1947 2451 2158 2551 ldalf'dlstlddn'

1179 2578 1275 2652 cium,
1299 2587 1355 2641 etc.
1380 2576 1436 2656 (Ξ).

1220 2671 1333 2734 Datum
1361 2673 1485 2748 Romae,
1519 2675 1597 2751 apud
1628 2673 1657 2736 S.
1683 2673 1809 2736 nariam
1837 2673 1927 2736 blaio·

1180 2781 1258 2839 reru,
1280 2765 1338 2828 sub
1361 2767 1478 2830 annulo
1499 2767 1670 2840 Piscatoris,
1694 2766 1743 2860 die
1764 2783 1820 2828 vn.
1844 2775 1928 2829 octo·-

1181 2858 1244 2920 bris
1259 2875 1440 2935 nnccxxn„
1454 2860 1648 2938 pontificatus
1664 2861 1761 2922 nostri
1778 2876 1862 2922 anno
1877 2877 1926 2921 nr.

1221 3047 1289 3122 §2
1314 3047 1395 3110 Cum
1426 3055 1544 3122 autem,
1566 3047 1645 3111 sicut
1667 3047 1769 3112 dilecti
1793 3048 1848 3110 dlii
1870 3047 1928 3110 ira·
1993 3058 2157 3122 coquinario

1182 3147 1244 3202 tres
1268 3141 1498 3220 provinciarum
1521 3141 1552 3206 S.
1578 3143 1704 3205 Antonii
1726 3150 1757 3204 et
1779 3143 1929 3204 lmmacu-
1946 3118 2159 3217 ddddddddid‘ddi

1180 3233 1258 3295 tavae
1279 3235 1496 3314 conceptionis
1518 3235 1550 3296 tn
1573 3237 1698 3298 erasure
1725 3236 1847 3300 oratus
1869 3235 1928 3296 na-
1946 3217 2016 3317 ?,gtg
2041 3224 2159 3324 rggpgqg

1182 3337 1264 3397 trum
1287 3329 1442 3391 Minorum
1466 3329 1568 3394 Sancti
1589 3330 1742 3392 Francisci
1765 3330 1927 3414 Discalcea-
1946 3325 2159 3425 ‹rtgfflpuvnegu-

1183 3429 1286 3484 torum
1308 3431 1561 3501 nuncupatorum
1583 3423 1671 3486 nobis
1693 3440 1792 3501 nuper
1815 3423 1928 3502 exponi
2006 3413 2011 3423 ’

1181 3512 1332 3590 lecerunt,
1351 3515 1417 3595 ipsi,
1435 3532 1475 3578 ne
1491 3516 1522 3578 in
1538 3525 1698 3595 posterum
1713 3517 1746 3578 in
1760 3517 1928 3596 provinciis

1182 3608 1359 3671 huiusmodi
1374 3610 1551 3672 ambitionis
1566 3619 1596 3672 et
1610 3611 1807 3673 relaxationis
1822 3609 1927 3672 laxen-

1182 3707 1233 3764 tur
1255 3702 1401 3777 habenae,
1424 3705 1628 3782 praeiusertas
1656 3704 1773 3766 litteras
1794 3720 1849 3782 per
1872 3721 1927 3765 nos

1180 3795 1368 3871 confirmari,
1391 3814 1423 3858 ac
1444 3797 1516 3858 alias
1537 3805 1713 3877 opportune
1733 3798 1765 3859 in
1782 3799 1927 3876 praemis-

1179 3888 1221 3950 sis
1241 3905 1257 3950 a
1279 3890 1366 3952 nobis
1387 3893 1544 3970 provideri
1565 3900 1595 3954 et
1616 3899 1652 3954 ut
1672 3892 1752 3954 inira
1770 3891 1927 3969 indulgeri

1180 3983 1352 4061 plurimum
1367 3984 1557 4047 desiderent:
1575 4003 1642 4060 nos,
1656 3986 1826 4048 inviolabili
1841 4001 1926 4064 prae-

1180 4077 1370 4140 insertarum
1392 4079 1566 4142 litterarum
1588 4081 1806 4157 observationi,
1829 4095 1924 4159 quan-

1181 4175 1248 4232 tum
1269 4189 1341 4235 cum
1373 4174 1503 4236 Domino
1533 4190 1708 4252 possumus,
1738 4175 1926 4253 peramplius

1179 4265 1357 4328 consultum
1379 4282 1443 4328 esse
1475 4268 1646 4346 cupientes,
1669 4268 1812 4346 ipsosque
1832 4283 1926 4346 expo-

1181 4366 1290 4426 nentes
1310 4359 1493 4438 specialibus
1508 4361 1663 4423 lavoribus
1684 4367 1715 4422 et
1736 4361 1842 4437 gratiis
1855 4377 1925 4440 pro-

1179 4455 1266 4531 sequi
1296 4455 1448 4529 volentes,
1472 4462 1503 4516 et
1523 4469 1632 4516 eorum
1663 4455 1836 4532 singulares
1857 4471 1925 4536 per·

1178 4563 1268 4608 sonas
1288 4565 1304 4607 a
1325 4548 1485 4626 quibusvis
1505 4549 1844 4623 excommunicationis,
1860 4566 1926 4611 sus·

1180 4641 1338 4719 pensionis
1359 4649 1389 4704 et
1410 4641 1579 4716 interdicti,
1596 4642 1723 4720 aliisque
1745 4642 1925 4704 ecclesiasti-

1179 4735 1221 4796 cis
1242 4735 1417 4810 sententiis,
1445 4737 1582 4798 censuris
1610 4742 1640 4796 et
1668 4737 1790 4814 poenis,
1818 4753 1834 4796 a
1858 4735 1925 4798 iure

1181 4827 1230 4888 vel
1251 4829 1288 4890 ab
1309 4829 1448 4904 homine,
1470 4830 1578 4908 quavis
1599 4830 1757 4892 occasione
1771 4830 1821 4891 vel
1835 4831 1924 4891 causa

1179 4921 1259 4996 latis,
1274 4921 1299 4982 si
1314 4922 1426 5000 quibus
1439 4921 1670 5000 quomodolibet
1683 4923 1847 4985 innodatae
1861 4924 1926 4984 exi-

1178 5021 1278 5090 stunt,
1300 5016 1336 5076 ad
1357 5015 1503 5078 ellectum
1534 5017 1744 5095 praesentium
1765 5017 1925 5078 dumtaxat

1179 5109 1443 5188 consequendum,
1459 5111 1570 5172 laarurn
1591 5110 1671 5172 serie
1684 5110 1879 5172 absolventes
1894 5116 1925 5171 et

1179 5202 1330 5264 absolutas
1357 5201 1423 5265 lore
1454 5211 1626 5278 censentes,
1650 5203 1924 5282 supplicationibus

1180 5311 1289 5358 eorum
1311 5297 1439 5360 nomine
1459 5297 1547 5358 nobis
1567 5313 1660 5376 super
1681 5298 1737 5358 hoc
1762 5295 1925 5359 humiliter

1179 5391 1326 5466 porrectis
1340 5391 1492 5465 inclinati,
1506 5391 1542 5452 de
1554 5391 1780 5454 venerabilium
1790 5389 1924 5453 fratrum

1179 5491 1359 5547 nostrorum
1381 5485 1411 5548 S.
1436 5484 1472 5547 R.
1497 5485 1531 5547 Ε.
1557 5485 1767 5548 cardinalium
1792 5484 1924 5561 negotiis

1178 5586 1208 5639 et
1229 5579 1506 5640 consultationibus
1528 5580 1749 5658 Episcoporum
1770 5587 1802 5641 et
1823 5578 1924 5654 Regu-

1177 5669 1303 5747 larium,
1317 5672 1371 5751 qui
1381 5672 1528 5735 dilectum
1540 5673 1641 5736 tilium
1655 5675 1841 5736 modernum
1854 5689 1924 5752 pro-

1178 5773 1353 5828 curatorem
1380 5767 1558 5844 generalem
1584 5767 1656 5832 dicti
1684 5767 1806 5832 Ordinis
1831 5783 1924 5846 super

1151 5985 1155 6040 Ι
1221 5986 1250 6044 (⁴3)
1267 5985 1377 6043 Reliqua
1391 5985 1449 6030 vide
1464 5985 1517 6031 l'ol.
1533 5988 1561 6042 l.,
1575 5995 1632 6046 pag.
1647 5986 1694 6032 406.
