4878 6982
351 525 403 583 An.
418 533 447 584 d.
470 533 537 582 1699

361 680 456 741 ‘Preces
471 679 550 742 patris

337 733 482 831 fflfflm
498 733 550 778 Sal·

593 531 650 594 tue

608 670 677 745 ἐξ.
701 671 779 732 llum
800 674 915 742 autem,
937 668 1015 730 sicut
1036 669 1143 730 eadem
1164 667 1313 745 expositio

567 765 783 842 subiungebat,
807 777 842 826 ut
863 761 1090 824 conservationi
1106 761 1257 838 regularis
1270 761 1314 823 di-

567 859 714 936 sciplinae
728 857 760 920 in
775 857 853 918 dicta
869 857 1024 935 provincia
1039 857 1225 936 peramplius
1241 871 1312 918 con-

566 951 685 1013 sultum
706 951 756 1024 sit,
780 967 843 1012 non
864 956 988 1011 tanturn
1004 950 1195 1026 generaliter
1208 948 1311 1012 decre-

567 1052 635 1106 lum
663 1044 869 1121 capitulorum
900 1043 1093 1120 generalium
1121 1044 1310 1116 huiusmodi,

566 1138 620 1200 sed
640 1137 767 1216 insuper
787 1136 964 1215 specialiter
991 1153 1096 1198 earum
1120 1136 1312 1198 constitutio-

567 1247 644 1294 num
665 1247 719 1292 seu
742 1230 984 1306 ordinationum,
1008 1246 1065 1308 per
1085 1247 1159 1308 quas
1180 1229 1312 1309 disponi-

567 1332 618 1386 tur
639 1331 674 1386 nt
695 1340 757 1385 nun
779 1324 881 1385 solum
909 1322 1020 1385 iratres
1050 1323 1221 1385 secundum
1250 1340 1311 1385 car·

566 1434 652 1493 nem,
676 1433 788 1479 verum
810 1419 904 1480 etiam
925 1417 974 1479 alii
1001 1417 1189 1495 quicumque
1213 1417 1311 1495 primo

567 1521 599 1576 et
619 1511 756 1574 secundo
780 1509 1056 1587 consanguinitatis
1084 1508 1135 1570 vel
1156 1509 1311 1572 affinitatis

567 1608 662 1683 gradu
683 1607 767 1670 inter
787 1621 820 1667 se
841 1604 998 1667 coniuncti
1011 1619 1068 1665 seu
1082 1620 1115 1664 se
1130 1603 1309 1676 attinentes,

565 1700 623 1762 sibi
644 1699 782 1762 invicem
804 1699 836 1760 in
857 1697 1042 1776 prioratibus
1058 1697 1124 1758 sive
1139 1697 1311 1774 provincia·

566 1793 646 1856 libus
666 1794 731 1854 sive
759 1791 1016 1854 conventualibus
1043 1791 1222 1852 immediate
1244 1807 1311 1852 suc-

565 1888 675 1950 cedere
697 1894 867 1965 nequeant,
890 1885 1117 1947 observantiam
1139 1885 1171 1946 in
1187 1885 1311 1962 pruvin-

565 1980 608 2042 cia
629 1981 805 2043 huiusmodi
837 1979 1014 2042 demandari
1046 1994 1173 2040 necesse
1194 1979 1245 2052 sit,
1268 1985 1310 2039 at·

566 2081 653 2136 tento
677 2073 857 2152 praesertim
877 2073 959 2150 quod
973 2072 1092 2150 priores
1107 2071 1311 2150 provinciales

479 2206 484 2214 -
565 2168 662 2230 dictae
693 2165 869 2245 provinciae
901 2181 956 2242 pro
987 2172 1126 2244 tempore
1147 2165 1249 2239 electi,
1272 2180 1309 2225 es

565 2261 728 2340 privilegio
750 2277 766 2320 a
788 2259 866 2322 Sede
889 2259 1072 2336 apostolica,
1096 2266 1130 2320 ut
1151 2259 1309 2332 asseritur,

564 2369 720 2430 concesso,
750 2361 821 2416 ante
853 2353 1011 2415 obtentam
1043 2352 1311 2415 confirmationem

564 2447 725 2510 electionis
741 2448 777 2510 de
793 2448 931 2525 ipsorum
943 2445 1082 2526 personis
1096 2445 1202 2520 iactae,
1214 2447 1311 2524 ipsam

565 2541 755 2620 provinciam
790 2540 894 2602 statim
929 2541 1104 2616 gubernare
1139 2539 1309 2617 incipiant,

564 2635 713 2712 adeoque,
745 2650 817 2696 cum
849 2634 970 2696 litterae
1002 2650 1056 2712 pro
1085 2641 1225 2710 tempore
1247 2633 1311 2693 eni-

563 2728 674 2790 stentis
695 2727 833 2804 magistri
855 2726 1011 2804 generalis
1031 2726 1152 2790 Ordinis
1167 2727 1312 2804 praedicti

563 2837 657 2903 super
672 2821 907 2885 confirmatione
920 2819 1095 2883 huiusmodi
1108 2821 1233 2882 nonnisi
1244 2829 1312 2898 post

565 2919 641 2980 duos
667 2931 800 2980 annosa
829 2921 970 2994 tempore
1001 2921 1123 2978 secutae
1155 2914 1312 2976 electionis

1090 551 1154 594 lllll·
1179 549 1268 594 ebur.
1294 549 1333 592 DE
1356 547 1384 592 P·
1409 547 1542 600 ursus
1565 549 1584 594 l.

1369 668 1537 728 attinentes
1558 667 1615 729 sibi
1638 667 1670 728 in
1685 667 1793 730 olliciis
1808 667 2053 746 provincialibus
2068 667 2121 728 vel

1368 760 1550 838 prioratibus
1566 777 1629 824 non
1643 763 1823 839 succedant3
1846 761 1937 840 idque
1952 763 2073 841 pariter
2086 763 2120 824 in

1369 853 1501 932 capitulo
1526 854 1692 917 Valentino
1717 871 1798 918 anno
1827 873 1958 918 nuncvt.
1985 871 2122 933 congre-

1369 955 1438 1024 gato
1460 965 1516 1026 pro
1536 951 1692 1027 provincii
1712 949 1883 1012 Fainarliae
1904 951 2049 1014 eiusdem
2065 951 2122 1015 Or-

1368 1041 1448 1103 dinis
1469 1041 1649 1106 demandari
1664 1063 1692 1103 a:
1717 1043 1804 1105 nobis
1832 1052 1993 1122 propterea
2018 1046 2120 1108 dictus

1368 1135 1576 1214 Hieronymus
1606 1137 1766 1199 humiliter
1790 1138 1954 1216 supplicari
1980 1138 2057 1202 lecit
2085 1147 2120 1200 ut

1367 1229 1400 1290 in
1422 1229 1596 1307 praemissis
1628 1237 1802 1309 opportune
1833 1233 1996 1310 providere
2028 1241 2062 1294 et
2084 1243 2120 1294 ut

1368 1321 1447 1384 inlra
1474 1323 1638 1400 indulgere
1661 1325 1698 1386 de
1728 1325 1921 1401 benignitate
1953 1326 2119 1404 apostolica

1367 1416 1579 1494 dignaremur.

1407 1512 1425 1586 ἓ
1446 1512 1475 1573 3.
1499 1511 1560 1574 Nos
1582 1513 1689 1590 igitur,
1706 1514 1844 1576 eiusdem
1862 1514 2046 1592 Hieronymi
2064 1529 2119 1576 vo·
2210 1520 2328 1571 conflrm-

2140 1571 2185 1618 tio
2209 1571 2328 1624 laudata·

1369 1605 1406 1666 tis
1427 1604 1482 1667 hac
1499 1606 1531 1668 in
1547 1621 1592 1679 re,
1609 1613 1762 1683 quantum
1778 1623 1850 1670 cnm
1865 1609 1995 1670 Domino
2012 1625 2119 1686 possu-
2140 1636 2196 1670 rum
2221 1630 2330 1674 consuu-

1368 1714 1447 1771 mns,
1469 1699 1678 1762 favorabiliter
1699 1716 1840 1762 annuere
1856 1703 2008 1776 volentes,
2026 1719 2120 1764 eum·

1366 1808 1426 1869 que
1447 1809 1462 1852 a
1484 1792 1644 1871 quibusvis
1675 1795 2019 1870 excommunicationis,
2051 1813 2119 1857 sus·

1368 1885 1522 1962 pensionis
1543 1893 1574 1946 et
1595 1886 1761 1961 interdicti,
1784 1885 1913 1964 aliisque
1934 1887 2120 1951 ecclesiasti-

1367 1977 1409 2038 cis
1430 1979 1607 2053 sententiis,
1637 1980 1778 2042 censuris
1803 1987 1833 2042 et
1859 1981 1981 2058 poenis,
2004 1998 2019 2041 a
2047 1981 2118 2042 iure

1366 2070 1416 2131 vel
1437 2071 1474 2133 ab
1495 2072 1632 2146 bomine,
1654 2074 1761 2152 quavis
1783 2075 1939 2136 occasione
1958 2076 2007 2137 vel
2026 2077 2117 2138 causa

1367 2163 1446 2238 latis,
1459 2166 1483 2226 si
1499 2166 1610 2244 quibus
1625 2166 1857 2244 quomodolibet
1872 2169 2037 2231 innodatus
2053 2171 2118 2230 exi·

1366 2257 1436 2332 stit,
1469 2258 1504 2318 ad
1537 2259 1680 2321 ellectum
1712 2261 1923 2338 praesentium
1955 2263 2118 2325 dumtaxat

1367 2353 1631 2429 consequendum,
1647 2352 1756 2414 barum
1775 2355 1855 2415 serie
1876 2353 2071 2417 absolventes
2087 2363 2119 2416 et

1367 2443 1541 2506 absolutum
1564 2445 1629 2506 iore
1650 2454 1823 2521 censentes,
1848 2448 2024 2510 huiusmodi
2045 2465 2119 2527 sup·

1368 2537 1581 2614 plicationibus
1597 2537 1746 2612 inclinati,
1764 2541 1801 2602 de
1815 2539 2041 2604 venerabilium
2057 2541 2118 2604 lra-

1369 2637 1452 2692 trum
1475 2637 1652 2694 nostrorum
1675 2630 1706 2693 S.
1724 2632 1759 2692 R.
1779 2633 1813 2694 E.
1832 2633 2043 2698 Carpinatium
2061 2651 2120 2697 ne-

1367 2723 1457 2798 gotiis
1478 2729 1510 2784 el
1531 2723 1807 2786 consultationibus
1839 2726 2060 2805 Episcoporum
2083 2737 2116 2790 et

1367 2815 1569 2892 Regularinm
1580 2817 1836 2895 praepositorum,
1850 2821 1903 2898 qui
1918 2821 2034 2884 dictum
2046 2838 2116 2900 pro

1367 2918 1540 2972 curatorem
1562 2911 1743 2986 generalem
1764 2929 1858 2990 super
1874 2915 2048 2991 praemissis
2064 2933 2116 2978 au-

564 3013 708 3074 decursos
739 3008 813 3072 illuc
845 3009 1042 3086 perveniant,
1066 3007 1190 3070 nullum
1212 3008 1310 3080 malis,
1366 3003 1526 3078 diverunt,
1549 3004 1688 3078 consilio,
1710 3006 1889 3068 enunciatas
1919 3008 2117 3070 constitutio-

565 3119 643 3182 quae
665 3103 721 3166 boc
740 3101 927 3164 intermedio
943 3109 1083 3180 tempore
1098 3117 1136 3162 ex
1152 3101 1312 3164 immedia·
1368 3113 1422 3158 nes
1438 3097 1643 3175 capitulorum
1659 3098 1853 3174 generalium
1868 3101 1991 3164 Ordinis
2007 3118 2117 3180 supra-

564 3199 603 3260 tis
623 3197 755 3259 lratrum
777 3196 827 3258 vel
848 3196 979 3258 aliorum
1005 3196 1308 3272 consanguineorum
1337 3163 1340 3242 l
1367 3189 1439 3252 dieti
1471 3191 1502 3252 in
1535 3192 1704 3254 memorata
1738 3193 1896 3268 provincia
1927 3195 1957 3258 S·
1993 3194 2118 3256 loannis

564 3299 617 3354 aut
631 3289 772 3352 ailinium
786 3289 1029 3351 successionibus
1046 3289 1222 3352 buiusmodi
1237 3289 1310 3351 oriri

564 3393 704 3464 possunt,
725 3382 900 3446 remedium
921 3383 958 3444 ab
973 3383 1037 3461 ipso
1054 3383 1200 3460 magistro
1216 3399 1310 3460 gene-

563 3478 620 3540 rali
641 3477 780 3540 adbiberi
798 3477 906 3556 possit;
923 3493 955 3538 ac
970 3477 1099 3555 proinde
1115 3477 1246 3539 dilectus
1261 3493 1310 3555 pa-

564 3571 644 3635 riter
664 3571 747 3632 filius
769 3571 936 3632 modernus
957 3578 1137 3648 procurator
1158 3571 1312 3647 generalis

565 3667 637 3729 dicti
658 3664 779 3729 Ordinis
801 3671 985 3726 memoratas
1006 3665 1243 3726 constitutiones
1256 3681 1311 3727 seu

565 3759 784 3831 ordinationes,
807 3775 892 3835 quas,
910 3764 944 3819 ut
965 3757 1011 3818 bis
1030 3757 1117 3820 malis
1133 3767 1311 3822 occurratur

565 3861 597 3916 et
618 3853 754 3928 regulari
776 3850 953 3929 disciplinae
980 3860 1176 3930 prospectum
1205 3853 1254 3926 sit,
1278 3853 1310 3914 in

565 3945 642 4008 dicta
665 3944 822 4022 provincia
851 3943 1018 4018 observari,
1041 3943 1120 4006 sicut
1141 3945 1312 4022 praemitti-

565 4047 630 4113 tur,
653 4043 779 4100 nec'esse
801 4043 858 4111 est,
881 4054 921 4099 er
941 4036 1071 4098 diversis
1099 4038 1239 4115 capitulis
1260 4054 1311 4114 ge-

565 4131 721 4196 neralibus
742 4130 863 4194 Ordinis
885 4131 1030 4209 praedicti
1045 4131 1216 4207 collegerit,
1232 4139 1264 4193 et
1279 4133 1310 4192 in

565 4224 716 4287 relatione
730 4223 785 4286 sui
796 4224 883 4286 dictis
894 4223 1106 4286 cardinalibus
1121 4239 1214 4301 snper
1225 4241 1311 4304 prue-

565 4319 666 4380 missis
695 4317 770 4380 lacta
798 4317 1013 4380 enunciaverit
1042 4335 1075 4382 ac
1101 4320 1310 4395 recensuerit,

566 4424 700 4486 nempe:
730 4407 795 4469 «in
822 4408 955 4487 capitulo
983 4407 1203 4472 vallisoletano
1231 4427 1311 4472 anno

566 4520 662 4567 nncv.
686 4501 851 4576 celebrato,
875 4502 1071 4564 ordinatione
1090 4519 1173 4578 xnu,
1191 4507 1311 4567 manda-

566 4604 632 4660 lum
649 4595 779 4676 reperiri
795 4595 877 4656 utin
893 4596 1060 4674 provinciis
1071 4597 1227 4659 indiarum
1240 4599 1310 4662 dicti

566 4689 689 4754 Ordinis
710 4689 770 4750 duo
790 4690 964 4752 secundum
985 4705 1110 4751 carnem
1131 4689 1239 4753 iratres
1254 4691 1310 4753 sibi

566 4783 703 4845 invicem
724 4783 757 4844 in
779 4783 963 4860 prioratibus
985 4789 1047 4844 tam.
1074 4784 1311 4860 provincialibus

567 4892 660 4955 quam
690 4875 949 4938 conventualibus
981 4875 1067 4936 nullo
1096 4885 1182 4954 pacto
1209 4894 1313 4940 succe-

568 4971 652 5043 dant,
675 4984 847 5046 eorumque
868 4967 1037 5030 electiones
1064 4976 1170 5031 contra
1192 4971 1313 5032 ordina-

570 5063 670 5125 tiones
702 5062 875 5124 buiusmodi
908 5062 1039 5123 formam
1070 5062 1160 5124 lautas
1188 5078 1226 5124 eo
1249 5062 1313 5141 ipso

568 5156 670 5218 irritas
691 5162 721 5216 et
743 5155 843 5216 nullas
864 5153 1011 5216 declarari
1032 5153 1220 5231 arderardi,
1236 5173 1269 5218 ac
1284 5155 1311 5216 id

569 5249 670 5326 ipsum
690 5247 785 5310 etiam
800 5255 889 5309 antea
905 5247 936 5308 in
952 5247 1084 5326 capitulo
1099 5247 1249 5324 Romano,
1265 5265 1314 5310 or-

569 5343 725 5405 dinatione
748 5357 815 5416 xm,
839 5357 894 5418 pro
926 5342 1082 5418 provincia
1113 5342 1312 5404 lombardiae

569 5436 690 5499 Ordinis
711 5434 858 5515 praedicti
880 5441 1031 5495 statutum
1046 5434 1155 5511 luisse;
1172 5435 1314 5513 quinimo

571 5529 603 5590 in
624 5529 758 5607 capitulo
780 5527 913 5602 Veneto,
935 5543 1018 5588 anno
1050 5544 1172 5590 nonen.
1198 5529 1311 5602 babilo,

570 5621 763 5683 ordinatione
791 5635 893 5694 nuru,
917 5637 972 5700 pro
999 5622 1154 5698 provincia
1180 5623 1210 5686 S.
1235 5622 1313 5684 Tho-

571 5730 639 5776 mae
654 5730 709 5776 seu
726 5715 852 5793 Apuliae
867 5715 988 5779 Ordinis
1003 5715 1180 5778 huiusmodi
1195 5717 1312 5794 disponi

572 5815 606 5869 nt
629 5809 728 5887 primo
749 5817 781 5871 et
804 5812 940 5872 secundo
967 5809 1242 5885 consanguinitatis
1264 5809 1314 5869 vel

572 5902 729 5966 allinitatis
751 5903 846 5982 gradu
873 5905 955 5966 inter
974 5919 1007 5964 se
1030 5903 1186 5966 coniuncti
1206 5919 1262 5966 seu
1282 5919 1314 5964 se

1338 4772 1342 4925 l

1368 3283 1518 3360 Baptistae
1540 3285 1571 3346 in
1594 3300 1692 3360 regno
1721 3286 1874 3360 Peruano,
1905 3286 1982 3349 itaut
2004 3287 2117 3350 iratres

1368 3375 1450 3437 illius
1472 3378 1581 3438 tamin
1596 3378 1696 3456 primo
1711 3394 1803 3455 qnam
1821 3379 1851 3440 in
1866 3383 2002 3442 secundo
2018 3381 2114 3457 gradu

1366 3469 1524 3532 coniuncti
1546 3470 1578 3531 in
1600 3470 1706 3532 olliciis
1734 3473 1871 3549 priorum
1899 3480 1959 3533 tam
1988 3474 2118 3552 provin-

1366 3563 1492 3624 cialium
1523 3579 1617 3641 quam
1648 3565 1903 3628 conventualium
1935 3567 2116 3628 immediate

1367 3655 1531 3718 succedere
1553 3664 1721 3734 nequeant,
1743 3657 1911 3734 observari,
1934 3663 2116 3722 auctoritate

1367 3750 1540 3826 apostolici,
1553 3760 1663 3812 tenore
1679 3752 1903 3829 praesentium,
1920 3755 2115 3831 mandamus;

1367 3843 1580 3908 salvatamen
1608 3859 1734 3922 semper
1755 3846 1786 3907 in
1815 3846 1986 3924 praemissis
2012 3855 2117 3911 ancto-

1369 3938 1459 4000 ritate
1490 3937 1660 4016 praedictae
1690 3939 1947 4016 Oongregationis
1970 3939 2115 4004 Cardina-

1370 4031 1458 4094 lium.

1408 4127 1426 4201 ἓ
1447 4127 1476 4188 b.
1496 4127 1717 4212 Decernuntes,
1733 4125 1857 4188 easdem
1873 4137 2050 4204 praesentes
2065 4131 2117 4194 lit-

1368 4227 1449 4282 teras
1463 4236 1586 4298 semper
1601 4221 1713 4294 Ormas,
1727 4221 1839 4282 validas
1854 4229 1885 4282 et
1900 4221 2035 4286 efficaces
2049 4228 2115 4288 exi-

1368 4323 1450 4376 stere
1471 4321 1501 4376 et
1518 4315 1593 4389 lore,
1609 4331 1741 4394 suosque
1764 4315 1915 4393 plenarios
1931 4326 1960 4380 et
1975 4321 2115 4398 integros

1368 4408 1494 4470 ellectus
1514 4409 1618 4470 sortiri
1639 4416 1669 4469 el
1695 4409 1848 4484 obtinere,
1872 4410 1962 4473 acab
1984 4413 2053 4488 illis,
2077 4417 2113 4477 ad

1369 4518 1445 4579 quos
1461 4509 1575 4580 spectat
1591 4511 1621 4563 et
1633 4518 1687 4580 pro
1706 4510 1843 4580 tempore
1857 4503 2114 4585 quandocumque

1367 4595 1526 4672 spectabit,
1549 4595 1580 4656 in
1603 4595 1746 4656 omnibus
1767 4602 1797 4656 et
1819 4611 1873 4672 per
1894 4599 1997 4659 omnia
2015 4600 2115 4662 invio-

1369 4689 1501 4752 labiliter
1523 4689 1690 4765 observari,
1703 4692 1809 4770 sicque
1824 4691 1855 4752 in
1872 4693 2045 4768 praemissis
2060 4709 2115 4770 per

1369 4798 1583 4861 quoscumque
1593 4785 1709 4846 iudices
1725 4786 1895 4847 ordinarios
1906 4793 1936 4847 et
1948 4786 2113 4862 delegatos,

1368 4878 1462 4940 etiam
1478 4893 1638 4938 causarum
1654 4877 1757 4955 palatii
1777 4878 1932 4956 apostolici
1948 4877 2113 4954 auditores,

1370 4970 1496 5032 iudicari
1518 4977 1549 5031 et
1574 4969 1695 5032 definiri
1729 4971 1851 5044 debere,
1873 4988 1907 5033 ac
1938 4973 2061 5034 irritum
2083 4980 2114 5034 et

1369 5065 1472 5136 inane,
1489 5063 1514 5124 si
1536 5079 1623 5126 secus
1643 5080 1736 5140 snper
1758 5065 1805 5124 bis
1826 5081 2025 5142 aquoquam,
2041 5083 2114 5144 qua-

1369 5157 1415 5216 vis
1443 5157 1640 5232 auctoritate,
1669 5156 1804 5218 scienter
1834 5157 1884 5219 vel
1916 5157 2111 5233 ignoranter,

1369 5249 1534 5324 contigerit
1555 5250 1710 5311 attentari.

1409 5345 1427 5416 ἓ
1448 5343 1477 5404 5.
1501 5341 1569 5404 Non
1590 5343 1781 5406 obstantibus
1796 5345 2068 5407 constitutionibus
2083 5354 2114 5406 el

1369 5437 1613 5498 ordinationibus
1637 5437 1817 5514 apostolicis,
1841 5455 1885 5513 ac,
1908 5446 2061 5516 quatenus
2082 5455 2114 5499 o·

1369 5546 1425 5608 pus
1445 5530 1495 5605 sit,
1519 5531 1695 5607 provinciae
1717 5529 1748 5592 S.
1774 5531 1893 5592 loannis
1916 5532 2066 5609 Baptistae
2081 5549 2113 5594 ac

1369 5623 1491 5686 Ordinis
1522 5623 1759 5702 praedictorum,
1794 5625 1888 5686 etiarn
1920 5625 2110 5700 iuramento,

1369 5718 1605 5779 confirmatione
1626 5718 1800 5794 apostolica,
1820 5719 1869 5778 vel
1891 5719 1998 5797 quavis
2019 5720 2114 5780 firmi-

1371 5817 1430 5871 tate
1453 5811 1507 5872 alia
1533 5811 1693 5885 roboratis,
1722 5812 1845 5873 statutis
1867 5820 1897 5873 et
1918 5811 2114 5874 consuetudi·

1371 5904 1473 5977 nibus,
1489 5903 1660 5980 privilegiis
1681 5919 1815 5983 quoque,
1831 5905 1961 5984 indultis
1980 5911 2012 5966 et
2034 5905 2113 5966 litte-

2139 1679 2245 1724 tionum.

2161 4142 2291 4190 clausulae.
