4844 6990
353 533 407 588 An.
422 535 451 586 0.
474 535 541 586 1739

379 1241 554 1288 liiissionarios

343 1294 457 1342 inducit.
481 1294 554 1340 iimi-

343 1352 433 1406 tcsque
447 1349 484 1395 eis
495 1349 554 1395 assi·

342 1405 411 1458 gnat.

365 3302 498 3349 Praedicta
508 3313 560 3349 om·

347 3357 391 3402 nia
410 3367 426 3402 a
445 3367 474 3402 aa
495 3357 559 3402 erio·

348 3411 396 3455 bns
436 3413 467 3456 or
487 3410 558 3456 iornn

347 3465 484 3520 acceptata,
508 3466 560 3510 Pa-

347 3527 395 3616 pae
438 3527 559 3573 praesen-

359 3572 437 3615 antur
456 3583 502 3628 pro
517 3571 559 3618 ob·

347 3623 453 3670 tinentia
469 3624 559 3670 contir-

347 3678 468 3723 mationa.

373 4315 490 4376 Pontifex
504 4326 559 4362 exa·

347 4369 473 4414 minanda
519 4381 560 4415 ro-

348 4421 422 4477 ponit
439 4423 468 4486 Ι8.
486 4381 559 4484 ¹gon·

347 4479 491 4573 §rogationi
529 4477 560 4522 de

369 4540 420 4586 rop.
438 4529 504 4576 Fide.

362 4793 401 4852 Ι1).
422 4791 561 4890 congrega·

349 4845 472 4900 troappro
492 4844 561 4890 anda

348 4901 440 4942 censet.

324 5212 327 5221 Ι
387 5162 458 5218 i’apa
472 5163 561 5208 contir-

348 5217 409 5260 mat.

592 535 651 598 498

571 676 697 738 boribus
725 674 868 751 plurimis
896 691 929 735 ac
950 672 1116 752 dispendiis
1138 689 1176 734 ex
1197 690 1262 746 sna,
1286 673 1317 734 in

572 787 631 848 qua
653 769 942 842 commorabantur,
969 767 1156 846 amplissima
1183 767 1318 828 dioecesi

572 864 678 926 eiectis
710 879 743 924 ac
776 863 881 941 procnl
914 861 1050 937 expulsis
1083 860 1319 936 vigintiduobus

573 957 711 1018 millibus
732 963 763 1018 ct
784 956 917 1034 amplius
938 955 1114 1028 Haereticis,
1138 955 1318 1016 eorumdem

573 1050 683 1112 terras
704 1049 877 1112 Catholicae
897 1049 967 1110 iidei
988 1048 1159 1112 cultoribus
1181 1047 1319 1110 habitan-

572 1145 624 1206 das
644 1143 796 1206 attribuit.

612 1241 631 1314 ς
652 1239 681 1300 2.
705 1239 864 1302 Praeterea
886 1236 1015 1309 veritus,
1033 1252 1073 1297 ne
1088 1234 1235 1312 temporis
1251 1249 1319 1312 pro-

573 1349 660 1396 cessu
682 1330 896 1409 perditissimis
920 1329 1097 1392 bominibus
1117 1328 1260 1404 antiquas
1274 1343 1321 1388 se-

574 1428 626 1488 des
646 1426 781 1487 sublesta
803 1424 1028 1502 repetentibus,
1051 1431 1081 1484 et
1102 1422 1216 1484 ibidem
1239 1435 1319 1481 nova

574 1521 763 1582 execrandae
789 1517 922 1579 haeresis
948 1517 1067 1578 semina
1093 1515 1212 1578 occulte
1238 1531 1319 1592 spar-

575 1613 720 1690 gentibus
755 1613 870 1676 iterum
914 1611 977 1672 illic
1012 1607 1174 1688 pestiferae
1208 1608 1320 1684 segetis

575 1707 716 1783 germina
734 1705 964 1778 subolesceret,
995 1713 1026 1766 et
1047 1712 1082 1765 ut
1104 1701 1241 1780 nequitia
1265 1701 1320 1762 eii·

575 1801 685 1874 dabir,
722 1805 896 1877 opportune
927 1797 1022 1858 nullis
1056 1811 1184 1876 parcens
1224 1795 1321 1856 indu-

575 1893 658 1954 striis
686 1899 715 1954 et
736 1892 913 1970 sumptibus
934 1889 1098 1968 providere
1119 1886 1248 1950 studuit.
1273 1886 1320 1948 ln·

575 1993 624 2048 ter
643 1993 760 2058 ceteras
780 1993 883 2047 autem
907 1983 1085 2046 utilissimas
1107 1979 1321 2060 providentiae

574 2095 648 2140 suae
659 2082 693 2139 ad
709 2085 885 2156 susceptum
903 2076 1143 2138 saluberrimum
1158 2091 1235 2153 opus
1250 2091 1320 2136 con-

576 2171 744 2232 ficiendum
777 2171 866 2232 initas
894 2171 1029 2232 rationes
1057 2169 1123 2230 illas
1151 2169 1183 2230 in
1214 2167 1321 2246 primis

576 2265 787 2342 maximopere
807 2263 1075 2338 commendandas,
1089 2264 1169 2342 qnod
1185 2279 1238 2324 sex
1255 2278 1321 2340 per-

576 2369 681 2438 petuas
709 2357 870 2418 missiones
892 2376 907 2418 a
929 2356 1081 2433 religiosis
1109 2357 1184 2419 viris
1205 2357 1322 2434 aliquot

576 2451 768 2529 regularium
796 2451 948 2514 Ordinnm
975 2458 1005 2512 et
1033 2451 1252 2512 lnstitntorum
1275 2449 1321 2510 in-

577 2555 621 2608 tra
643 2545 844 2622 praescriptos
865 2543 919 2625 (ne
941 2542 1062 2605 dissidia
1085 2543 1146 2604 nlla
1168 2550 1221 2605 ant
1250 2558 1322 2604 con-

576 2640 655 2702 lusio
686 2655 822 2717 unquam
850 2637 924 2700 oriri
957 2637 1091 2716 possint)
1121 2637 1234 2698 limites
1264 2637 1322 2698 snb

577 2733 737 2795 nonnullis
759 2734 810 2794 abs
831 2749 863 2794 se
891 2732 980 2793 editis
1008 2729 1167 2809 capitulis,
1192 2730 1321 2806 regulis,

574 2819 747 2902 et'iegibos
768 2826 899 2887 omnino
921 2827 1110 2904 peragendas
1132 2824 1320 2898 lundaverit,

577 2920 821 2998 institueritque,
844 2936 876 2980 ac
899 2919 1076 2981 necessariis
1098 2918 1270 2980 redditibus
1292 2925 1322 2977 et

577 3013 797 3075 emolumentis
812 3012 966 3075 ditaverit.
981 3013 1062 3087 Quae
1077 3011 1202 3090 quidem
1212 3010 1322 3078 ,omnia

577 3106 720 3184 capitula,
743 3106 881 3182 regulae,
898 3113 928 3167 et
951 3105 1033 3182 leges
1048 3112 1121 3167 sunt
1136 3103 1254 3164 tenoris
1270 3103 1322 3179 qni

577 3202 728 3275 seqnitur,
752 3200 932 3263 videlicet...
956 3199 1011 3278 (i).

618 3297 637 3370 ἓ
657 3293 686 3355 3.
709 3294 901 3355 Praeinscrta
923 3301 1027 3355 autem
1050 3291 1200 3369 Capitale,
1221 3290 1322 3364 Regu-

579 3386 632 3461 las,
656 3393 686 3448 et
707 3385 805 3462 Leges
833 3393 994 3466 postquam
1021 3383 1173 3463 praelatus
1195 3381 1324 3459 Leopol-

579 3481 635 3540 dns
662 3479 916 3556 Arclriepisccpns
942 3477 1142 3550 condidisset,
1170 3483 1200 3537 et
1221 3475 1255 3534 ad
1279 3474 1323 3535 di-

578 3579 641 3634 ctos
663 3572 742 3632 lilios
771 3574 935 3634 modernos
964 3579 1209 3632 memoratorum
1238 3569 1323 3631 Ordi-

578 3680 656 3726 nnm
677 3671 708 3726 et
735 3665 958 3726 institutorum
987 3663 1157 3742 respective
1180 3662 1324 3739 Superio-

577 3773 636 3830 res,
660 3765 694 3818 ut
716 3755 928 3831 admitterent,
951 3757 1130 3834 exciperent
1152 3763 1182 3817 et
1203 3764 1322 3831 accepta

576 3849 738 3924 baberent,
761 3851 980 3928 proposuisset,
994 3851 1087 3912 iidem
1110 3849 1249 3912 moderni
1266 3849 1323 3910 Su-

577 3943 723 4021 periores
748 3960 794 4018 ea,
816 3961 875 4022 qna
891 3951 1036 4022 parerat,
1060 3943 1235 4004 annnorum
1252 3958 1324 4003 con-

576 4038 731 4112 sensione,
748 4037 966 4122 etobedientia
989 4037 1049 4098 iam
1066 4043 1197 4114 accepta,
1214 4043 1244 4096 et
1260 4041 1322 4094 rata

578 4129 766 4203 irabnerunt,
795 4131 830 4192 ad
854 4147 909 4192 nos
931 4131 1023 4192 etiam
1052 4127 1231 4201 transmisit,
1253 4143 1323 4206 sop-

578 4223 698 4302 pliciter
721 4238 842 4299 rogans,
857 4231 890 4284 ut
905 4223 1084 4303 approbare,
1097 4231 1127 4284 et
1139 4223 1324 4284 confirmare

579 4316 790 4392 dignaremur.
809 4316 870 4378 Nos
886 4328 959 4391 vero
976 4317 1036 4390 illa,
1053 4322 1088 4377 nt
1103 4316 1200 4392 quoad
1216 4329 1324 4373 ornnes
1351 4310 1353 4447 Ι

579 4417 680 4486 partes
702 4409 787 4487 prins
808 4410 1038 4471 accuratissime
1059 4408 1323 4478 examinarentur,
1351 4452 1353 4463 .

579 4503 614 4562 ad
638 4502 918 4578 congregationem
940 4518 1034 4564 venn.
1059 4501 1190 4562 fratrum
1206 4506 1324 4562 nostro·
1351 4470 1354 4583 l

580 4611 649 4655 rum
676 4595 752 4656 Sit.
776 4595 808 4656 Ε.
831 4596 1040 4659 cardinalium
1062 4594 1194 4671 negotiis
1215 4595 1324 4672 Propa-

578 4688 696 4763 gandae
717 4689 801 4750 ridel
824 4691 1068 4767 praepositorum
1090 4689 1277 4750 remisimus.

619 4782 688 4856 §lt
718 4783 812 4844 Porro
840 4783 1047 4860 Congregatio
1076 4782 1227 4861 praedicta
1263 4789 1325 4842 tam

579 4875 1324 4953 institutioneliissionnmpraedictarnm‚quam

579 4969 731 5047 capitulis,
748 4970 877 5044 regulis,
895 4977 925 5030 et
940 4970 1058 5046 legibus
1070 4969 1248 5030 huiusmodi
1264 4983 1326 5028 nra·
1352 4932 1354 5019 l

581 5073 650 5126 turo
671 5064 815 5124 examine
837 5065 1005 5142 perpensis,
1022 5061 1057 5122 ad
1072 5079 1128 5124 nos
1142 5062 1262 5137 retulit,
1278 5042 1355 5133 ael
1421 5059 2125 5141 g7.Votumosqncque,otitissionariisic,
2167 5072 2361 5132 ‚soson-eeac-
2419 5109 2420 5118 ,

1382 5161 1416 5215 ut
1439 5153 1667 5231 praemittitur,
1691 5153 1841 5228 instituti,
1865 5169 1898 5214 ac
1919 5152 2063 5229 deinceps
2093 5151 2127 5210 in
2146 5129 2362 5239 ἓῑᾈῑῗῑῇξὲζῖζῖ
2419 5149 2420 5216 3

580 5172 679 5234 qnam
700 5171 776 5232 esse,
801 5165 836 5218 ut
858 5157 913 5234 piis
935 5159 1074 5218 eiusdem
1102 5154 1248 5232 Leopoldi
1271 5157 1327 5216 itr-

542 5327 546 5332 Α
580 5251 762 5329 citicpiscopi
791 5251 870 5312 votis
898 5257 928 5312 et
950 5251 1090 5328 precibus
1117 5250 1326 5310 obsecundan-

582 5351 637 5418 tes,
668 5343 800 5422 praelata
829 5344 932 5405 omnia
958 5352 1104 5420 tanquam
1132 5343 1266 5420 proficua
1295 5348 1326 5402 et
1353 5318 1355 5413 Ξ

580 5437 725 5499 salutaria
746 5438 996 5517 approbaremus,
1013 5445 1043 5497 et
1062 5437 1243 5514 apostolicae
1257 5453 1325 5498 auc·
1353 5430 1355 5483 l

582 5531 712 5594 toritatis
734 5541 856 5593 nostrae
878 5530 1055 5592 munimine
1077 5531 1303 5591 roboraremus.

620 5627 689 5701 §5-
719 5625 781 5686 Nos
809 5627 923 5704 itaque,
957 5623 1102 5686 eumdem
1134 5623 1326 5700 Leopoldum
1353 5592 1355 5669 l

581 5719 852 5797 archiepiscopum
885 5717 1066 5797 specialibus
1091 5717 1263 5791 favoribus,
1297 5723 1327 5777 et
1354 5698 1356 5790 l

1096 554 1158 599 itiu-
1185 554 1274 599 Porri.
1300 555 1339 598 br.
1362 555 1389 598 P.
1414 555 1442 599 F·
1468 555 1549 600 ratis
1573 555 1593 598 i.

1376 673 1481 750 gratiis
1512 674 1653 754 prosequi
1685 674 1842 747 volentes,
1866 681 1934 736 eta
1962 673 2124 751 quibusvis

1375 768 1716 842 excommunicationis,
1739 767 1951 846 suspensionis
1973 775 2004 828 et
2026 767 2123 829 intor-

1375 862 1460 935 dicti,
1483 862 1613 940 aliisque
1628 861 1839 924 ecclesiasticis
1860 861 2036 936 sententiis,
2053 877 2123 923 cen·

1375 955 1456 1016 suris
1477 963 1508 1016 et
1529 955 1647 1034 poenis,
1664 971 1678 1013 a
1696 955 1763 1016 inre
1779 953 1828 1016 vel
1843 954 1879 1016 ab
1894 954 2032 1028 bomine,
2049 971 2125 1031 qna-

1376 1048 1422 1109 vis
1443 1049 1600 1110 occasione
1616 1048 1666 1110 vel
1681 1049 1768 1112 causa
1783 1047 1862 1122 latis,
1881 1047 1907 1108 si
1922 1049 2035 1126 quibus
2046 1064 2122 1126 qno·

1375 1141 1543 1204 modolibet
1574 1141 1739 1204 innodatos
1771 1141 1887 1216 existit,
1916 1143 1951 1204 ad
1978 1141 2124 1204 ellectum

1375 1235 1586 1312 praesentium
1607 1234 1767 1297 dumtaxat
1788 1237 2053 1314 consequendum,
2073 1237 2124 1296 ba-

1376 1344 1448 1390 rnm
1469 1327 1550 1389 serie
1578 1327 1784 1402 absolventes,
1807 1337 1837 1390 et
1859 1327 2035 1392 absolutum
2058 1328 2125 1390 iore

1375 1429 1554 1496 censentes,
1587 1421 1862 1499 supplicationibus
1896 1422 1962 1484 eius
1994 1422 2123 1484 nomine

1376 1513 1464 1576 nobis
1484 1530 1576 1592 super
1600 1517 1654 1576 troc
1677 1515 1838 1576 humiliter
1866 1516 2015 1592 porrectis
2037 1516 2125 1578 incli-

1376 1606 1450 1680 nati,
1475 1606 1512 1668 de
1534 1607 1673 1670 eiusdem
1696 1609 1952 1684 Congregationis
1980 1609 2123 1672 Cardine-

1377 1699 1454 1761 linm
1490 1700 1619 1762 consilio
1652 1717 1715 1762 non
1747 1699 1850 1763 solnm
1888 1701 2122 1764 institutionem

1376 1793 1556 1854 iliissionnm
1573 1793 1610 1853 ab
1624 1794 1690 1872 ipso
1712 1793 1863 1872 Leopoldo
1886 1795 2139 1874 Arcltiepiscopo-

1375 1895 1547 1965 susceptam
1568 1895 1788 1966 statutamque,
1812 1904 1887 1950 vero
1915 1889 2009 1950 etiam
2038 1905 2122 1968 prae·

1377 1979 1491 2040 inserta
1513 1981 1660 2058 capitula,
1684 1981 1825 2058 regulas,
1849 1989 1879 2042 et
1903 1983 2006 2058 leges,
2028 2000 2061 2044 ac
2082 1982 2121 2043 si-

1377 2081 1509 2148 gnanter
1541 2089 1649 2134 omnes
1678 2081 1710 2135 et
1737 2075 1874 2150 singulas
1902 2073 2122 2152 assignationes

1377 2167 1413 2226 ab
1434 2168 1541 2229 eodem
1564 2167 1717 2246 Leopotdo
1735 2167 1968 2246 archiepiscopo
1984 2185 2039 2244 pro
2054 2169 2122 2230 liis-

1376 2259 1502 2320 sionum
1524 2261 1702 2322 huiusmodi
1719 2263 1955 2324 manutentione
1970 2261 2071 2338 iactas,
2088 2270 2123 2324 ut

1377 2352 1562 2429 praefertur,
1586 2360 1615 2414 et
1637 2353 1674 2415 ali
1704 2355 1944 2434 archiepiscopis
1973 2356 2122 2418 Salisbnr-

1378 2461 1449 2522 gen.
1479 2447 1704 2508 strecessoribns
1732 2450 1795 2510 suis
1824 2449 1981 2526 perpetuis
2011 2448 2123 2522 tuturis

1379 2539 1568 2616 temporibus
1590 2540 1720 2602 omnino
1741 2542 1917 2614 servandas,
1940 2543 2123 2604 anctoritate

1378 2631 1551 2710 apostolica,
1580 2641 1688 2695 tenore
1712 2635 1940 2711 praesentium,
1973 2643 2122 2714 perpetuo

1377 2726 1592 2804 approbamus,
1615 2737 1645 2788 et
1670 2729 1903 2802 confirmamus,
1933 2727 2056 2806 illisque
2078 2729 2124 2789 in-

1378 2819 1531 2880 violabilis
1552 2821 1734 2898 apostolicae
1756 2821 1910 2882 firmitatis
1932 2821 2028 2882 robur
2049 2821 2124 2884 adii-

1378 2914 1488 2988 cimus,
1512 2930 1683 2993 omnesque
1704 2922 1734 2977 et
1754 2915 1895 2989 singulos
1914 2915 1992 2976 iuris
2010 2915 2123 2978 attacti

1378 3024 1411 3069 ac
1431 3007 1666 3070 solemnitatum
1688 3023 1958 3086 quarumcumque
1975 3007 2122 3082 deiectus,

1377 3100 1402 3160 si
1424 3101 1477 3178 qni
1499 3101 1631 3178 desuper
1646 3102 1678 3162 in
1694 3101 1753 3162 illis
1774 3101 2007 3179 quomodolibet
2029 3104 2124 3163 inter·

1378 3194 1535 3268 venerint,
1563 3195 1641 3256 dicta
1668 3195 1850 3258 anctoritate
1879 3196 2070 3274 supplemus,
2093 3205 2124 3258 et

1377 3304 1529 3349 sanamus.

1419 3383 1486 3456 §u
1512 3384 1642 3462 insuper
1670 3383 1877 3446 illissionarios
1903 3391 1967 3446 ‘tam
1993 3385 2029 3447 ab
2060 3385 2124 3464 ipso
2192 3395 2363 3456 mssrpnaaas

1350 3528 1352 3542 .
1379 3475 1533 3554 Leopoldo
1555 3476 1791 3554 lirdriepiscopo
1813 3479 1872 3538 iam
1898 3479 2072 3554 designatos
2093 3459 2156 3546 etz

1379 3570 1567 3645 nominatos,
1591 3587 1681 3648 qnam
1705 3571 1770 3632 sive
1792 3573 1829 3634 ab
1850 3573 1915 3651 ipso
1937 3573 2030 3634 etiam
2057 3573 2124 3633 sive

1377 3665 1440 3725 suis
1462 3665 1685 3726 successoribus
1707 3666 1738 3727 in
1762 3673 1921 3744 posterum
1938 3667 2023 3728 iuxta
2044 3667 2124 3743 capi-

1379 3850 1430 3910 dos
1452 3859 1482 3912 et
1498 3851 1713 3927 nominandos,
1726 3869 1847 3930 semper
1858 3852 2038 3932 apostolicos
2052 3851 2126 3912 mis-

1377 3945 1525 4006 sionarios
1547 3945 1618 4018 dici,
1642 3948 1743 4007 vocari
1770 3953 1801 4006 et
1829 3961 1893 4006 esse
1922 3945 2028 4006 eadem
2055 3961 2125 4006 auc·

1381 4037 1503 4100 toritate
1534 4039 1750 4114 decernimus,
1773 4047 1804 4100 et
1831 4038 2039 4112 declaramus,
2068 4039 2127 4098 eis-

1378 4133 1511 4209 demque
1533 4132 1746 4206 missionariis,
1770 4139 1803 4193 ut
1836 4133 1983 4193 omnibns
2004 4139 2035 4192 et
2061 4133 2127 4192 sin-

1380 4223 1459 4299 gulis
1481 4224 1663 4301 privilegiis,
1694 4223 1875 4296 bonoribus,
1905 4225 2126 4301 praerogativis

1379 4325 1410 4378 et
1431 4317 1690 4395 exemptionibus,
1720 4317 1832 4394 quibus
1854 4318 2030 4379 huiusmodi
2055 4333 2125 4396 apo-

1379 4411 1478 4472 stolici
1511 4411 1692 4472 blissionarii
1721 4419 1781 4472 tam
1810 4413 1847 4474 de
1875 4411 1958 4486 iure,
1991 4427 2065 4486 usu,
2095 4419 2126 4472 et

1380 4504 1626 4578 consuetudine,
1660 4521 1753 4581 quam
1788 4505 1860 4565 aliis
1896 4503 2127 4582 quomodolibet

1379 4604 1526 4672 utuntur,
1549 4597 1700 4660 fruuntur
1722 4603 1752 4658 et
1774 4595 1920 4673 gaudent,
1941 4613 1975 4658 ac
1990 4597 2047 4669 uti,
2065 4594 2126 4658 iroi

1380 4698 1411 4750 ct
1426 4691 1561 4765 gaudere
1573 4697 1699 4767 possunt
1714 4697 1744 4751 et
1759 4697 1906 4767 poterunt
1922 4691 1953 4750 in
1969 4688 2125 4760 laturum,

1381 4783 1445 4860 pari
1475 4784 1565 4844 modo
1593 4785 1656 4857 uti,
1685 4783 1746 4844 lrui
1768 4791 1798 4843 et
1821 4782 1954 4858 gaudere
1979 4781 2074 4842 libere
2096 4787 2127 4841 et

1381 4875 1464 4937 licite
1485 4877 1602 4953 possint
1622 4886 1653 4937 et
1676 4878 1808 4950 valeant,
1838 4875 2020 4937 auctoritate
2042 4888 2128 4952 prac-

1381 4969 1458 5030 dicta
1481 4970 1690 5044 concedimus,
1713 4979 1743 5031 et
1765 4969 1976 5046 indulgemus.

1383 5247 1534 5324 praedicta
1555 5245 1686 5309 dioecesi
1719 5245 1913 5319 instituendi,
1937 5255 1999 5308 tam
2027 5243 2158 5305 eidems

1381 5339 1535 5417 Leopoldo
1557 5340 1717 5412 moderno,
1741 5356 1833 5419 quam
1856 5355 1911 5418 pro
1934 5349 2075 5415 tempore
2097 5353 2128 5396 e·

1383 5435 1567 5495 xistentibus
1589 5435 1830 5512 archiepiscopis
1852 5432 2063 5507 sansoni-gen.
2081 5445 2129 5490 re·

1383 5528 1494 5603 gimini
1516 5537 1547 5590 et
1568 5529 1730 5592 directioni
1753 5529 1785 5589 in
1814 5529 1861 5602 iis,
1884 5542 1962 5605 qnae
1984 5525 2020 5586 ad
2041 5539 2130 5584 exer-

1382 5623 1491 5684 citium
1514 5622 1666 5683 llissionis
1688 5623 1858 5700 pertinent,
1880 5619 2047 5688 subiacere,
2071 5616 2129 5676 eis-

1383 5732 1443 5794 que
1466 5717 1595 5776 omnino
1611 5731 1718 5793 parere
1732 5715 1874 5790 debeant,
1897 5731 1931 5776 ac
1945 5713 2129 5776 necessarias

623 5936 652 5992 (l)
668 5935 784 5993 Reguiae
798 5935 1060 5993 praetermittuntur,
1075 5943 1140 5992 quas
1154 5933 1271 5979 invenies
1286 5934 1314 5978 in
1328 5932 1394 5978 Boii.
1412 5935 1436 5978 P.
1452 5933 1483 5978 de
1498 5935 1571 5990 Prop.
1588 5933 1651 5979 ride
1665 5931 1714 5978 vol.
1731 5935 1771 5986 il.,
1786 5941 1843 5989 pag.
1859 5931 1899 5976 tto
1913 5935 2005 5990 etseq.

2156 527 2215 580 An.
2230 527 2264 578 C.
2287 527 2348 578 liss‘r

2158 3459 2181 3493 rc
2219 3449 2361 3502 designatis
2419 3479 2420 3496 r

2158 3505 2170 3546 t
2191 3501 2358 3556 designandi.-
2419 3499 2420 3538 l

2142 3555 2261 3617 aliorum
2271 3555 2358 3600 itissio
2419 3539 2420 3584 l

2143 3619 2286 3654 uariorum
2296 3619 2350 3668 prae
2419 3631 2420 3658 r

2143 3663 2359 3722 rogativassrpn-

2161 5235 2252 5281 ubdit.

1381 3758 1453 3832 tola,
1470 3759 1593 3834 regulas
1606 3768 1636 3821 et
1647 3759 1730 3836 leges
1744 3761 1947 3838 praeinsertas
1962 3759 2124 3836 designan-
2143 3715 2244 3817 {32⁹²
2269 3715 2358 3770 Μ’
2419 3763 2420 3768 ¹
