4866 6980
74 584 187 638 *11011
209 582 281 637 1682

949 607 1159 654 induebamus
1180 605 1224 652 Xl.

310 722 391 784 salus
422 732 569 800 000001,
592 725 799 789 obedientiam
831 727 1054 806 praestandam,

310 815 389 878 sicut
404 831 458 894 per
473 817 570 880 multa
585 819 703 882 saecula
718 819 793 894 (beo
804 819 910 898 dante)
926 819 1056 881 inomni

311 907 376 970 1000
386 914 417 970 01
430 917 568 988 tempore
579 913 700 990 0001000
708 928 762 991 per
770 913 862 975 buius
870 911 1056 977 Ordinisfra·

313 1009 384 1076 1000,
396 999 521 1079 0001000
535 1005 698 1082 sanguine,
711 1006 827 1084 optimo
842 1007 1057 1086 experimento

311 1093 489 1171 didicimus;
516 1096 716 1177 dolentesque
737 1100 883 1176 nimium,
906 1103 987 1180 quod
1009 1100 1055 1162 in·

311 1204 386 1266 gens
404 1191 478 1253 adeo
494 1193 642 1256 indorum
658 1195 837 1271 multitudo,
850 1196 908 1259 etsi
922 1196 1056 1275 pretioso

312 1283 426 1346 Christi
447 1285 607 1362 Sanguine
626 1290 795 1368 redempta,
812 1306 850 1352 ex
865 1290 994 1368 0000011
1013 1297 1054 1350 10-

310 1393 383 1439 men
399 1379 616 1444 ministrorum
628 1383 805 1460 evangelica
821 1383 889 1446 luce
904 1384 1008 1446 orbata
1023 1399 1056 1444 ac

312 1469 501 1534 infidelitatis
512 1474 647 1537 tenebris
659 1475 780 1552 obruta,
797 1477 946 1539 beneficio
967 1483 1067 1544 tant·

311 1563 463 1626 incassum
476 1575 611 1645 acceptu,
625 1583 678 1646 per
692 1578 850 1632 momenta
864 1569 986 1648 singula
998 1570 1057 1631 mi-

310 1656 482 1720 serabiliter
501 1667 621 1736 pereat:
638 1661 814 1725 facultatem
832 1663 885 1726 tibi
906 1664 1056 1726 concessi-

311 1764 392 1825 mus,
404 1759 557 1830 quatenus
572 1769 608 1815 ex
624 1756 738 1818 nostris
753 1757 915 1835 Hispaniae
929 1758 1056 1834 000010-

310 1843 364 1906 0110
377 1844 491 1921 viginti
512 1853 645 1924 quatuor
655 1849 816 1925 religiosos
829 1849 975 1925 seligeres
990 1865 1056 1910 mc-

310 1953 379 2000 rum
397 1937 586 2015 integritate,
603 1941 764 2004 literarum
779 1943 889 2022 peritia
902 1951 931 2004 01
948 1942 1055 2005 salutis

310 2031 485 2094 animarum
498 2033 564 2094 zelo
573 2035 736 2112 pollentes,
746 2035 796 2114 qui
811 2035 988 2098 huiusmodi
997 2036 1055 2097 iter

312 2132 415 2187 tecum
436 2127 573 2202 aggredi,
596 2136 627 2190 et
649 2128 680 2190 in
702 2128 753 2206 pio
774 2123 849 2190 adeo
873 2137 965 2207 atque
987 2144 1056 2207 000-

311 2218 390 2280 ficuo
412 2219 587 2280 ministerio
614 2222 750 2283 exerceri
772 2229 926 2300 optarent,
953 2221 1054 2297 legiti-

310 2325 397 2372 mum
420 2318 450 2373 te
470 2315 653 2377 eorumdem
674 2313 844 2392 praelatum
860 2321 892 2375 et
913 2314 1055 2376 commis·

308 2404 424 2466 sarium
447 2411 589 2466 nostrum
611 2405 867 2483 delegatumcum
884 2407 1054 2484 opportuna

310 2505 341 2560 01
362 2497 529 2560 necessaria
550 2498 694 2560 facultate
714 2499 949 2574 constituentes,
975 2499 1055 2562 sicut

310 2588 343 2652 in
365 2590 463 2652 literis
483 2607 538 2670 per
552 2606 608 2652 nos
622 2606 716 2669 super
731 2592 785 2654 bac
801 2608 834 2653 re
848 2591 998 2670 expeditis
1014 2593 1054 2653 la·

310 2683 371 2746 tius
386 2683 574 2746 continetur.
593 2683 718 2758 idcirco,
733 2691 768 2745 01
783 2684 968 2746 exercitium
985 2685 1053 2760 boc,

309 2777 485 2838 animarum
501 2775 595 2837 saluti
616 2791 739 2839 summe
754 2778 902 2840 necessari
909 2793 960 2840 um
976 2779 1056 2839 cbri-

309 2868 426 2930 stianae
450 2868 567 2930 caritati
589 2869 783 2931 01100111010
808 2875 915 2931 nostro
934 2869 1056 2932 confor-

309 2977 371 3038 me,
395 2963 587 3040 inpartibus
612 2961 770 3026 indiarum
791 2979 855 3026 non
885 2963 987 3025 solum
1008 2965 1053 3026 in·

310 3058 437 3119 ducatur
457 3055 511 3117 sed
531 3055 625 3117 etiam
648 3055 802 3118 radicetur
823 3064 854 3119 et
874 3073 1055 3136 promovea-

309 3158 372 3224 tur,
395 3149 484 3210 ncbis
505 3149 542 3212 de
567 3148 741 3227 aliquorum
767 3156 890 3229 patrum
917 3150 1054 3212 doctrina

310 3250 341 3304 et
360 3243 479 3304 virtute
505 3243 716 3321 praeditorum
740 3243 881 3318 consilio,
909 3250 1054 3322 0000010-

310 3350 387 3398 num
408 3345 438 3398 01
459 3335 775 3413 congruentissimum
789 3337 928 3399 medium
950 3337 1054 3400 risum

309 3437 365 3505 est,
395 3430 482 3493 vobis
510 3431 687 3494 concedere
710 3431 847 3510 aliquem
878 3433 964 3510 operi
996 3432 1052 3510 ipsi

307 3525 505 3588 commodum
519 3532 723 3600 conventum,
737 3526 788 3604 qui
800 3526 840 3588 sit
854 3527 946 3589 buius
957 3525 1055 3588 sancti

307 3621 446 3682 exercitii
466 3619 569 3682 subola
583 3625 614 3681 01
630 3620 874 3697 praedicatorum
895 3620 1053 3681 missione-

307 3715 425 3776 riorum
437 3712 1053 3792 seminarium,inquospirituetdoctri·

308 3808 344 3868 ni
359 3815 485 3885 tyrones
498 3806 719 3882 informentur,
737 3807 923 3868 roborentur
934 3813 1053 3868 001000-

308 3900 356 3961 ni:
370 3898 405 3958 ad
417 3915 510 3976 quem
522 3907 590 3976 post
601 3898 786 3961 missionum
799 3899 1056 3976 1000000100]οο-

308 3991 392 4053 ribus
414 3993 449 4053 ad
469 3993 548 4070 10000
570 4007 634 4053 000
654 3991 916 4070 opportunique
937 3991 1055 4052 uiribus

307 4085 441 4162 corporis
457 4091 488 4146 et
505 4084 631 4162 spiritus
652 4084 827 4146 reficiendis
842 4091 1052 4159 revertantur,

308 4185 338 4238 01
352 4191 391 4237 ex
402 4193 463 4254 quo
475 4177 667 4238 obedientiae
678 4175 803 4250 merito,
820 4175 938 4238 viribus
950 4191 1055 4254 corpo-

307 4269 350 4330 ris
370 4276 542 4348 utoumque
556 4269 765 4346 reassumptis,
783 4275 813 4329 et
832 4283 913 4329 0000
927 4268 1054 4345 00101100

308 4361 430 4424 1000000
451 4368 608 4440 concepto,
631 4362 741 4422 armati
763 4361 876 4422 iterum
898 4362 931 4422 in
953 4362 1053 4422 diver-

307 4471 354 4514 sas
375 4453 478 4533 plagas
498 4455 534 4518 ad
556 4455 688 4517 verbum
713 4455 767 4516 bei
789 4453 1054 4517 disseminandum

307 4546 467 4624 prodeant.
481 4549 520 4608 Ei
530 4548 601 4626 quia
615 4549 651 4608 ad
666 4550 740 4610 baec
754 4547 858 4608 omnia
874 4545 1054 4624 praestanda

308 4647 480 4701 conventus
508 4649 614 4702 noster
636 4641 666 4704 S·
691 4642 797 4703 Crucis
820 4641 858 4702 de
885 4640 1053 4714 Queretaro

307 4731 484 4810 provinciae
506 4739 628 4794 nostrae
650 4735 687 4795 de
702 4734 881 4796 llecboacan
904 4731 1053 4808 regularis

307 4825 519 4887 observantiae
540 4825 571 4886 in
593 4827 673 4887 novi
694 4825 836 4904 Hispania
861 4826 951 4888 valde
972 4841 1053 4886 com-

307 4919 417 4980 modus
428 4919 512 4980 visus
523 4927 580 4992 est,
592 4926 657 4980 tum
671 4918 710 4978 ob
723 4918 800 4978 situs
810 4917 1012 4980 solitudinem
1024 4924 1054 4978 et

307 5031 323 5072 a
344 5011 479 5088 negotiis
499 5011 704 5074 saecularibus
718 5010 968 5086 abstractionem,
986 5021 1053 5074 tum

306 5105 346 5165 ub
367 5103 463 5182 ipsius
476 5119 548 5166 cum
570 5103 757 5178 infidelibus
773 5119 908 5182 quorum
924 5104 1053 5166 intuitui

306 5197 470 5276 praecipue
490 5197 634 5273 erigitur,
657 5198 931 5275 propinquitatem,
951 5197 1052 5275 ipsum

306 5291 462 5370 praedicto
482 5291 605 5352 ellectui
627 5291 773 5352 duximus
794 5291 1051 5368 consignandum,

307 5387 406 5462 quod,
436 5393 471 5447 ut
497 5385 666 5447 indubitata
697 5385 879 5447 auctoritate
906 5387 1052 5463 perpetui

307 5481 428 5541 sirmate
451 5481 521 5554 ilat,
544 5481 754 5559 praesentium
784 5489 892 5543 tenore
919 5481 974 5543 tibi
997 5497 1049 5541 nc·

306 5579 402 5633 stram
423 5581 583 5650 paternam
605 5573 855 5636 benedictionem
877 5574 1052 5638 011000110-

308 5671 371 5725 tem
393 5665 600 5740 concedimus,
626 5673 661 5726 ut
683 5673 832 5745 tanquam
857 5667 978 5730 01011010
999 5685 1054 5730 ne

307 5757 362 5818 stri
384 5757 565 5820 honorabile
586 5759 747 5836 negotium
769 5761 960 5838 praedictum
981 5777 1053 5823 000-

308 5857 440 5911 0001000
462 5847 493 5913 S.
518 5852 625 5914 Crucis
646 5853 683 5914 de
703 5853 871 5926 Queretaro
893 5872 907 5914 0
931 5855 960 5916 S.
976 5853 1054 5915 Sede

308 5944 480 6022 Apostolicd
501 5948 555 6010 tibi
577 5951 608 6004 01
630 5944 692 6006 1010
712 5945 800 6007 000110
823 5965 878 6027 000
900 5949 1053 6027 praedicto

1111 723 1221 786 ellectu
1243 731 1348 803 001000
1362 725 1474 800 001000,
1490 726 1525 788 ad
1540 723 1622 804 quod
1643 730 1786 786 nostrum
1802 720 1857 784 tibi

1111 833 1297 880 consensum
1320 818 1496 894 tribuimus,
1509 825 1540 880 et
1561 817 1744 880 auctoritate
1764 815 1858 878 mini-

1110 910 1166 972 stri
1188 910 1358 987 generalis,
1381 927 1440 991 qua
1468 911 1649 987 fungimur,
1672 910 1858 972 1100000ιο-

1112 1004 1200 1066 muni
1222 1002 1343 1068 Ordinis
1364 1004 1573 1080 consulentes,
1593 1003 1765 1082 praedictae
1786 1017 1855 1079 pro·

1111 1096 1231 1158 vinciae
1252 1105 1376 1160 nostrae
1395 1097 1434 1159 de
1454 1097 1635 1160 blecboacan
1656 1110 1855 1168 consensum,

1111 1189 1144 1250 in
1172 1197 1323 1268 qnantum
1353 1206 1534 1270 possumus,
1563 1189 1753 1269 supplemus.
1776 1188 1857 1250 Haec

1111 1289 1214 1344 autem
1235 1284 1433 1347 concedimus
1448 1285 1506 1347 sub
1520 1283 1749 1346 conditionibus
1762 1288 1794 1342 et
1808 1296 1856 1342 00-

1110 1373 1319 1438 dinationibus
1339 1376 1553 1456 sequentibus,
1576 1376 1606 1438 in
1628 1375 1781 1455 praedicto
1803 1372 1856 1435 Se-

1110 1466 1243 1528 01100010
1265 1469 1394 1531 omnino
1416 1469 1625 1543 observandis,
1648 1467 1708 1530 nisi
1729 1465 1819 1526 aliter
1839 1482 1855 1525 a

1111 1559 1261 1638 praedicta
1283 1561 1314 1624 S.
1339 1561 1417 1625 Sede
1437 1562 1531 1624 luerit
1552 1563 1746 1624 ordinatum:

1151 1668 1172 1712 1.
1195 1653 1279 1727 Quod
1296 1655 1469 1732 praedictus
1483 1663 1657 1718 conventus
1672 1654 1702 1714 in
1716 1651 1854 1716 Semina·
1875 1655 2087 1766 nrssiffiffssssffgff

1110 1745 1192 1806 rium
1207 1754 1328 1808 erectus
1339 1747 1457 1810 nullius
1468 1748 1643 1826 0000100100
1653 1747 1692 1808 011
1702 1751 1855 1824 quantum
1875 1763 1984 1862 000000
2007 1762 2087 1809 0000-

1110 1838 1145 1899 ad
1168 1839 1322 1914 regimen,
1337 1842 1388 1903 sed
1410 1840 1589 1903 immediate
1602 1840 1700 1904 subsit
1714 1837 1854 1900 commis-

1109 1930 1188 1992 sario
1204 1932 1340 2006 generali
1358 1949 1456 1995 novae
1470 1934 1631 2012 Hispaniae
1648 1944 1702 2012 000
1718 1939 1857 2010 tempore

1109 2023 1267 2099 existenti,
1280 2024 1450 2104 habeatque
1470 2026 1692 2088 commercium
1713 2024 1856 2088 fraterni·

1110 2115 1179 2178 tatis
1200 2131 1271 2178 cum
1293 2117 1400 2180 eadem
1426 2120 1531 2182 000101
1558 2119 1716 2197 provincia
1737 2119 1775 2181 de
1795 2118 1857 2180 He·

1109 2209 1241 2272 cboacan
1257 2218 1410 2288 quantum
1424 2214 1461 2274 ad
1474 2212 1618 2289 suffragia
1633 2227 1688 2290 000
1703 2211 1857 2274 defunctis

1111 2299 1266 2378 iratribus,
1289 2303 1330 2365 ita
1351 2311 1387 2366 01
1407 2312 1580 2366 conventus
1601 2305 1666 2383 ipse
1690 2313 1721 2366 et
1746 2301 1856 2365 fratres

1110 2393 1142 2454 in
1164 2409 1200 2454 eo
1215 2397 1439 2458 commorantes
1453 2397 1611 2459 celebrent
1626 2396 1721 2458 officia
1739 2403 1771 2458 01
1785 2395 1858 2458 mis-

1110 2502 1156 2546 sas
1178 2485 1261 2548 iuxta
1275 2495 1389 2551 statuta
1404 2489 1558 2564 generalia
1574 2505 1629 2567 pro
1643 2488 1782 2568 quolibet
1798 2487 1857 2548 fra·

1110 2585 1159 2638 tre
1179 2579 1317 2642 eiusdem
1339 2583 1515 2659 0000100100
1535 2582 1600 2644 tilio
1624 2582 1803 2655 decedente,
1826 2589 1857 2642 01

1110 2671 1246 2732 vicissim
1260 2689 1275 2734 a
1289 2673 1422 2750 singulis
1443 2674 1646 2758 conventibus
1661 2683 1693 2736 et
1712 2672 1857 2735 iratribus

1110 2764 1285 2840 provinciae
1316 2767 1424 2828 eadem
1453 2766 1651 2828 celebrentur
1678 2765 1858 2844 00000011-

1110 2855 1161 2917 bet
1176 2855 1270 2918 iratre
1291 2859 1437 2938 praedicti
1460 2859 1626 2922 Seminarii
1646 2853 1777 2920 ubilibet
1791 2873 1858 2920 mu·

1110 2949 1221 3012 010010.

1151 3059 1185 3104 0.
1209 3043 1249 3106 111
1277 3045 1309 3108 10
1341 3047 1494 3124 praedicto
1522 3047 1696 3112 Seminario
1726 3047 1856 3124 triginta

1112 3143 1231 3198 tantum
1254 3137 1367 3200 fratres
1388 3141 1426 3204 de
1447 3139 1561 3202 familia
1582 3139 1704 3202 admitti
1725 3140 1854 3220 possint,

1110 3229 1186 3307 quin
1207 3230 1257 3291 bic
1278 3246 1430 3294 numerus
1452 3233 1552 3295 valeat
1572 3249 1712 3312 unquam
1736 3232 1855 3310 augeri,

1109 3322 1281 3399 exquibus
1302 3323 1416 3400 viginti
1437 3341 1491 3386 sex
1512 3326 1575 3386 sint
1596 3325 1766 3388 sacerdotes
1783 3325 1856 3386 mis-

1108 3414 1245 3491 sionarii,
1268 3426 1402 3494 quatuor
1422 3417 1534 3496 reliqui
1549 3418 1612 3480 sint
1633 3417 1700 3480 laici
1715 3434 1770 3496 pro
1785 3433 1857 3480 con-

1109 3511 1362 3573 00010000001110
1377 3519 1407 3573 et
1418 3512 1685 3590 eleemosynarum
1700 3511 1856 3592 frequenti

1109 3605 1301 3670 collectione.

1149 3715 1197 3760 nr.
1219 3699 1306 3774 Quod
1334 3700 1444 3764 electio
1472 3703 1633 3777 guardiani
1662 3702 1714 3764 fiat
1735 3719 1751 3764 0
1773 3717 1854 3764 com·

1108 3792 1248 3854 missario
1262 3793 1399 3869 generali
1414 3809 1514 3856 nuvae
1529 3795 1691 3873 Hispaniae
1703 3811 1740 3856 ex
1757 3796 1854 3856 tribus

1108 3885 1246 3947 eiusdem
1262 3885 1427 3947 Seminarii
1442 3887 1579 3964 patribus
1594 3903 1648 3966 per
1663 3895 1778 3948 secreta
1792 3889 1855 3949 sul-

1107 3977 1204 4054 fragia
1237 3977 1382 4040 emnium
1417 3981 1610 4041 sacerdotum
1646 3980 1855 4056 professorum

1107 4071 1339 4132 communitatis
1361 4071 1508 4133 canonice
1533 4073 1695 4148 eligendis,
1718 4082 1749 4136 et
1769 4090 1855 4152 prae-

1107 4164 1188 4226 dicto
1209 4165 1419 4226 commissario
1441 4166 1688 4243 praesentandis,
1715 4168 1855 4242 guardia-

1108 4273 1167 4318 nus
1189 4264 1294 4320 autem
1316 4272 1371 4335 per
1385 4258 1555 4321 triennium
1571 4266 1693 4322 tantum
1708 4261 1740 4321 in
1755 4260 1855 4322 cilicio

1107 4351 1218 4412 durare
1238 4351 1364 4427 poterit,
1380 4357 1410 4412 et
1425 4351 1558 4413 liberum
1573 4352 1632 4413 erit
1646 4351 1855 4414 commissario

1107 4441 1241 4520 praefato
1263 4443 1296 4504 10
1317 4441 1446 4506 dimidio
1473 4444 1601 4506 triennii
1627 4444 1729 4522 ipsum
1751 4445 1788 4506 ab
1810 4443 1853 4506 oi·

1108 4536 1176 4598 11010
1191 4535 1360 4610 absolvere,
1376 4536 1401 4596 si
1417 4536 1473 4613 ipsi
1486 4537 1659 4598 constiterit
1674 4537 1774 4598 cilicio
1790 4553 1854 4598 uon

1106 4627 1289 4702 satisfacere,
1303 4629 1404 4690 babiiai
1414 4627 1632 4691 informatione
1646 4646 1701 4708 pro
1715 4631 1853 4690 001000-

1105 4721 1233 4782 00100110
1252 4721 1322 4782 0100
1342 4719 1474 4799 strepitu
1495 4721 1641 4796 iudiciali,
1663 4723 1742 4784 sicut
1765 4724 1799 4783 iit
1820 4723 1853 4782 in

1108 4821 1170 4874 1010
1192 4814 1307 4877 Ordine
1333 4814 1365 4876 in
1387 4815 1681 4892 congregationibus
1703 4814 1854 4876 interme·

1106 4909 1173 4971 diis.

1146 5023 1188 5066 xv.
1210 5007 1296 5082 Quod
1318 5008 1350 5070 in
1372 5008 1852 5089 8001100010010100010001110-

1106 5102 1181 5164 creti
1203 5119 1258 5178 pro
1279 5103 1472 5178 gravioribus
1494 5101 1560 5164 eius
1576 5107 1708 5184 negotiis
1724 5115 1855 5170 tractan-

1106 5196 1163 5272 dis,
1185 5198 1239 5276 qui
1260 5208 1491 5276 compererunt
1512 5209 1645 5280 quatuor
1666 5204 1853 5265 missionarii

1108 5291 1138 5352 in
1153 5293 1252 5354 0111010
1267 5293 1422 5356 missionis
1437 5295 1638 5373 antiquiores,
1652 5306 1682 5358 01
1698 5299 1728 5358 10
1744 5298 1852 5362 absen-

1108 5387 1146 5448 1111
1168 5387 1343 5466 cuiuslibet,
1360 5406 1415 5467 pro
1431 5399 1570 5468 tempore
1590 5391 1758 5470 absentiae,
1775 5393 1853 5454 alius

1107 5491 1260 5569 prioribus
1281 5491 1314 5550 in
1329 5487 1512 5565 antiquitate
1526 5488 1726 5550 missionariis
1743 5492 1854 5550 imme-

1106 5584 1205 5646 diatus
1225 5584 1439 5646 substituatur.

1146 5695 1175 5734 v.
1198 5679 1284 5751 Quod
1299 5677 1494 5754 aguardiano
1509 5687 1540 5739 01
1556 5677 1695 5740 discretis
1717 5693 1799 5738 0000
1813 5693 1853 5738 ex

1107 5770 1243 5846 patribus
1265 5769 1465 5830 missiunariis
1493 5771 1626 5846 eligatur
1648 5771 1679 5831 in
1702 5771 1853 5831 vicarium

1108 5861 1271 5923 Seminarii
1293 5878 1348 5923 000
1370 5863 1539 5939 praesidem
1561 5863 1594 5924 in
1620 5864 1852 5924 communitati-

1108 5954 1162 6015 bus
1184 5961 1214 6015 et
1237 5955 1389 6030 gubernio
1403 5955 1436 6016 in
1452 5955 1589 6018 absentia
1610 5955 1782 6031 guardiani,
1798 5956 1852 6034 qui

1799 578 1837 644 53
1889 577 1987 633 Aac.
2010 579 2078 632 aeae
