4844 6990
1005 549 1148 603 cranaus
1169 545 1228 602 art.

345 673 1087 754 tiosistractantlumlecturavenenum,utplu·
1187 749 1191 756 ,

346 776 475 850 nimum,
497 791 623 853 serpere
643 773 722 836 solet
736 775 772 836 ad
787 791 839 836 cor
860 773 1010 849 fidelium,
1026 791 1088 852 quo

345 885 411 931 non
433 869 537 930 minus
559 867 629 930 tadei
657 869 773 946 puritas
801 867 970 930 ollenditur
995 883 1088 945 quana

345 977 448 1025 mores
459 971 715 1042 corrumpuntur,
728 979 918 1041 magnopere
931 977 1088 1025 commen-

346 1058 454 1118 dantes
475 1056 578 1118 zelum
601 1055 793 1117 nasturtium
808 1056 1086 1131 missiooariorum,

345 1151 399 1230 qui
421 1151 514 1212 libros
535 1166 651 1213 sacram
674 1150 826 1212 Ecclesiae
841 1151 1007 1213 catholicae
1021 1151 1090 1212 doc·

345 1245 459 1307 trinam
493 1260 664 1323 rerumque
695 1261 852 1308 sacrarum
883 1251 1089 1306 monumenta

345 1340 544 1402 continentes
572 1357 627 1418 pro
659 1342 805 1402 ludorum
839 1339 1089 1402 christifidelium

345 1434 520 1496 eruditione
534 1434 567 1494 in
583 1434 721 1512 linguam
734 1434 944 1496 llalabaricam
965 1451 1019 1496 seu
1035 1434 1089 1494 Ta·

344 1527 491 1589 mulicam
505 1529 704 1603 transtulere,
717 1528 766 1588 vel
780 1543 877 1590 novos
892 1544 947 1606 pro
962 1527 1089 1589 illorum

344 1623 506 1684 commodo
538 1629 567 1683 et
600 1622 800 1685 institutione
834 1627 1087 1702 composuerunt,

344 1715 452 1776 iisdem
483 1715 735 1778 christifidelibus
762 1731 906 1795 expresse
931 1715 1090 1776 interdici·

344 1823 414 1870 mus
436 1809 590 1872 fabulosos
612 1809 779 1886 gentilium
800 1809 905 1883 libros,
919 1825 1033 1888 eosque
1048 1808 1090 1869 le·

345 1917 418 1978 gere
440 1909 471 1963 et
487 1903 624 1964 retinere
636 1903 838 1981 prohibemus
853 1903 911 1964 sub
925 1903 1023 1982 poena
1038 1919 1091 1964 11-

343 1997 633 2058 communicationis
645 1997 722 2058 latae
737 1997 920 2072 sententiae,
935 1997 992 2058 nisi
1005 1997 1089 2076 prius
1106 2036 1108 2042 .

343 2087 446 2150 habita
467 2088 588 2151 licentii
609 2091 732 2168 parochi
754 2106 808 2151 seu
831 2091 1018 2152 missiooarii
1039 2107 1089 2152 cu-

344 2198 410 2243 ram
439 2182 613 2245 animarum
642 2183 838 2258 execrantia,
861 2199 996 2261 quorum
1018 2201 1091 2262 pru-

344 2274 467 2336 dentiae
487 2275 712 2338 committimus
733 2276 911 2339 lacultatem
926 2292 1019 2354 super
1033 2279 1091 2339 hoc

345 2367 558 2447 dispensandi,
582 2376 612 2430 et
634 2369 727 2432 lihros
759 2370 796 2448 (si
818 2371 872 2448 qui
903 2369 983 2432 torte
1003 2370 1090 2448 sunt)

344 2461 435 2523 nosia
456 2463 676 2539 superstitione
697 2479 809 2525 vacuos
830 2471 862 2524 et
883 2461 962 2524 nihil
984 2471 1090 2524 contra

344 2555 440 2616 bonos
464 2571 566 2617 mores
588 2564 752 2618 tractantes
774 2572 829 2635 pro
850 2557 1090 2618 christianorum

344 2663 402 2710 usu
423 2649 587 2726 seligendi,
603 2665 775 2727 eorumque
790 2649 940 2712 lecturam
962 2647 1091 2728 permit·

344 2741 440 2804 tendi.
805 2784 807 2788 -

383 2835 456 2896 Edit
479 2837 655 2899 dicerunt.-
678 2838 873 2901 Servandum
899 2855 964 2900 esse
985 2840 1090 2901 decre-

344 2937 412 2992 tum
435 2931 503 2994 Erhi
527 2932 615 2994 Gard.
639 2932 676 2995 de
697 2931 856 2995 Tout'non.

1811 524 1869 598 113
1919 524 2108 590 11111111

1461 666 1569 738 111111.

1148 866 1323 946 Confirmat
1349 866 1521 944 priaitepio
1551 861 1805 942 provincialibus
1837 865 1890 928 So-

1184 962 1314 1024 11111111
1328 961 1399 1022 Iesu
1415 960 1450 1020 iu
1467 957 1616 1036 portibus
1633 959 1804 1022 ludicrum
1820 960 1889 1021 euci-

1184 1052 1345 1117 stantibus
1367 1071 1386 1115 o
1408 1059 1539 1116 coactae
1567 1053 1737 1115 memoriae
1759 1053 1816 1114 Pio
1838 1053 1887 1114 tv.

1185 1164 1329 1210 concessa
1353 1145 1409 1226 (l).

1344 1319 1531 1387 GLEMENS
1553 1319 1613 1388 ΡΡ.
1637 1318 1697 1387 lttt.

1284 1443 1320 1510 ad
1341 1443 1471 1510 laturam
1499 1443 1542 1508 rei
1568 1443 1747 1510 memoriam.

1185 1623 1204 1697 ἓ
1227 1621 1253 1682 1.
1286 1622 1365 1684 Cum
1396 1621 1514 1684 dudum
1542 1621 1652 1696 lelicis¹
1670 1620 1891 1684 recordationis
1936 1629 2121 1694 prasinam-

1146 1716 1217 1777 Pius
1239 1715 1293 1776 PP.
1325 1713 1389 1791 lv,
1422 1715 1636 1792 praedecessor
1663 1723 1786 1789 noster,
1809 1715 1892 1776 inter
1910 1684 2121 1794 321⁰raffffsngss¹0⁰ssff

1146 1809 1213 1885 alia,
1238 1817 1271 1870 ut
1294 1809 1454 1872 societatis
1476 1809 1544 1870 lesu
1558 1809 1773 1886 provinciales
1790 1808 1838 1870 vel
1851 1807 1891 1868 ab
1909 1791 2122 1891 {2{¹,⁵,J,⁰⁵20¹,3²,⁶,}¹s¹j

1146 1905 1188 1967 eis
1211 1903 1348 1981 deputati
1370 1902 1552 1982 presbyteri,
1569 1919 1641 1964 cum
1663 1897 2122 2016 1111111111-ἓξὲᾞῡξξὲἕῇῗζ

1135 1998 1276 2084 diarum,
1293 1997 1486 2074 aliarumque
1499 1995 1699 2057 orientalium
1711 1995 1888 2071 regionum,
1910 2005 2120 2052 insinuaturam

1146 2093 1178 2154 in
1200 2105 1398 2170 quocumque
1418 2106 1472 2151 seu
1495 2089 1654 2167 quibusvis
1671 2088 1770 2150 aiore
1784 2089 1891 2151 divino
1909 2057 2122 2176 ffiffifflj

1146 2203 1210 2247 non
1232 2183 1393 2264 prohibitis
1419 2182 1693 2258 consanguinitatis
1719 2181 1771 2243 vel
1792 2181 1890 2243 allini-
1910 2167 2123 2266 ξζξξέξῇξξξξζζξ

1146 2279 1215 2341 11111
1237 2277 1379 2354 gradibus
1401 2275 1450 2338 vel
1471 2276 1544 2338 alias
1565 2275 1749 2350 coniunctis
1772 2283 1818 2349 ut,
1835 2276 1891 2336 lm·
1910 2273 2121 2373 Egfllssffiffifl

1145 2370 1331 2451 pedimentis
1342 2368 1517 2431 huiusmodi
1535 2368 1811 2443 nonobstantibus,
1828 2385 1892 2430 ma·
1910 2359 2083 2428 matrimonia.

1148 2465 1331 2526 trimonium
1354 2465 1436 2525 inter
1449 2481 1482 2524 se
1502 2463 1685 2525 contrahere
1701 2471 1731 2523 et
1745 2462 1892 2524 solemni-

1147 2574 1226 2632 zare,
1249 2573 1304 2618 seu
1326 2557 1359 2617 in
1380 2556 1440 2617 iam
1462 2557 1556 2618 etiam
1576 2555 1710 2618 scienter
1728 2555 1891 2617 contractis

1146 2649 1352 2712 matrimoniis
1367 2649 1544 2712 huiusmodi
1560 2665 1722 2712 remanere
1738 2648 1889 2724 valerent3

1147 2744 1340 2823 inpartibus
1368 2743 1421 2804 ubi
1448 2742 1602 2806 Ordinarii
1634 2743 1772 2806 locorum
1803 2742 1890 2804 lacile

1146 2837 1222 2900 adiri
1237 2844 1393 2916 poterant,
1405 2837 1437 2897 in
1455 2837 1521 2898 loro
1535 2836 1739 2898 conscientiae
1756 2843 1890 2911 tantum,

1145 2941 1308 3012 perpetuo,
1332 2941 1363 2993 et
1385 2931 1512 3010 insuper
1532 2931 1662 3005 ibidem,
1686 2931 1765 2993 inira
1787 2937 1890 2991 tamen

1082 3073 1083 3076 ,
1146 3027 1259 3104 viginti
1281 3041 1378 3087 annos
1398 3033 1474 3087 tunc
1495 3025 1636 3103 proxime
1658 3024 1790 3098 tuturos,
1809 3023 1891 3102 quod

382 3120 401 3194 ἓ
422 3120 451 3182 3.
475 3119 590 3194 Quibus
611 3118 724 3196 dubiis,
747 3127 778 3182 et
799 3137 908 3183 eorum
929 3124 1091 3186 resolutio-

343 3215 434 3276 nibus
456 3213 544 3276 nobis
565 3229 620 3292 per
642 3231 714 3276 ven.
731 3214 860 3276 tratrem
881 3217 1090 3295 Archiepisco·

342 3321 420 3386 pum
450 3307 605 3369 llamiatae
637 3308 896 3384 congregationis
928 3311 958 3373 S.
993 3311 1088 3374 Officii

342 3401 535 3462 Assessorena
553 3401 669 3476 relatis,
686 3402 891 3465 resolutiones
907 3403 983 3482 ipsas
998 3404 1090 3483 plene

342 3493 556 3571 approbantes,
581 3502 690 3556 cuncta
711 3509 758 3570 ea,
774 3509 851 3574 quae
874 3495 958 3558 iuxta
982 3513 1088 3559 earum

343 3596 485 3650 tenorem
517 3588 726 3650 confirmanda
748 3598 800 3652 aut
828 3591 1016 3652 moderanda
1038 3591 1089 3652 vel

342 3681 521 3744 declaranda
537 3697 569 3743 ac
587 3682 620 3743 in
636 3682 800 3743 nonnullis
821 3683 1010 3745 remittenda
1025 3684 1088 3744 visa

341 3782 428 3849 sunt,
451 3774 621 3852 respective
635 3776 900 3850 confirmavimus,
917 3777 1090 3838 moderavi-

342 3884 424 3942 mus,
456 3867 680 3930 declaravimus
702 3868 788 3929 etin
814 3869 975 3932 nonnullis
996 3870 1088 3931 remi·

340 3961 449 4023 simus.
473 3961 630 4036 Quocirca,
653 3977 749 4024 veno.
767 3961 887 4038 iratres,
900 3965 1003 4026 dilecti
1019 3964 1087 4039 srlii,

341 4055 428 4116 vobis
443 4055 638 4130 iniungimus
653 4063 683 4116 et
695 4055 887 4132 mandamus,
900 4063 947 4130 ut,
960 4073 1015 4136 pro
1025 4059 1088 4119 sin-

342 4147 443 4223 1111111
464 4149 566 4209 vestra
587 4149 619 4209 ln
642 4163 698 4209 nos
719 4155 812 4227 atque
831 4151 911 4212 hanc
926 4150 957 4212 S.
975 4151 1088 4213 Sedem

342 4243 530 4317 reverentia,
547 4257 760 4320 quaecumque
782 4258 837 4320 per
858 4244 947 4305 hasce
969 4251 1088 4306 nostras

342 4336 448 4398 literas
470 4337 507 4398 de
533 4335 714 4414 apostolicae
740 4337 931 4398 auctoritatis
953 4338 1089 4416 plenitu-

343 4430 416 4492 dine
437 4430 488 4491 vel
509 4429 691 4492 confirmata
713 4428 763 4490 vel
787 4428 909 4492 decreta
930 4441 982 4493 aut
1004 4447 1087 4510 prae-

342 4523 452 4600 scripta
474 4519 567 4598 sunt,l
582 4522 772 4584 sanctissime
798 4525 974 4587 custodiatis
995 4531 1087 4603 atque

343 4620 380 4682 ab
400 4618 544 4680 omnibus
558 4619 708 4680 servanda
722 4618 944 4680 studiosissime
960 4621 1085 4682 curetis:

343 4713 538 4783 obsecrantes
555 4727 609 4772 vos
631 4712 664 4773 in
687 4712 816 4772 Domino
832 4713 1016 4790 perviscera
1031 4715 1088 4775 mi-

343 4805 527 4868 sericordiae
538 4803 591 4865 Dei
606 4805 714 4880 nostri,
731 4812 777 4881 ut,
794 4809 1012 4868 controversiis
1027 4809 1088 4868 iam

343 4901 471 4962 remotis
492 4905 524 4960 et
547 4899 675 4960 omnino
705 4900 836 4976 evulsis,
860 4901 971 4962 alacres
996 4910 1089 4980 atque

343 4995 440 5056 animi
461 4994 559 5054 nostri
580 4993 722 5055 sensibus
747 4996 915 5056 concordes
935 4996 1035 5057 studia
1057 5003 1088 5056 et

344 5087 462 5150 labores
477 5095 595 5148 vestros
611 5087 643 5148 io
657 5089 834 5149 animarum
848 5087 993 5161 salutem,
1009 5105 1087 5168 quate

343 5181 623 5260 praestantissimus
644 5189 765 5243 vestrae
791 5182 959 5244 vocationis
987 5190 1033 5243 est
1054 5183 1087 5243 fi-

344 5274 403 5350 nis,
426 5291 481 5354 pro
512 5274 630 5337 viribus
662 5275 835 5336 conteratis.
866 5277 967 5354 atque
989 5275 1086 5351 vobis,

344 5383 441 5430 venn.
465 5368 585 5444 iratres,
608 5367 711 5430 dilecti
733 5367 802 5444 salii,
818 5369 1014 5447 apostolicam
1036 5370 1088 5432 be-

344 5463 553 5525 nedictionem
575 5471 772 5540 peramanter
794 5462 1006 5539 impertimur.

383 5555 496 5617 Datum
523 5555 648 5631 Romae,
679 5557 756 5633 apud
786 5553 817 5617 S.
848 5557 973 5619 Mariam
997 5557 1089 5618 11111-

344 5665 423 5725 rem,
439 5650 497 5712 sub
515 5649 632 5710 annulo
654 5649 824 5726 Piscatoris‚
844 5652 892 5713 die
910 5666 998 5711 xxiv.
1015 5666 1086 5728 aug.

344 5759 557 5819 1111111111,
580 5745 774 5836 pontificatus
802 5745 900 5806 nostri
921 5761 1003 5807 anno
1023 5762 1053 5804 v.

385 5959 415 6018 11)
430 5959 467 6004 Ex
481 5959 547 6005 Ball.
564 5959 594 6005 de
609 5963 682 6018 Prop.
698 5957 768 6018 hide,
782 5960 832 6007 vol.
849 5964 887 6017 11,
901 5972 958 6018 pag.
976 5961 1021 6006 rot.

1145 3122 1202 3201 ipsi
1214 3118 1830 3198 locorumOrdinarii,depresbyterorum
1842 3136 1891 3182 ea·

1145 3216 1289 3278 rumdam
1302 3223 1457 3292 tamquam
1472 3213 1648 3276 adiutorum
1660 3223 1690 3275 et
1701 3229 1891 3275 assessorum

1145 3325 1274 3373 suorum
1287 3309 1319 3371 in
1331 3309 1404 3372 locis
1415 3307 1569 3386 praetatis,
1582 3317 1612 3368 et
1623 3307 1675 3369 ubi
1687 3323 1796 3369 eorum
1808 3322 1891 3368 com-

1145 3407 1236 3467 modo
1257 3403 1406 3482 potuisset
1433 3402 1537 3464 haberi
1559 3401 1661 3480 copia,
1691 3401 1837 3476 consilio,
1860 3408 1891 3463 11

1145 3515 1215 3562 cum
1229 3498 1289 3559 illis
1304 3497 1396 3559 etiam
1413 3497 1444 3557 in
1459 3495 1593 3558 iudiciali
1607 3495 1690 3573 loro;
1712 3497 1745 3558 in
1762 3496 1890 3573 reliquis

1144 3600 1249 3654 autem
1270 3590 1449 3670 provinciis,
1471 3587 1704 3652 ordinariorum
1719 3589 1891 3668 praesentia

1145 3686 1312 3758 destitutis,
1335 3683 1385 3745 vel
1406 3683 1443 3744 ab
1464 3684 1507 3744 eis
1528 3683 1668 3757 remotis,
1691 3683 1773 3761 quod
1795 3683 1890 3745 iidem

1144 3779 1347 3859 provinciales
1362 3785 1393 3837 et
1408 3777 1545 3855 deputati
1559 3777 1730 3854 presbyteri
1745 3792 1818 3838 cum
1833 3776 1890 3838 eis-

1145 3875 1215 3936 dem
1238 3871 1400 3950 neophytis
1415 3871 1509 3932 etlam
1531 3871 1563 3931 in
1579 3877 1712 3947 utroque
1727 3869 1804 3943 loro,
1821 3885 1889 3930 auc·

1145 3967 1269 4030 toritate
1290 3965 1462 4046 apostolica,
1480 3965 1573 4041 gratis
1595 3964 1772 4042 dispensare
1793 3963 1890 4024 libere

1144 4069 1175 4123 11
1197 4061 1280 4123 111111
1308 4059 1465 4135 valerent,
1496 4059 1619 4137 plenam
1642 4068 1673 4122 et
1693 4059 1822 4122 liberam
1848 4060 1890 4121 la-

1144 4157 1290 4218 cultatem
1319 4155 1376 4216 sub
1402 4153 1492 4216 certis
1522 4154 1666 4215 modoet
1693 4153 1791 4214 torma
1814 4161 1889 4216 tuuc
1935 4180 1936 4184 ¹

1145 4250 1306 4328 cupressis,
1330 4247 1529 4323 concesserit3
1553 4255 1583 4308 et
1604 4247 1676 4308 alias
1691 4255 1783 4324 prout
1798 4247 1830 4307 in
1846 4246 1890 4326 ip·

1144 4343 1206 4404 sios
1229 4342 1272 4402 Pii
1293 4341 1534 4420 praedecessoris
1556 4341 1655 4402 nostri
1675 4339 1786 4402 litteris
1801 4340 1890 4402 desu-

1145 4454 1199 4517 per
1221 4438 1252 4497 in
1283 4436 1377 4496 simili
1408 4435 1506 4496 torma
1537 4434 1644 4496 Brevis
1669 4435 1717 4496 die
1745 4450 1796 4494 xv.
1821 4433 1889 4495 iulii

1145 4545 1280 4592 uocatu.
1309 4527 1459 4606 expeditis
1486 4528 1612 4589 uberius
1638 4528 1835 4603 continetur3
1858 4535 1889 4588 et

1143 4623 1311 4684 successive
1327 4621 1379 4682 alii
1394 4621 1523 4682 Romani
1536 4621 1699 4682 Pontifices
1714 4621 1889 4699 praedeces-

1144 4733 1226 4778 sores
1238 4716 1335 4777 nostri
1347 4715 1523 4777 laenitatem
1537 4715 1714 4778 huiusmodi
1729 4723 1791 4777 tarn
1806 4729 1889 4792 pres-

1144 4809 1259 4888 byteris
1281 4825 1372 4887 quam
1394 4808 1560 4871 ordinariis
1577 4809 1720 4887 praelatis
1741 4823 1805 4870 non
1822 4823 1888 4886 per-

1144 4913 1237 4984 petuo
1266 4903 1318 4964 sed
1340 4903 1375 4964 ad
1400 4910 1482 4963 certa
1514 4902 1644 4964 limitata
1676 4912 1832 4980 tempora,
1856 4917 1889 4964 ac

1144 4997 1325 5070 novissime,
1348 5011 1460 5074 nempe
1481 4994 1530 5056 die
1552 5011 1596 5055 xi.
1611 4995 1690 5058 iunii
1712 5011 1822 5057 uacci.
1840 5011 1888 5056 re·
1920 5012 1998 5076 ,nuta
2014 5013 2119 5061 taenara-

1144 5089 1289 5152 colendae
1310 5090 1479 5150 memoriae
1493 5088 1639 5150 Clemens
1661 5089 1715 5150 PP.
1734 5089 1889 5167 1111111-
1907 5066 2119 5179 {fflffiffflss

1144 5183 1282 5246 decessor
1296 5183 1390 5244 etiam
1405 5189 1510 5244 noster
1525 5181 1560 5243 ad
1575 5181 1687 5258 viginti
1702 5199 1799 5244 annos
1814 5195 1890 5244 tuuc
1908 5175 2066 5274 {garinganu
2076 5187 2119 5222 an-

1144 5278 1301 5356 prcuimos
1316 5291 1451 5354 persnas
1473 5275 1644 5354 respective
1659 5275 1691 5335 in
1706 5276 1812 5337 eadem
1828 5275 1888 5336 lor·
2003 5263 2007 5273 '

1144 5371 1194 5432 ma
1216 5369 1322 5431 Rrevis
1344 5370 1472 5444 litteras,
1484 5369 1542 5430 sub
1563 5369 1655 5430 certis
1676 5368 1767 5430 modo
1783 5376 1814 5429 et
1828 5368 1888 5428 ior-

1144 5466 1193 5525 ma
1214 5465 1247 5525 in
1270 5464 1330 5525 illis
1359 5464 1527 5542 expressis,
1551 5463 1634 5525 inter
1659 5461 1716 5523 alla
1744 5478 1888 5541 proroga-

1144 5559 1225 5619 verit
1246 5574 1300 5619 seu
1316 5559 1353 5620 de
1368 5573 1450 5618 novo
1460 5557 1660 5632 concesserit3
1685 5564 1726 5632 et,
1739 5557 1818 5618 sicut
1833 5573 1888 5635 pro

1144 5657 1230 5728 parte
1241 5650 1343 5712 dilecti
1356 5650 1412 5712 salii
1427 5650 1632 5728 procuratoris
1644 5648 1796 5726 generalis
1807 5649 1888 5711 eius-

1145 5745 1214 5806 dem
1238 5743 1395 5806 Societatls
1410 5743 1478 5805 lesu
1494 5743 1581 5806 nobis
1596 5758 1697 5821 nuper
1712 5743 1888 5821 expositum
