4866 6980
329 557 382 610 An.
397 559 426 611 Ο.
449 557 515 611 1681

341 873 443 920 Accedit
460 885 525 921 cem-

314 927 446 972 mendatie
460 929 525 984 regis

314 979 440 1028 catholici.

565 553 605 618 48

545 700 679 772 pertune
700 693 860 771 providere
881 700 911 754 ct
930 697 965 754 ul
979 691 1058 754 inira
1076 689 1240 767 indulgere
1253 691 1290 752 de

545 786 735 863 benignitate
755 785 916 864 apostolici
935 785 1147 862 dignaremur.

584 881 602 954 ἓ
617 880 644 942 3.
663 879 724 942 Nes
739 879 845 955 igitur,
862 878 1033 940 incolarum
1048 878 1180 941 civitatis
1196 884 1226 940 et
1242 877 1288 939 in·

543 975 682 1036 solarum
704 971 909 1052 praelatarum
930 971 1112 1045 commodis,
1135 978 1288 1048 quantum

542 1083 613 1129 cum
636 1067 764 1128 Domino
778 1081 952 1144 possumus,
968 1065 1142 1140 consulere,
1158 1065 1288 1126 dictum-

542 1178 602 1240 que
614 1161 806 1238 alphonsum
820 1159 957 1238 specialis
972 1157 1074 1220 lavore
1090 1159 1205 1234 gratiae
1219 1174 1288 1236 pro·

541 1255 629 1332 sequi
650 1255 801 1328 volentes,
824 1261 854 1315 et
869 1272 885 1314 a
899 1253 1060 1332 quibusvis
1075 1252 1287 1314 exeommuni-

542 1349 679 1420 cationis,
696 1346 906 1426 suspensionis
928 1354 958 1408 et
977 1345 1143 1420 interdicti,
1158 1345 1287 1424 aliisque

542 1441 750 1504 ecclesiasticis
771 1441 947 1514 sententiis,
971 1439 1108 1503 censuris
1122 1447 1153 1501 et
1166 1439 1285 1517 poenis

541 1553 557 1594 a
579 1535 646 1597 iure
668 1535 718 1596 vel
737 1535 774 1596 ab
788 1534 927 1608 homine,
943 1534 1051 1612 quavis
1066 1531 1222 1595 occasione
1235 1532 1286 1593 vel

541 1629 629 1688 causi
651 1628 729 1704 latis,
745 1627 897 1706 siquibus
913 1625 1144 1704 quomodolibet
1159 1626 1286 1688 innoda-

542 1729 591 1783 tus
612 1721 728 1798 existit,
750 1723 785 1783 ad
808 1721 952 1782 ellectum
973 1720 1183 1797 praesentium
1198 1721 1286 1782 dum·

540 1823 622 1876 ‘taxat
634 1815 900 1894 consequendum,
913 1816 1023 1876 harum
1036 1813 1115 1874 serie
1126 1813 1287 1874 absolven-

541 1916 585 1968 tes
605 1915 636 1969 et
651 1909 827 1969 ahsolutum
842 1907 907 1968 lore
920 1913 1092 1981 censentes,
1108 1905 1285 1967 huiusmodi

539 2001 812 2078 supplicationibus
834 2001 984 2074 inclinati,
1007 2001 1044 2061 de
1059 1999 1284 2061 venerabilium

540 2092 670 2154 lratrum
701 2103 878 2155 nostrorum
900 2093 931 2156 S.
956 2093 990 2154 R.
1015 2093 1050 2154 ll.
1075 2092 1284 2156 Cardinalium

539 2187 672 2263 negotiis
703 2186 913 2264 propagandae
942 2185 1010 2248 fidei
1040 2187 1283 2265 praeposueram

539 2281 678 2354 consilio,
702 2287 733 2340 et
754 2287 871 2341 attente
893 2279 972 2356 qued
995 2277 1120 2354 praelati
1135 2277 1283 2355 hiphonsi

538 2373 685 2435 instantia
715 2371 891 2434 huiusmodi
913 2388 928 2430 a
950 2371 1061 2432 dilecte
1091 2371 1154 2430 tilio
1188 2369 1283 2432 nobili

539 2467 606 2528 viro
621 2467 749 2544 Gaspare
764 2465 802 2524 de
816 2465 894 2526 Hace
908 2479 927 2541 v
942 2463 1089 2536 Gnsman,
1106 2462 1283 2523 marchione

491 2563 495 2572 '
538 2560 575 2621 de
596 2560 716 2636 Carpie,
739 2557 888 2620 carissimi
911 2557 942 2616 in
964 2556 1086 2618 Christo
1108 2556 1162 2616 filii
1184 2555 1283 2616 nestri

387 3033 519 3080 Concessio

309 3086 444 3132 Pontiilcis.

539 2653 638 2716 Caroli
653 2651 867 2733 Hispaniarum
882 2651 964 2726 regis
979 2649 1120 2711 catholici
1134 2650 1211 2727 apud
1228 2663 1282 2708 nes

537 2753 568 2809 et
596 2747 707 2808 senem
738 2743 942 2822 hpostelicam
973 2751 1110 2818 oratore,
1144 2741 1282 2803 eiusdem

539 2839 638 2903 Caroli
659 2840 740 2916 regis
762 2837 890 2900 nomine
905 2835 1118 2898 commendata
1134 2836 1203 2910 leil,
1219 2853 1281 2897 aca-

538 2935 670 2996 demiam
693 2933 724 2994 in
745 2931 917 3010 supradicte
941 2931 1071 3006 collegio
1093 2931 1124 2992 S.
1148 2930 1281 2990 Themae

537 3027 670 3088 civitatis
691 3026 827 3089 hienilan
848 3026 970 3088 Ordinis
991 3023 1281 3098 Praedicatorum,a

539 3127 707 3182 memerato
723 3120 904 3182 innocentie
918 3121 1147 3196 praedecessore
1162 3116 1196 3176 ad
1211 3133 1283 3194 sup·

536 3213 731 3292 plicationem
752 3213 879 3292 praelati
893 3211 1024 3291 Philippi
1041 3212 1121 3287 regis
1136 3217 1278 3284 erectam,

537 3313 571 3368 ut
592 3307 776 3386 praefertur,
797 3307 829 3368 in
851 3307 1004 3384 publicam
1019 3305 1114 3367 studii
1129 3305 1281 3380 generalis

536 3401 784 3475 universitatem,
807 3401 839 3462 in
861 3417 921 3478 qua
941 3399 1034 3460 etiam
1056 3399 1132 3460 sacri
1148 3413 1280 3459 canonos

536 3511 569 3556 ac
591 3495 672 3570 leges
692 3495 798 3556 civiles
818 3502 850 3554 et
871 3493 1023 3555 medicina
1053 3491 1175 3570 publice
1195 3507 1279 3569 prae-

535 3587 597 3663 legi
618 3594 649 3648 et
670 3589 784 3662 doceri,
806 3589 980 3666 harumque
999 3587 1199 3648 scientiarum
1215 3586 1281 3646 sive

535 3679 716 3744 facultatum
736 3682 908 3754 cathedrae,
930 3697 946 3740 a
967 3681 1106 3759 personis
1120 3679 1280 3741 saeculari-

534 3776 591 3838 bus
613 3776 763 3838 hahilibus
784 3782 815 3836 et
836 3774 952 3836 idoneis
977 3774 1130 3850 regendae
1151 3781 1182 3835 et
1203 3773 1282 3835 obti-

536 3871 666 3944 nendae,
689 3869 811 3930 landari
831 3874 863 3928 et
883 3866 1005 3931 institui
1025 3867 1159 3941 valeant,
1175 3868 1210 3928 ad
1233 3867 1280 3928 in-

534 3968 597 4023 star
625 3960 829 4039 praelatarum
861 3960 1100 4022 universitatum
1132 3959 1279 4021 Limanae

535 4064 565 4116 et
587 4055 770 4130 hicnicanae,
786 4055 965 4118 anctoritate
982 4053 1154 4132 apostolica,
1172 4059 1279 4114 tenore

534 4149 830 4227 pr·aescntium,sine
840 4149 1061 4226 cuiuscumque
1072 4147 1198 4209 alterius
1209 4145 1278 4208 uni-

533 4243 687 4304 versitatis
707 4243 801 4305 studii
823 4241 974 4319 generalis
999 4239 1197 4318 praeiudicio,
1219 4239 1278 4300 cri-

534 4337 637 4412 gimus
658 4343 689 4398 et
715 4335 923 4398 instituimus:
954 4335 993 4396 ila
1022 4342 1127 4396 tamen
1153 4341 1188 4395 ut
1209 4332 1279 4394 uni-

534 4429 661 4491 versitas
693 4429 868 4492 huiusmodi
887 4429 931 4490 sic
951 4433 1051 4490 erecta
1073 4436 1104 4488 et
1124 4426 1276 4500 instituta,

532 4521 630 4583 donec
651 4529 682 4583 et
702 4538 862 4601 quousque
882 4521 938 4582 alia
959 4520 1078 4600 publica
1093 4517 1278 4581 universitas

532 4615 694 4693 apostolica
715 4622 746 4675 et
767 4614 877 4691 regalis
897 4614 933 4676 ad
953 4613 1084 4674 lormam
1106 4612 1196 4673 modo
1217 4610 1278 4673 dic·

535 4715 635 4770 tarum
657 4707 909 4780 universitatum,
930 4713 961 4767 et
982 4704 1161 4778 penaliter,
1177 4703 1277 4765 autin

533 4803 639 4864 eidem
659 4801 784 4863 civitate
804 4801 950 4874 hienilau,
967 4807 1019 4862 aut
1040 4799 1073 4861 in
1092 4799 1158 4861 aliis
1173 4798 1278 4874 regnis

533 4893 733 4958 vicinioribus
747 4901 944 4956 construatur
958 4910 1012 4955 scu
1028 4893 1176 4969 erigatur,
1189 4893 1277 4954 dum·

534 4994 614 5050 taxat
634 4989 745 5050 durare
766 4987 890 5064 debeat3
913 5003 947 5049 ac
967 4987 1068 5048 eidem
1082 4985 1277 5048 universitati

532 5083 625 5146 studii
647 5081 811 5159 generalis,
833 5082 876 5143 sic
896 5097 951 5160 per
968 5087 1144 5160 praesentes
1159 5087 1277 5142 erectae

533 5184 564 5240 el
585 5177 755 5251 institutae,
785 5175 930 5254 illiusque
956 5175 1080 5250 rectori,
1110 5173 1276 5252 magistris,

532 5271 716 5345 doctoribus,
729 5269 905 5344 lectoribus,
918 5269 1176 5348 praeceptoribus,
1191 5268 1278 5330 sche-

533 5363 657 5438 laribus,
686 5361 947 5442 procuratoribus
981 5361 1112 5436 bideilis,
1141 5360 1275 5434 nunciis,

532 5457 703 5535 ceterisque
730 5453 919 5529 officialibus,
946 5455 1097 5516 ministris
1122 5461 1153 5516 et
1174 5470 1276 5533 perso-

533 5549 580 5610 nis
601 5550 850 5628 quibuscumque
870 5565 926 5627 pro
952 5555 1091 5628 tempere
1119 5549 1277 5611 existenti-

532 5642 600 5719 hus,
623 5651 658 5705 ut
679 5641 822 5704 omnibns
839 5648 870 5704 et
883 5642 1015 5718 singuiis
1030 5641 1214 5722 privilegiis,
1230 5642 1276 5702 in-

531 5736 635 5812 dultis,
658 5735 861 5812 libertatibus,
878 5735 1136 5810 immunitatibus,
1153 5750 1276 5814 exemp·

533 5831 680 5904 tionibus,
702 5829 870 5906 favoribus,
898 5831 1014 5906 gratiis,
1043 5827 1273 5908 praerogativis,

989 545 994 556 '
1068 567 1133 615 ten.
1158 570 1248 616 ronr-
1272 571 1312 616 on
1334 567 1362 616 r.
1387 565 1416 616 h.
1440 566 1522 618 raas
1544 569 1565 617 t.

1346 689 1424 750 latae
1445 689 1663 752 universitates
1692 691 1867 756 studiorum
1898 694 2091 770 generalium

1286 809 1293 826 ·
1345 782 1493 844 Limanae
1513 791 1545 846 et
1573 784 1757 861 hlexicanae,
1790 787 1914 850 iliarum
1945 796 2090 866 rectores,

1346 877 1496 953 magistri,
1520 876 1669 954 doctores,
1699 879 1838 957 lectores,
1868 889 2090 960 praeceptores,

1344 968 1507 1044 scholares,
1531 978 1754 1048 procuratores,
1776 973 1891 1048 bidelli,
1908 974 2027 1048 nuncii,
2043 991 2091 1038 ce-

1345 1063 1465 1140 terique
1481 1063 1635 1138 officiales,
1649 1065 1785 1128 ministri
1799 1073 1831 1128 et
1842 1083 1990 1146 personae
2000 1085 2091 1148 quae-

1344 1171 1478 1234 cumque
1509 1159 1696 1236 respective,
1726 1167 1788 1221 tum
1810 1160 1848 1222 de
1868 1162 1952 1236 iure,
1980 1179 2039 1224 usu
2060 1171 2090 1226 et

1343 1252 1590 1327 consuetudine,
1626 1269 1718 1331 quam
1752 1254 1824 1316 alias
1859 1256 2091 1334 quomodolibet

1344 1350 1486 1420 utuntur,
1510 1345 1673 1420 potiuntur
1694 1353 1724 1408 et
1742 1347 1888 1423 gaudent,
1904 1365 1938 1410 ac
1953 1349 2010 1424 nti,
2027 1347 2089 1411 lrui

1343 1442 1373 1496 ct
1388 1438 1522 1512 gaudere
1537 1447 1665 1516 possunt
1679 1447 1709 1502 et
1724 1447 1871 1518 poterunt
1886 1441 1918 1504 in
1933 1440 2088 1516 interum,

1343 1543 1406 1590 nen
1417 1530 1519 1592 selum
1534 1531 1569 1592 ad
1581 1548 1691 1594 eorum
1704 1532 1809 1610 instar,
1822 1536 1980 1598 sedetiam
1993 1551 2090 1615 aeque

1342 1622 1553 1702 principaliter
1570 1633 1602 1688 ct
1616 1627 1834 1704 parilermiter,
1851 1628 1884 1691 in
1899 1629 2045 1690 omnihus
2058 1637 2090 1690 et

1342 1730 1397 1792 per
1417 1718 1519 1778 emnia
1535 1719 1593 1796 uti,
1610 1719 1682 1795 lrui,
1699 1722 1791 1798 peliri
1813 1727 1844 1782 et
1859 1724 2008 1798 gaudere3
2025 1739 2088 1784 rec-

1343 1807 1401 1868 tori
1429 1818 1532 1872 antem
1560 1813 1655 1889 ipsius
1684 1814 1895 1876 universitatis
1923 1831 1978 1894 per
2004 1831 2088 1894 prac-

1340 1909 1443 1963 sentes
1471 1914 1607 1982 erectae,
1640 1915 1690 1982 ut,
1725 1908 1872 1985 quamdiu
1904 1910 2089 1972 universitas

1341 1995 1519 2059 huiusmodi
1540 1999 1620 2060 sicut
1641 2002 1851 2078 praemittitur
1868 2003 2037 2077 duraverit,
2054 2002 2089 2063 ii-

1340 2087 1395 2162 los,
1419 2104 1495 2166 ques
1515 2090 1549 2151 in
1570 2093 1677 2154 eidem
1698 2095 1900 2158 universitate
1929 2111 1984 2173 per
2005 2094 2087 2158 debi-

1342 2187 1409 2242 tum
1432 2191 1552 2262 tempus
1573 2187 1726 2248 studuisse
1748 2205 1781 2248 ac
1801 2187 1929 2250 scientia
1948 2197 1979 2250 et
1994 2191 2087 2252 rneri-

1340 2274 1395 2335 hus
1417 2275 1543 2338 idoneos
1562 2295 1628 2340 esse
1649 2281 1810 2358 repererit,
1834 2281 1867 2344 in
1889 2282 2031 2360 praelatis
2046 2283 2088 2344 la-

1338 2367 1516 2444 cultatibus,
1537 2371 1603 2432 sive
1624 2373 1769 2448 scientiis,
1793 2390 1871 2452 quae
1893 2378 1925 2436 in
1939 2376 2003 2454 ipsa
2018 2378 2087 2438 uni-

1338 2463 1484 2524 versitate
1504 2465 1699 2528 decebuntnr
1718 2483 1773 2530 seu
1796 2468 1952 2544 legentur,
1968 2472 2005 2533 ad
2020 2471 2088 2531 hac-

1338 2553 1537 2632 calaureetus,
1555 2559 1647 2620 etiam
1662 2559 1797 2635 iormati,
1813 2561 2040 2638 licentiaturae,
2053 2579 2087 2624 ac

1338 2644 1510 2710 doctoratus
1542 2658 1571 2712 et
1598 2653 1771 2729 magisterii
1804 2657 1935 2731 grance,
1967 2657 2086 2718 servati

1340 2745 1441 2800 tamen
1464 2743 1497 2803 in
1519 2745 1662 2808 omnihus
1684 2754 1714 2808 et
1736 2748 1909 2824 peremnia
1926 2749 2021 2810 lereti
2036 2747 2086 2809 de·

1337 2841 1494 2896 craterum
1520 2836 1707 2900 Viennensis
1728 2846 1760 2902 el
1781 2839 1956 2904 Tridentini
1979 2843 2085 2904 Conci-

1337 2924 1451 2988 lior-um
1477 2929 1696 3006 praelatorum,
1719 2933 1831 3011 quihus
1857 2934 1889 2996 in
1911 2935 2014 3013 alique
2035 2934 2085 2997 de-

1338 3033 1446 3094 rogare
1477 3037 1540 3082 uon
1573 3023 1783 3102 intendimus,
1817 3033 1848 3087 et
1876 3028 1967 3102 aliis,
2001 3029 2084 3090 iuxta

1338 3109 1503 3176 laudabiles
1523 3118 1768 3194 supradictarum
1786 3119 1933 3182 Limanae
1946 3129 1978 3182 et
1992 3121 2085 3184 lieri·

1336 3221 1427 3266 canae
1444 3209 1681 3272 universitatum
1697 3213 1775 3274 ritus
1789 3221 1820 3275 el
1831 3213 2083 3289 consuetudines,

1336 3317 1532 3378 promovere,
1554 3305 1703 3382 solitaque
1733 3307 1886 3384 graduum
1906 3289 2084 3370 huiusmodi

1336 3396 1469 3472 insignia
1484 3396 1527 3457 eis
1541 3397 1682 3460 conlerre
1695 3405 1726 3459 el
1742 3399 1905 3476 exhibere3
1922 3399 1995 3478 ipsis
2010 3415 2084 3462 vero

1336 3489 1372 3550 ad
1393 3492 1517 3553 eosdem
1538 3493 1651 3568 gradus
1671 3509 1726 3571 per
1748 3493 1836 3555 illum
1857 3494 1900 3557 sic
1921 3495 2082 3573 premetis,

1336 3591 1370 3646 nt
1402 3592 1504 3662 postea
1536 3585 1657 3662 publice
1687 3587 1895 3666 privatimque
1925 3587 2018 3650 etiam
2051 3589 2083 3650 in

1335 3679 1480 3741 omnibus
1494 3679 1560 3740 aliis
1576 3679 1831 3742 universitatibus
1845 3680 2020 3743 studiorum
2032 3697 2082 3758 ge-

1335 3771 1489 3834 neralium
1510 3772 1670 3836 facultates
1689 3773 1755 3835 sive
1782 3773 1925 3836 scientias
1949 3775 2083 3854 praedie-

1336 3873 1379 3926 las
1400 3865 1570 3944 respective
1591 3865 1665 3927 alios
1689 3867 1799 3928 docere
1818 3873 1850 3927 et
1871 3867 2081 3946 interpretari,

1334 3957 1372 4020 de
1394 3959 1437 4020 eis
1459 3959 1632 4038 disponere,
1656 3959 1792 4038 aliosque
1813 3967 1897 4022 actus
1918 3976 2082 4038 quoscum-

1334 4068 1394 4130 que
1416 4067 1524 4114 corum
1544 4052 1686 4128 gradihus
1700 4053 1923 4116 convenientes
1937 4070 2081 4116 exercere

1333 4143 1429 4206 iibere
1451 4153 1482 4206 et
1503 4144 1586 4208 licite
1607 4145 1724 4224 possint
1745 4153 1776 4208 et
1797 4146 1918 4208 valeant
1938 4149 2082 4226 respecti-

1333 4252 1384 4310 ve,
1402 4238 1582 4300 auctoritale
1603 4245 1634 4300 et
1650 4245 1757 4300 tenere
1772 4239 1993 4318 praesentium,
2009 4259 2079 4304 cen-

1333 4329 1469 4392 cedimus
1491 4336 1522 4392 et
1542 4332 1760 4409 indulgemus:
1783 4333 1864 4394 salvi
1884 4341 1986 4396 tamen
2001 4351 2080 4398 som-

1332 4438 1388 4499 per
1409 4423 1441 4485 in
1463 4424 1635 4502 praemissis
1659 4427 1840 4489 auctoritate
1862 4429 2080 4506 congregatio-

1334 4515 1382 4577 nis
1403 4525 1645 4590 mentoralorum
1668 4518 1888 4582 cardinalium.

1373 4609 1442 4684 §ln
1465 4611 1671 4673 Decernentes
1692 4612 1770 4691 ipsas
1797 4621 1974 4692 praesentes
1999 4615 2078 4678 litte

1333 4719 1381 4764 ras
1402 4704 1517 4779 sirmas,
1540 4704 1654 4766 validas
1680 4713 1712 4766 et
1739 4705 1874 4768 eiiicaces
1895 4708 2026 4770 existere
2048 4717 2079 4772 ct

1333 4795 1409 4872 iere,
1438 4813 1572 4875 suesque
1600 4797 1752 4875 plenarios
1772 4807 1803 4860 et
1826 4800 1963 4878 integros
1991 4802 2079 4864 elleo-

1334 4897 1382 4952 tus
1410 4891 1512 4952 sortiri
1540 4899 1571 4952 et
1599 4890 1750 4968 obtinere,
1776 4909 1810 4955 ac
1837 4893 1908 4969 iliis,
1935 4867 1985 4956 ari
2001 4911 2077 4974 quos

1332 4991 1447 5062 spectat
1468 4990 1497 5046 et
1519 4999 1573 5062 pro
1596 4990 1736 5064 tempore
1755 4985 1914 5064 spectabit,
1931 4987 1963 5049 iu
1978 4990 2078 5051 emni-

1331 5078 1389 5140 bus
1410 5082 1440 5138 el
1461 5077 1640 5156 peremnia
1661 5077 1841 5156 plenissime
1860 5079 2031 5158 suflragari,
2048 5091 2079 5145 et

1332 5171 1369 5233 ah
1390 5171 1433 5233 eis
1457 5172 1627 5250 respective
1658 5171 1879 5236 invielabiliter
1910 5174 2077 5250 observari,

1330 5265 1436 5344 sicque
1455 5265 1489 5327 in
1511 5265 1685 5345 praemissis
1703 5281 1758 5344 per
1772 5281 1985 5346 quoscumque
2000 5267 2078 5330 iudi-

1331 5375 1380 5420 ces
1395 5359 1565 5422 ordinarios
1580 5365 1611 5421 ct
1625 5359 1791 5436 delegatos,
1807 5359 1902 5420 eliam
1916 5375 2077 5424 causarum

1331 5451 1434 5530 palatii
1455 5453 1610 5531 apostolici
1635 5453 1802 5526 auditores,
1825 5451 1951 5520 iudicari
1972 5459 2004 5514 et
2026 5453 2076 5516 de·

1332 5544 1417 5606 finiri
1437 5543 1560 5620 debere,
1582 5561 1615 5607 ac
1636 5545 1762 5606 irritum
1784 5550 1814 5605 et
1836 5545 1929 5606 inane
1949 5543 1975 5606 si
1988 5561 2077 5609 secus

1330 5653 1424 5716 super
1443 5639 1491 5701 his
1513 5655 1528 5699 a
1550 5654 1721 5718 quoquam,
1748 5637 1857 5717 quavis
1880 5639 2074 5716 auctoritate,

1330 5731 1462 5794 scienter
1474 5733 1523 5795 vei
1537 5732 1728 5809 ignoranter,
1741 5731 1907 5809 contigerit
1917 5735 2072 5796 attentari.

2124 4625 2264 4675 elausuiae.

1370 5827 1388 5900 ἓ
1408 5825 1437 5886 li.
1462 5826 1531 5889 Non
1546 5825 1737 5888 obstantibus
1752 5827 1937 5906 praemissis,
1953 5843 1986 5888 ac
2003 5845 2074 5890 con·
2115 5853 2305 5902 canteriorum

532 5923 700 5990 honoribus
720 5930 751 5986 et
771 5923 1034 6004 praeeminentiis,
1060 5921 1171 6002 quibus
1191 5937 1276 6001 prae·
1329 5919 1540 5983 stitutionibus
1566 5927 1598 5983 el
1618 5921 1864 5986 ordinationibus
1890 5921 2072 6002 apostolicis,
2093 5904 2232 5963 careaco.
