4848 6990
938 597 1129 644 ausxanosu
1152 597 1218 640 rnr.
1292 624 1297 638 ,
1778 583 1834 644 lat
1886 581 2075 634 An.tt.1tttto

301 719 448 800 oppidum
468 721 507 781 de
528 718 665 780 Nankim
693 727 918 796 nuncupatum,
940 714 1047 793 ampli·
1105 729 1188 774 mam
1203 713 1384 775 cathedralis
1399 715 1544 776 ecelesiae
1560 716 1655 792 redigi
1672 715 1770 789 iaciat,
1785 733 1855 779 nee-

303 815 426 886 tudine,
456 811 615 874 fertilitate
640 817 671 872 et
700 811 960 872 corrnnerciorum
989 808 1048 870 lre-
1105 822 1169 868 nort
1200 807 1231 867 in
1260 807 1294 867 ed
1320 815 1350 868 et
1377 807 1475 868 dietae
1503 807 1637 871 civitatis
1662 828 1695 872 ac
1717 811 1854 872 eiusdem

300 906 424 984 quentia
444 905 575 978 celebre,
593 906 624 966 in
639 904 721 966 dicto
735 903 845 981 oppido
859 905 897 964 de
911 902 1047 966 Nankim
1104 899 1248 962 ecclesiae
1272 898 1402 962 dioecesi
1425 907 1469 962 tot
1494 901 1671 978 dignitates,
1697 905 1855 966 canonica·

301 1015 361 1060 una
383 998 509 1060 ecclesia
541 999 649 1058 Beatae
672 996 793 1070 Virgini
824 997 931 1069 dicata,
954 995 1047 1056 altera
1105 999 1155 1052 tus
1176 1001 1207 1054 et
1229 993 1429 1071 praebendas,
1451 993 1571 1072 aliaque
1593 995 1740 1058 beneficia
1760 997 1856 1058 eccle-

301 1092 377 1156 inibi
408 1092 572 1164 existente,
605 1090 704 1150 maior
729 1097 760 1149 et
787 1088 975 1168 principalis,
998 1088 1046 1150 eui
1104 1086 1233 1160 siastica,
1256 1102 1328 1147 curn
1350 1088 1422 1148 cura
1443 1094 1475 1150 et
1496 1089 1565 1150 sine
1586 1088 1670 1163 curat,
1686 1097 1762 1167 quot
1779 1089 1854 1151 inibi

300 1185 438 1248 eiusdem
459 1183 542 1259 regis
570 1184 709 1244 Lusitani
737 1181 922 1243 missionarii
952 1177 1049 1241 inser·
1104 1179 1210 1240 divino
1231 1179 1329 1240 cultui
1350 1186 1383 1240 et
1403 1179 1500 1240 dictae
1521 1181 1666 1244 ecclesiae
1680 1182 1807 1245 servitio
1821 1201 1855 1246 ae

301 1279 402 1350 riunt,
425 1284 456 1338 et
477 1275 510 1336 in
531 1291 590 1352 qua
613 1275 722 1336 missae
743 1273 1048 1336 etaliadivinaolli·
1104 1271 1298 1333 ecclesiastici
1332 1271 1407 1334 cleri
1442 1275 1545 1336 ileeori
1576 1275 1634 1336 sibi
1665 1276 1855 1338 videbuntur

299 1373 344 1433 cia
365 1370 561 1432 celebrantur
582 1377 613 1431 et
634 1369 835 1431 ecclesiastica
859 1374 1047 1428 sacramenta
1104 1365 1285 1440 convenire,
1308 1365 1346 1426 do
1367 1366 1515 1444 praedicti
1543 1367 1624 1430 Petri
1647 1375 1679 1430 et
1700 1385 1755 1445 pro
1777 1375 1855 1430 tem-

299 1464 566 1536 administrantur,
589 1463 773 1540 iampridem
805 1469 905 1522 erecta
926 1467 957 1522 et
978 1459 1048 1521 lun·
1105 1473 1178 1534 pore
1192 1459 1354 1520 existentis
1368 1459 1575 1536 Por-tugalliae
1590 1467 1621 1520 et
1636 1461 1853 1536 Algarbtorum

299 1559 365 1619 data
387 1557 510 1630 existat,
532 1571 605 1617 cum
626 1555 757 1616 sacrario
772 1553 808 1614 ad
824 1554 968 1614 divinum
984 1552 1048 1614 cul·
1105 1551 1185 1625 regis
1207 1549 1334 1612 consilio
1356 1559 1386 1613 et
1405 1569 1543 1627 assensu,
1559 1570 1593 1614 ac
1608 1555 1729 1630 praeviat
1745 1571 1855 1616 eorum

301 1659 368 1712 tum
395 1648 589 1712 sufficienter
621 1649 791 1722 instructo;
825 1655 1048 1726 proptereaque
1104 1645 1240 1718 congrua
1262 1645 1428 1720 dotatione,
1451 1645 1685 1724 quamprimum
1706 1647 1772 1708 lieri
1788 1654 1855 1724 pot-

299 1744 416 1806 dictum
436 1743 584 1820 oppidum
606 1745 644 1804 de
658 1740 795 1804 Nanlxim
810 1757 825 1800 a
841 1739 972 1801 dioecesi
989 1739 1047 1800 lla-
1103 1735 1174 1808 erit,
1196 1737 1297 1812 erigut
1318 1745 1349 1798 et
1370 1737 1524 1812 instituat,
1549 1755 1672 1802 necnon
1701 1739 1854 1817 episcopa-

298 1837 464 1900 cbaonensi
495 1836 727 1908 dismembrari,
760 1841 790 1895 et
820 1833 851 1894 in
877 1832 1046 1904 civitatem,
1104 1827 1164 1889 lem
1192 1829 1454 1906 iurisdictionem,
1481 1833 1696 1894 auctoritatem
1717 1843 1749 1894 et
1770 1840 1854 1910 pote·

298 1929 472 2006 dictamque
492 1929 651 1990 eeclesiam
674 1928 782 1988 Beatae
800 1926 939 2002 Virginis
954 1925 986 1984 in
1001 1941 1048 1986 ca·
1103 1928 1215 1983 statem
1229 1939 1385 1996 exercere,
1402 1925 1570 2003 omniaque
1584 1931 1614 1986 et
1628 1926 1763 2002 singula,
1776 1941 1854 2003 quae

298 2022 469 2084 thedralem
489 2023 580 2098 erigi,
603 2031 634 2083 et
656 2021 687 2082 in
710 2021 743 2082 eri
766 2019 952 2082 catholicum
970 2018 1048 2078 anti·
1103 2015 1232 2090 ordinis,
1256 2031 1394 2094 quaeque
1421 2016 1654 2094 iurisdictionis,
1677 2025 1707 2080 et
1728 2017 1853 2082 cuiusli-

296 2117 401 2178 stitem
423 2125 454 2178 et
475 2121 626 2193 pastorem
649 2115 811 2194 proprium
838 2113 971 2184 institui,
994 2111 1047 2189 qui
1104 2107 1154 2168 bet
1180 2108 1308 2170 alterius
1336 2109 1476 2170 muneris
1504 2111 1682 2189 episcopalis
1710 2119 1800 2186 sunt,
1823 2119 1853 2172 et

296 2209 367 2271 illos
387 2209 487 2270 adbuc
507 2208 622 2270 debiles
645 2209 676 2268 in
700 2207 761 2286 ipsi
777 2207 836 2268 dile
850 2206 1045 2278 confirmare,
1103 2217 1182 2279 quae
1202 2201 1254 2261 alii
1277 2209 1339 2262 tam
1360 2202 1392 2262 in
1414 2203 1620 2278 Portugalliae
1640 2211 1673 2266 et
1694 2206 1855 2280 Algarbio-

296 2311 328 2366 et
349 2303 464 2364 maiora
483 2302 649 2362 seminaria
672 2301 820 2378 plantare,
837 2298 1048 2374 dominicique
1103 2309 1175 2354 rum
1192 2295 1296 2370 regnis
1312 2301 1342 2356 et
1357 2295 1503 2356 dominiis
1518 2311 1610 2374 quam
1625 2297 1696 2358 alibi
1713 2300 1853 2361 ubicum-

296 2397 386 2458 orilis
407 2401 490 2472 septa
512 2394 683 2468 aedificare,
706 2401 869 2470 ceteraque
888 2390 1047 2468 pontifica—
1103 2401 1162 2464 que
1190 2388 1348 2449 constituti
1379 2388 1519 2466 Episcopi
1545 2389 1578 2450 in
1606 2390 1670 2451 suis
1699 2392 1851 2466 eeclesiis,

297 2489 336 2550 lia
357 2488 462 2549 omnia
483 2489 515 2549 in
539 2488 599 2548 illis
620 2487 756 2566 partibus
787 2500 932 2546 exercere
953 2483 1048 2560 possit
1102 2479 1278 2541 civitatibus
1299 2489 1330 2542 et
1356 2481 1557 2556 dioecesibus,
1581 2483 1619 2542 de
1640 2483 1708 2545 iure
1729 2493 1760 2545 et
1782 2501 1853 2547 con·

297 2591 328 2646 et
356 2583 475 2655 debeat,
503 2582 634 2642 omnino
665 2579 842 2658 expediret3
875 2576 1047 2639 dovotionis
1101 2573 1280 2646 suetudine,
1304 2574 1352 2634 vel
1374 2574 1447 2634 alias
1474 2575 1704 2652 quomodolibet
1731 2595 1771 2638 ex
1792 2579 1853 2656 pri·

297 2691 370 2738 suae
391 2675 459 2736 zelo
479 2673 603 2748 ductus,
625 2673 747 2752 populis
773 2672 805 2732 in
828 2672 888 2732 illis
909 2670 1047 2748 partibus
1103 2667 1235 2742 vilegiis,
1259 2669 1364 2742 gratiis
1379 2675 1408 2730 et
1424 2668 1554 2730 indultis
1568 2686 1602 2730 ac
1616 2669 1855 2747 dispensationi-

298 2769 483 2845 degentibus
497 2767 659 2829 consulere
674 2766 847 2844 plurimum
861 2770 1045 2841 exoptasset,
1103 2759 1159 2822 bus
1180 2761 1361 2838 apostolicis,
1385 2777 1599 2840 quaecumque
1620 2763 1739 2826 luerint
1760 2765 1853 2827 etiam

298 2879 332 2924 ac
352 2863 440 2924 nobis
460 2877 553 2938 super
575 2862 633 2922 boa
654 2876 709 2938 per
729 2859 795 2920 eius
810 2858 928 2918 litteras
943 2857 1046 2918 bumi-
1102 2869 1157 2931 per
1187 2853 1259 2914 alias
1292 2853 1409 2916 litteras
1440 2857 1618 2932 apostolicas
1649 2857 1693 2920 eis
1721 2860 1853 2937 desuper

297 2955 370 3016 liter
389 2953 604 3033 supplicasset:
1102 2948 1291 3010 nominatim
1311 2955 1343 3010 et
1364 2949 1397 3010 in
1417 2951 1518 3028 specie
1544 2967 1697 3026 concessa,
1719 2953 1852 3014 auctori-

96 3043 277 3153 ,mffiffiflgtssffi
337 3049 406 3123 §2-
430 3048 545 3112 idcirco
566 3063 634 3120 nos,
656 3045 777 3108 maturi
797 3059 891 3123 super
912 3043 959 3104 bis
973 3057 1046 3104 cum
1101 3047 1164 3102 tate
1185 3051 1216 3104 et
1237 3041 1380 3104 facultate
1407 3043 1527 3106 suitulti
1553 3043 1663 3119 lacere,
1686 3051 1718 3107 et
1739 3045 1852 3124 quibus

99 3107 275 3214 tltoeesflts·
295 3143 458 3206 nonnullis
491 3140 721 3203 renerabilibus
756 3139 900 3200 iratribus
932 3135 1047 3198 nostris
1101 3134 1147 3194 uti
1168 3134 1268 3196 solent
1291 3142 1321 3197 et
1342 3143 1482 3212 possunt,
1506 3135 1727 3214 paritormiter,
1754 3153 1852 3215 aeque

99 3205 209 3250 etoleno.
295 3237 327 3301 S.
348 3237 384 3298 lt.
406 3237 442 3298 E.
466 3233 679 3300 cardinalibus
701 3232 958 3309 congregationis
980 3247 1045 3308 par·
1101 3227 1325 3305 principaliter,
1348 3237 1379 3291 et
1400 3229 1514 3308 absque
1537 3228 1596 3292 ulla
1619 3245 1744 3307 prorsus
1766 3230 1851 3292 dide-

296 3331 433 3392 ticularis
454 3331 491 3392 de
518 3328 716 3406 Propagandi
742 3327 817 3389 Fide
837 3339 931 3402 super
953 3323 1045 3385 rebus
1101 3321 1210 3395 remia,
1233 3321 1363 3398 perinde
1384 3323 1463 3384 acsi
1484 3322 1541 3384 sibi
1563 3339 1688 3402 quoque
1709 3325 1853 3386 nemina·

293 3423 453 3484 lndiarum
467 3421 673 3485 Orientalium
686 3417 858 3497 specialiter
871 3416 1044 3494 deputatae,
1101 3413 1158 3474 tim
1179 3421 1209 3475 et
1230 3415 1264 3476 in
1285 3416 1386 3492 specie
1405 3431 1547 3478 concessa
1567 3423 1599 3478 et
1620 3433 1762 3497 expressa
1777 3417 1851 3480 iuis-

294 3513 345 3574 cui
367 3513 529 3588 negotium
557 3509 839 3574 dismembrationis
860 3514 891 3570 et
916 3506 1045 3568 erectio·
1099 3513 1181 3582 sent,
1203 3507 1322 3569 etiamsi
1344 3508 1413 3570 talia
1433 3509 1496 3572 sint
1519 3525 1597 3590 quae
1615 3511 1780 3589 specialem
1796 3527 1851 3574 ne·

295 3605 344 3668 nis
366 3605 544 3668 buiusmodi
558 3603 787 3666 discutiendum
802 3619 819 3664 a
835 3601 922 3662 nobis
937 3599 1046 3662 remis-
1100 3605 1163 3659 tam
1184 3605 1214 3660 et
1235 3600 1430 3662 mentionem
1452 3602 1613 3680 requirant
1634 3609 1664 3664 et
1684 3603 1742 3664 sub
1757 3619 1850 3680 gene·

293 3713 366 3762 sum
387 3697 498 3772 luerat,
520 3697 622 3758 babiti
643 3695 875 3768 deliberatione,
897 3691 1042 3771 oppidum
1099 3691 1155 3752 rali
1176 3693 1372 3754 concessione
1395 3709 1458 3756 non
1481 3695 1621 3770 veniant,
1638 3695 1671 3757 in
1692 3696 1747 3758 sual
1768 3697 1850 3760 dioe-

294 3791 486 3870 praedictum
507 3791 545 3851 de
566 3788 703 3851 Nanlrim
724 3787 887 3866 episcopali
910 3793 941 3847 et
961 3783 1044 3846 cirili
1099 3783 1159 3845 cesi
1181 3786 1218 3846 de
1239 3783 1375 3848 Nanlxim
1394 3785 1505 3861 lacere,
1521 3802 1631 3863 gerere
1652 3797 1683 3850 et
1705 3805 1851 3852 exercere

295 3883 388 3946 titulo
409 3884 542 3958 dignum
563 3881 745 3954 iudicantes,
768 3879 887 3958 piisque
902 3877 974 3940 dicti
991 3877 1043 3937 Pe
1099 3875 1197 3939 libere
1217 3885 1249 3938 et
1266 3877 1349 3940 licite
1363 3879 1458 3957 possit
1472 3887 1504 3940 et
1518 3880 1636 3957 debeat,
1652 3898 1685 3942 ac
1701 3896 1756 3959 pro
1773 3889 1850 3944 tem-

295 3979 337 4038 tri
358 3977 441 4052 regis
461 3975 540 4036 rotis
562 3974 696 4036 libenter
717 3980 905 4047 annuentes,
932 3973 970 4034 de
991 3987 1042 4034 re·
1099 3985 1173 4048 pore
1193 3971 1339 4032 existenti
1362 3973 1597 4054 archiepiscopo
1612 3975 1764 4038 Goanensi
1782 3975 1850 4038 iure

295 4069 482 4132 nerabilium
521 4067 652 4130 fratrum
691 4073 870 4128 nostrorum
904 4065 1043 4127 eiusdem
1098 4064 1335 4142 metropolitico,
1359 4073 1451 4142 prout
1471 4075 1543 4128 ante
1570 4069 1796 4146 separationem
1819 4076 1850 4130 et

296 4163 327 4227 S.
351 4164 387 4225 lt.
411 4162 446 4224 E.
470 4159 680 4224 cardinalium
701 4159 831 4221 consilio
852 4167 884 4221 et
905 4175 1042 4234 assensu,
1100 4157 1406 4220 dismembrationem
1416 4158 1594 4222 huiusmodi
1605 4161 1766 4237 existebat,
1779 4163 1850 4224 sub-

295 4259 393 4336 deque
424 4253 606 4333 apostolicae
640 4253 798 4332 potestatis
829 4250 1042 4330 plenitudine,
1099 4249 1149 4324 sit,
1172 4265 1243 4312 eum
1265 4251 1338 4312 sede
1357 4259 1389 4312 et
1410 4253 1529 4327 mensa,
1552 4252 1681 4330 aliisque
1707 4254 1849 4331 insigniis

294 4349 443 4430 oppidum
464 4347 503 4409 de
529 4346 666 4409 Nanlxim
692 4347 881 4424 praedictum
905 4346 943 4407 ab
963 4345 1045 4407 ordi·
1099 4343 1331 4421 episcopalibus,
1345 4360 1467 4406 necnon
1483 4345 1736 4424 praeeminentiis
1751 4355 1781 4408 et
1796 4347 1849 4408 bo-

295 4444 381 4506 naria
402 4442 613 4504 iurisdictione
635 4439 776 4519 Episcopi
802 4439 1042 4513 llacbaonensis,
1099 4436 1238 4510 neribus,
1255 4437 1439 4515 privilegiis,
1456 4437 1718 4514 immunitatibus,
1735 4447 1765 4502 et
1782 4455 1851 4516 gra-

295 4536 458 4615 apostolica
478 4535 670 4608 auctoritate,
694 4533 1041 4612 tenorepraesentium,
1099 4529 1165 4604 tiis,
1189 4530 1402 4608 spiritualibus
1426 4539 1458 4594 et
1484 4532 1722 4610 temporalibus,
1748 4549 1850 4612 perso·

295 4635 444 4706 perpetue
470 4641 685 4703 segregamus,
715 4626 898 4700 dividimus,
924 4641 1045 4704 separa·
1099 4624 1232 4698 nalibus,
1255 4624 1388 4686 realibus
1410 4633 1440 4686 et
1462 4625 1578 4702 mixtis,
1602 4626 1715 4704 quibus
1729 4635 1850 4690 ceterae

295 4737 366 4784 mus
392 4727 423 4782 et
451 4719 722 4793 dismembramns,
749 4719 900 4797 illudque,
923 4735 956 4780 ac
977 4719 1043 4779 eius
1099 4717 1285 4780 cathedrales
1307 4717 1450 4800 eeclesiae
1465 4735 1637 4796 regnorum
1651 4727 1683 4782 et
1698 4719 1849 4782 dominio-

295 4813 414 4878 clerum
435 4821 467 4874 et
488 4812 649 4892 populum,
672 4813 771 4891 quoad
797 4812 897 4888 legem
925 4811 1044 4872 dioece·
1099 4825 1170 4872 rum
1186 4811 1413 4890 praedictorum
1427 4812 1573 4874 similiter
1588 4813 1852 4878 deiurevelcon·

293 4923 400 4970 sanam
421 4907 459 4968 ab
481 4907 619 4984 Episcopi
636 4905 864 4968 ltlacbaonensis
877 4904 1045 4982 superiori·
1098 4905 1265 4968 suetudine
1279 4913 1332 4968 aut
1345 4905 1469 4983 speciali
1480 4905 1646 4983 privilegio
1660 4923 1715 4970 seu
1731 4907 1851 4970 indulto

297 5009 368 5076 tate,
395 5000 619 5074 iurisdictione,
645 5005 805 5076 potestate,
838 4998 1041 5072 subiectione,
1099 4998 1275 5076 apostolico,
1292 4997 1342 5059 rel
1357 4996 1429 5059 altas
1443 4998 1685 5076 quomodolibet,
1703 5008 1849 5074 utuntur,

295 5095 472 5156 visitatione
489 5102 519 5156 et
534 5093 724 5155 correctione
739 5107 862 5169 prorsus
877 5091 1043 5154 eximimus
1099 5091 1262 5168 potiuntur
1283 5098 1315 5152 et
1336 5091 1483 5167 gaudent,
1500 5092 1608 5168 acuti,
1625 5093 1715 5171 potiri
1730 5101 1761 5155 et
1776 5109 1849 5170 gau·

295 5196 326 5250 et
347 5187 524 5262 liberamus,
540 5204 573 5250 ac
595 5186 741 5264 oppidum
756 5185 793 5247 de
807 5184 943 5247 Nankim
958 5201 1043 5264 prae·
1099 5185 1172 5246 dere
1202 5191 1350 5261 poterunt
1377 5184 1608 5264 quomodolibet
1634 5187 1668 5248 in
1690 5187 1845 5262 loturum,

295 5279 412 5343 dictum
437 5279 583 5353 civitatis,
605 5279 749 5356 illiusque
782 5278 895 5340 incolas
926 5277 1043 5339 civium
1099 5278 1135 5339 de
1156 5275 1308 5339 similibus
1329 5279 1456 5340 consilio
1478 5285 1508 5340 et
1534 5280 1692 5358 potestatis
1714 5279 1850 5359 plenitu-

296 5374 436 5448 nomine,
452 5373 544 5435 titulo
561 5382 592 5435 et
613 5373 731 5434 bonore
745 5372 936 5446 decoramus
952 5370 1044 5433 illud·
1099 5370 1352 5448 dine,apostolici
1363 5371 1544 5434 auctoritate
1555 5371 1849 5450 praedictaearum·

296 5483 357 5545 que
379 5467 410 5528 in
432 5467 603 5542 ciuitatem,
630 5467 767 5544 quaeda
794 5464 929 5527 Nanlxim
950 5465 1043 5526 deno·
1098 5462 1170 5524 dem
1198 5471 1308 5526 tenore
1333 5465 1555 5543 praesentium,
1578 5464 1672 5526 etiam
1698 5473 1848 5544 perpetuo

296 5561 446 5635 minetur,
468 5568 499 5622 et
520 5561 553 5622 in
574 5577 610 5622 eo
630 5561 742 5622 dictam
762 5560 920 5622 ecclesiam
936 5559 1043 5622 Beatae
1098 5556 1249 5633 erigimus
1270 5567 1300 5620 et
1321 5559 1525 5622 instituimus.

296 5651 419 5730 Virgini
445 5654 574 5716 dicatam
595 5653 627 5716 in
649 5652 857 5716 cathedralem
882 5653 1043 5715 ecclesiam
1137 5654 1156 5728 ἓ
1177 5652 1206 5712 3.
1231 5653 1274 5714 Ac
1293 5654 1395 5715 eidem
1415 5654 1457 5715 sie
1479 5663 1598 5716 erectae
1629 5653 1773 5716 ecclesiae
1795 5670 1847 5733 op·
1884 5681 1995 5727 min,
2011 5680 2078 5728 uros-

296 5747 354 5810 sub
374 5747 567 5810 invocatione
592 5746 733 5809 eiusdem
760 5746 869 5808 Beatae
891 5744 1041 5822 Virginis,
1097 5745 1206 5823 pidum
1227 5744 1518 5809 deNankimsicin
1534 5747 1691 5808 civitatem
1708 5753 1847 5808 ereetum
1865 5733 2010 5843 gigfflu
2028 5736 2080 5791 ⁰⁹¹·

296 5855 352 5919 pro
373 5856 436 5901 uno
456 5839 603 5918 Episcopo
618 5839 655 5901 de
670 5837 807 5901 Nankim
822 5839 1039 5917 nuncupando,
1097 5853 1152 5915 pro
1173 5838 1308 5914 civitate,
1332 5846 1362 5900 et
1384 5839 1440 5900 alia
1468 5839 1587 5918 oppida,
1611 5849 1720 5914 castra,
1743 5838 1844 5914 villas,

297 5933 349 6012 qui
371 5933 417 5995 illi
438 5932 562 6012 praesit,
584 5949 617 5995 ac
637 5933 798 5996 ecclesiam
819 5933 915 6013 ipsam
930 5932 965 5994 ad
981 5933 1041 5995 lor·
1099 5931 1252 5994 territoria
1275 5942 1306 5994 et
1327 5933 1483 5995 districtos
1504 5932 1602 5995 dieue
1623 5931 1769 5995 dioecesis
1786 5933 1846 5995 lla-
