<?xml version="1.0" encoding="UTF-8"?>
<!DOCTYPE html PUBLIC "-//W3C//DTD XHTML 1.0 Transitional//EN"
    "http://www.w3.org/TR/xhtml1/DTD/xhtml1-transitional.dtd">
<html xmlns="http://www.w3.org/1999/xhtml" xml:lang="en" lang="en">
 <head>
  <title>
</title>
<meta http-equiv="Content-Type" content="text/html;charset=utf-8" />
  <meta name='ocr-system' content='tesseract 3.04.00' />
  <meta name='ocr-capabilities' content='ocr_page ocr_carea ocr_par ocr_line ocrx_word'/>
</head>
<body>
  <div class='ocr_page' id='page_1' title='image "./iurispontificii04martgoog_0252.png"; bbox 0 0 4878 6982; ppageno 0'>
   <div class='ocr_carea' id='block_1_1' title="bbox 345 565 640 632">
    <p class='ocr_par' dir='ltr' id='par_1_1' title="bbox 345 565 640 632">
     <span class='ocr_line' id='line_1_1' title="bbox 345 565 640 632; baseline 0.017 -13"><span class='ocrx_word' id='word_1_1' title='bbox 345 566 399 622; x_wconf 81' lang='lat' dir='ltr'>An.</span> <span class='ocrx_word' id='word_1_2' title='bbox 413 569 444 624; x_wconf 80' lang='lat' dir='ltr'>O.</span> <span class='ocrx_word' id='word_1_3' title='bbox 466 567 534 623; x_wconf 81' lang='lat'>1706</span> <span class='ocrx_word' id='word_1_4' title='bbox 581 565 640 632; x_wconf 69' lang='grc'>244</span> 
     </span>
    </p>
   </div>
   <div class='ocr_carea' id='block_1_2' title="bbox 549 705 1310 5536">
    <p class='ocr_par' dir='ltr' id='par_1_2' title="bbox 549 705 1310 5536">
     <span class='ocr_line' id='line_1_2' title="bbox 563 705 1307 787; baseline -0.005 -19"><span class='ocrx_word' id='word_1_5' title='bbox 563 721 675 786; x_wconf 91' lang='lat' dir='ltr'>poenas</span> <span class='ocrx_word' id='word_1_6' title='bbox 697 707 774 786; x_wconf 88' lang='lat' dir='ltr'>ipsas</span> <span class='ocrx_word' id='word_1_7' title='bbox 796 723 850 787; x_wconf 92' lang='lat' dir='ltr'>per</span> <span class='ocrx_word' id='word_1_8' title='bbox 867 722 942 786; x_wconf 89' lang='lat' dir='ltr'>quas</span> <span class='ocrx_word' id='word_1_9' title='bbox 963 705 1027 770; x_wconf 91' lang='lat' dir='ltr'>nisi</span> <span class='ocrx_word' id='word_1_10' title='bbox 1041 705 1216 786; x_wconf 89' lang='lat' dir='ltr'>paruissent</span> <span class='ocrx_word' id='word_1_11' title='bbox 1230 720 1246 765; x_wconf 93' lang='lat' dir='ltr'>a</span> <span class='ocrx_word' id='word_1_12' title='bbox 1261 719 1307 764; x_wconf 93' lang='lat' dir='ltr'>sa-</span> 
     </span>
     <span class='ocr_line' id='line_1_3' title="bbox 562 797 1309 864; baseline -0.005 -2"><span class='ocrx_word' id='word_1_13' title='bbox 562 815 689 862; x_wconf 89' lang='lat' dir='ltr'>crorum</span> <span class='ocrx_word' id='word_1_14' title='bbox 709 800 856 864; x_wconf 84' lang='lat' dir='ltr'>ordinum</span> <span class='ocrx_word' id='word_1_15' title='bbox 876 800 1021 863; x_wconf 86' lang='lat' dir='ltr'>exercitio</span> <span class='ocrx_word' id='word_1_16' title='bbox 1043 805 1074 862; x_wconf 88' lang='lat' dir='ltr'>et</span> <span class='ocrx_word' id='word_1_17' title='bbox 1094 797 1132 860; x_wconf 91' lang='lat' dir='ltr'>ab</span> <span class='ocrx_word' id='word_1_18' title='bbox 1152 797 1240 860; x_wconf 88' lang='lat' dir='ltr'>altari</span> <span class='ocrx_word' id='word_1_19' title='bbox 1261 813 1309 859; x_wconf 90' lang='lat' dir='ltr'>ar·</span> 
     </span>
     <span class='ocr_line' id='line_1_4' title="bbox 561 892 1310 972; baseline -0.007 -17"><span class='ocrx_word' id='word_1_20' title='bbox 561 892 722 968; x_wconf 89' lang='lat' dir='ltr'>cebantur,</span> <span class='ocrx_word' id='word_1_21' title='bbox 738 893 830 955; x_wconf 88' lang='lat' dir='ltr'>sacris</span> <span class='ocrx_word' id='word_1_22' title='bbox 852 899 970 956; x_wconf 91' lang='lat' dir='ltr'>temere</span> <span class='ocrx_word' id='word_1_23' title='bbox 989 899 1152 972; x_wconf 80' lang='lat' dir='ltr'>operantes</span> <span class='ocrx_word' id='word_1_24' title='bbox 1172 895 1310 952; x_wconf 91' lang='lat' dir='ltr'>contem-</span> 
     </span>
     <span class='ocr_line' id='line_1_5' title="bbox 562 983 1309 1064; baseline -0.007 -16"><span class='ocrx_word' id='word_1_25' title='bbox 562 985 695 1064; x_wconf 91' lang='lat' dir='ltr'>pserint,</span> <span class='ocrx_word' id='word_1_26' title='bbox 717 1002 751 1047; x_wconf 91' lang='lat' dir='ltr'>ac</span> <span class='ocrx_word' id='word_1_27' title='bbox 771 984 900 1048; x_wconf 91' lang='lat' dir='ltr'>demum</span> <span class='ocrx_word' id='word_1_28' title='bbox 920 983 1195 1064; x_wconf 82' lang='lat' dir='ltr'>praesumpserint,</span> <span class='ocrx_word' id='word_1_29' title='bbox 1221 997 1309 1062; x_wconf 93' lang='lat' dir='ltr'>posse</span> 
     </span>
     <span class='ocr_line' id='line_1_6' title="bbox 561 1075 1309 1156; baseline -0.004 -17"><span class='ocrx_word' id='word_1_30' title='bbox 561 1092 594 1140; x_wconf 91' lang='lat' dir='ltr'>se</span> <span class='ocrx_word' id='word_1_31' title='bbox 615 1077 803 1142; x_wconf 83' lang='lat' dir='ltr'>beneficium</span> <span class='ocrx_word' id='word_1_32' title='bbox 825 1077 1031 1141; x_wconf 82' lang='lat' dir='ltr'>absolutionis</span> <span class='ocrx_word' id='word_1_33' title='bbox 1055 1085 1124 1156; x_wconf 92' lang='lat' dir='ltr'>post</span> <span class='ocrx_word' id='word_1_34' title='bbox 1144 1076 1237 1138; x_wconf 88' lang='lat' dir='ltr'>latam</span> <span class='ocrx_word' id='word_1_35' title='bbox 1258 1075 1309 1136; x_wconf 91' lang='lat' dir='ltr'>ad-</span> 
     </span>
     <span class='ocr_line' id='line_1_7' title="bbox 562 1167 1308 1234; baseline -0.005 -2"><span class='ocrx_word' id='word_1_36' title='bbox 562 1186 671 1234; x_wconf 89' lang='lat' dir='ltr'>versus</span> <span class='ocrx_word' id='word_1_37' title='bbox 691 1187 743 1234; x_wconf 90' lang='lat' dir='ltr'>eos</span> <span class='ocrx_word' id='word_1_38' title='bbox 764 1170 1093 1234; x_wconf 88' lang='lat' dir='ltr'>excommunicationis</span> <span class='ocrx_word' id='word_1_39' title='bbox 1119 1167 1308 1231; x_wconf 75' lang='lat' dir='ltr'>sententiam</span> 
     </span>
     <span class='ocr_line' id='line_1_8' title="bbox 561 1261 1309 1344; baseline -0.004 -19"><span class='ocrx_word' id='word_1_40' title='bbox 561 1264 599 1326; x_wconf 88' lang='lat' dir='ltr'>ab</span> <span class='ocrx_word' id='word_1_41' title='bbox 618 1264 685 1326; x_wconf 87' lang='lat' dir='ltr'>aliis</span> <span class='ocrx_word' id='word_1_42' title='bbox 710 1279 803 1344; x_wconf 92' lang='lat' dir='ltr'>quam</span> <span class='ocrx_word' id='word_1_43' title='bbox 830 1264 955 1327; x_wconf 90' lang='lat' dir='ltr'>anobis</span> <span class='ocrx_word' id='word_1_44' title='bbox 983 1264 1093 1326; x_wconf 85' lang='lat' dir='ltr'>veleb</span> <span class='ocrx_word' id='word_1_45' title='bbox 1119 1263 1227 1325; x_wconf 91' lang='lat' dir='ltr'>eodem</span> <span class='ocrx_word' id='word_1_46' title='bbox 1255 1261 1309 1323; x_wconf 88' lang='lat' dir='ltr'>Pa-</span> 
     </span>
     <span class='ocr_line' id='line_1_9' title="bbox 562 1347 1308 1436; baseline -0.004 -16"><span class='ocrx_word' id='word_1_47' title='bbox 562 1357 705 1434; x_wconf 77' lang='lat' dir='ltr'>triarobt,</span> <span class='ocrx_word' id='word_1_48' title='bbox 722 1357 836 1436; x_wconf 90' lang='lat' dir='ltr'>quibus</span> <span class='ocrx_word' id='word_1_49' title='bbox 852 1347 975 1422; x_wconf 86' lang='lat' dir='ltr'>tantum</span> <span class='ocrx_word' id='word_1_50' title='bbox 989 1355 1167 1420; x_wconf 90' lang='lat' dir='ltr'>huiusmodi</span> <span class='ocrx_word' id='word_1_51' title='bbox 1182 1355 1308 1418; x_wconf 88' lang='lat' dir='ltr'>lacultas</span> 
     </span>
     <span class='ocr_line' id='line_1_10' title="bbox 561 1448 1308 1526; baseline -0.004 -14"><span class='ocrx_word' id='word_1_52' title='bbox 561 1457 717 1514; x_wconf 83' lang='lat' dir='ltr'>reservata</span> <span class='ocrx_word' id='word_1_53' title='bbox 731 1450 845 1526; x_wconf 90' lang='lat' dir='ltr'>luerat,</span> <span class='ocrx_word' id='word_1_54' title='bbox 858 1450 1011 1514; x_wconf 88' lang='lat' dir='ltr'>obtinere.</span> <span class='ocrx_word' id='word_1_55' title='bbox 1030 1448 1188 1526; x_wconf 85' lang='lat' dir='ltr'>intelliges</span> <span class='ocrx_word' id='word_1_56' title='bbox 1204 1448 1308 1526; x_wconf 91' lang='lat' dir='ltr'>itaque</span> 
     </span>
     <span class='ocr_line' id='line_1_11' title="bbox 560 1543 1307 1622; baseline -0.004 -18"><span class='ocrx_word' id='word_1_57' title='bbox 560 1559 617 1622; x_wconf 93' lang='lat' dir='ltr'>pro</span> <span class='ocrx_word' id='word_1_58' title='bbox 637 1544 771 1622; x_wconf 79' lang='lat' dir='ltr'>spectatt</span> <span class='ocrx_word' id='word_1_59' title='bbox 786 1544 838 1606; x_wconf 78' lang='lat' dir='ltr'>tut</span> <span class='ocrx_word' id='word_1_60' title='bbox 859 1543 971 1622; x_wconf 89' lang='lat' dir='ltr'>pietate</span> <span class='ocrx_word' id='word_1_61' title='bbox 985 1547 1016 1606; x_wconf 89' lang='lat' dir='ltr'>et</span> <span class='ocrx_word' id='word_1_62' title='bbox 1030 1556 1186 1604; x_wconf 89' lang='lat' dir='ltr'>sacrarum</span> <span class='ocrx_word' id='word_1_63' title='bbox 1201 1555 1307 1602; x_wconf 89' lang='lat' dir='ltr'>rerum</span> 
     </span>
     <span class='ocr_line' id='line_1_12' title="bbox 561 1633 1307 1715; baseline -0.004 -17"><span class='ocrx_word' id='word_1_64' title='bbox 561 1635 900 1715; x_wconf 88' lang='lat' dir='ltr'>ecclesiasticarumque</span> <span class='ocrx_word' id='word_1_65' title='bbox 931 1635 1038 1713; x_wconf 91' lang='lat' dir='ltr'>legum</span> <span class='ocrx_word' id='word_1_66' title='bbox 1065 1633 1190 1713; x_wconf 79' lang='lat' dir='ltr'>peritii,</span> <span class='ocrx_word' id='word_1_67' title='bbox 1213 1649 1307 1711; x_wconf 91' lang='lat' dir='ltr'>quam</span> 
     </span>
     <span class='ocr_line' id='line_1_13' title="bbox 561 1725 1307 1809; baseline -0.003 -19"><span class='ocrx_word' id='word_1_68' title='bbox 561 1727 640 1792; x_wconf 90' lang='lat' dir='ltr'>laesa</span> <span class='ocrx_word' id='word_1_69' title='bbox 661 1727 755 1794; x_wconf 84' lang='lat' dir='ltr'>luerit</span> <span class='ocrx_word' id='word_1_70' title='bbox 776 1743 832 1809; x_wconf 92' lang='lat' dir='ltr'>per</span> <span class='ocrx_word' id='word_1_71' title='bbox 860 1727 1039 1790; x_wconf 89' lang='lat' dir='ltr'>huiusmodi</span> <span class='ocrx_word' id='word_1_72' title='bbox 1067 1725 1307 1788; x_wconf 85' lang='lat' dir='ltr'>inobedientiam</span> 
     </span>
     <span class='ocr_line' id='line_1_14' title="bbox 561 1820 1307 1900; baseline -0.001 -18"><span class='ocrx_word' id='word_1_73' title='bbox 561 1837 595 1884; x_wconf 94' lang='grc'>33</span> <span class='ocrx_word' id='word_1_74' title='bbox 616 1822 842 1886; x_wconf 86' lang='lat' dir='ltr'>contumaciam</span> <span class='ocrx_word' id='word_1_75' title='bbox 868 1821 1002 1900; x_wconf 82' lang='lat' dir='ltr'>dignitas</span> <span class='ocrx_word' id='word_1_76' title='bbox 1023 1828 1115 1900; x_wconf 90' lang='lat' dir='ltr'>atque</span> <span class='ocrx_word' id='word_1_77' title='bbox 1143 1820 1307 1882; x_wconf 89' lang='lat' dir='ltr'>auctoritas</span> 
     </span>
     <span class='ocr_line' id='line_1_15' title="bbox 561 1912 1307 1994; baseline -0.005 -17"><span class='ocrx_word' id='word_1_78' title='bbox 561 1921 678 1990; x_wconf 90' lang='lat' dir='ltr'>nostra,</span> <span class='ocrx_word' id='word_1_79' title='bbox 701 1923 732 1978; x_wconf 92' lang='lat' dir='ltr'>et</span> <span class='ocrx_word' id='word_1_80' title='bbox 753 1931 847 1994; x_wconf 93' lang='lat' dir='ltr'>quam</span> <span class='ocrx_word' id='word_1_81' title='bbox 869 1915 1005 1992; x_wconf 87' lang='lat' dir='ltr'>graviter</span> <span class='ocrx_word' id='word_1_82' title='bbox 1030 1913 1188 1991; x_wconf 89' lang='lat' dir='ltr'>agendum</span> <span class='ocrx_word' id='word_1_83' title='bbox 1208 1912 1248 1974; x_wconf 93' lang='lat' dir='ltr'>sit</span> <span class='ocrx_word' id='word_1_84' title='bbox 1269 1927 1307 1974; x_wconf 91' lang='lat' dir='ltr'>ex</span> 
     </span>
     <span class='ocr_line' id='line_1_16' title="bbox 560 2006 1306 2088; baseline -0.004 -18"><span class='ocrx_word' id='word_1_85' title='bbox 560 2008 749 2088; x_wconf 88' lang='lat' dir='ltr'>praescripto</span> <span class='ocrx_word' id='word_1_86' title='bbox 758 2024 916 2072; x_wconf 91' lang='lat' dir='ltr'>sacrorum</span> <span class='ocrx_word' id='word_1_87' title='bbox 927 2023 1081 2071; x_wconf 89' lang='lat' dir='ltr'>canonum</span> <span class='ocrx_word' id='word_1_88' title='bbox 1092 2006 1239 2068; x_wconf 85' lang='lat' dir='ltr'>adversus</span> <span class='ocrx_word' id='word_1_89' title='bbox 1250 2006 1306 2068; x_wconf 92' lang='lat' dir='ltr'>bu-</span> 
     </span>
     <span class='ocr_line' id='line_1_17' title="bbox 561 2099 1307 2180; baseline -0.003 -18"><span class='ocrx_word' id='word_1_90' title='bbox 561 2101 692 2163; x_wconf 91' lang='lat' dir='ltr'>iusmodi</span> <span class='ocrx_word' id='word_1_91' title='bbox 713 2101 931 2180; x_wconf 84' lang='lat' dir='ltr'>delinquentes</span> <span class='ocrx_word' id='word_1_92' title='bbox 946 2108 977 2163; x_wconf 93' lang='lat' dir='ltr'>et</span> <span class='ocrx_word' id='word_1_93' title='bbox 994 2099 1186 2164; x_wconf 86' lang='lat' dir='ltr'>retractarios</span> <span class='ocrx_word' id='word_1_94' title='bbox 1206 2099 1307 2161; x_wconf 94' lang='lat' dir='ltr'>bomi-</span> 
     </span>
     <span class='ocr_line' id='line_1_18' title="bbox 561 2192 1307 2273; baseline -0.007 -16"><span class='ocrx_word' id='word_1_95' title='bbox 561 2210 629 2270; x_wconf 86' lang='lat' dir='ltr'>nes,</span> <span class='ocrx_word' id='word_1_96' title='bbox 651 2194 711 2256; x_wconf 91' lang='lat' dir='ltr'>nisi</span> <span class='ocrx_word' id='word_1_97' title='bbox 731 2195 931 2273; x_wconf 78' lang='lat' dir='ltr'>resipuerint,</span> <span class='ocrx_word' id='word_1_98' title='bbox 954 2209 1049 2273; x_wconf 89' lang='lat' dir='ltr'>seque</span> <span class='ocrx_word' id='word_1_99' title='bbox 1069 2194 1150 2273; x_wconf 90' lang='lat' dir='ltr'>ipsos</span> <span class='ocrx_word' id='word_1_100' title='bbox 1167 2192 1307 2256; x_wconf 89' lang='lat' dir='ltr'>ecclesia-</span> 
     </span>
     <span class='ocr_line' id='line_1_19' title="bbox 559 2285 1306 2366; baseline -0.003 -18"><span class='ocrx_word' id='word_1_101' title='bbox 559 2287 652 2349; x_wconf 90' lang='lat' dir='ltr'>sticae</span> <span class='ocrx_word' id='word_1_102' title='bbox 672 2288 815 2366; x_wconf 87' lang='lat' dir='ltr'>potestati</span> <span class='ocrx_word' id='word_1_103' title='bbox 842 2285 935 2366; x_wconf 89' lang='lat' dir='ltr'>atque</span> <span class='ocrx_word' id='word_1_104' title='bbox 955 2285 1146 2349; x_wconf 88' lang='lat' dir='ltr'>obedientiae</span> <span class='ocrx_word' id='word_1_105' title='bbox 1177 2286 1223 2361; x_wconf 82' lang='lat' dir='ltr'>ea,</span> <span class='ocrx_word' id='word_1_106' title='bbox 1246 2301 1306 2364; x_wconf 90' lang='lat' dir='ltr'>qna</span> 
     </span>
     <span class='ocr_line' id='line_1_20' title="bbox 559 2378 1305 2459; baseline -0.003 -17"><span class='ocrx_word' id='word_1_107' title='bbox 559 2395 614 2459; x_wconf 85' lang='lat' dir='ltr'>par</span> <span class='ocrx_word' id='word_1_108' title='bbox 632 2386 690 2456; x_wconf 90' lang='lat' dir='ltr'>est,</span> <span class='ocrx_word' id='word_1_109' title='bbox 713 2379 809 2443; x_wconf 91' lang='lat' dir='ltr'>animi</span> <span class='ocrx_word' id='word_1_110' title='bbox 829 2378 1016 2442; x_wconf 84' lang='lat' dir='ltr'>demissione</span> <span class='ocrx_word' id='word_1_111' title='bbox 1040 2379 1305 2458; x_wconf 87' lang='lat' dir='ltr'>admissorumque</span> 
     </span>
     <span class='ocr_line' id='line_1_21' title="bbox 559 2472 1305 2550; baseline -0.005 -14"><span class='ocrx_word' id='word_1_112' title='bbox 559 2473 666 2536; x_wconf 91' lang='lat' dir='ltr'>dolore</span> <span class='ocrx_word' id='word_1_113' title='bbox 686 2472 890 2537; x_wconf 84' lang='lat' dir='ltr'>subdiderint.</span> <span class='ocrx_word' id='word_1_114' title='bbox 914 2473 954 2536; x_wconf 91' lang='lat' dir='ltr'>Ut</span> <span class='ocrx_word' id='word_1_115' title='bbox 975 2473 1081 2550; x_wconf 91' lang='lat' dir='ltr'>itaque</span> <span class='ocrx_word' id='word_1_116' title='bbox 1095 2472 1194 2535; x_wconf 91' lang='lat' dir='ltr'>aditus</span> <span class='ocrx_word' id='word_1_117' title='bbox 1215 2472 1305 2534; x_wconf 92' lang='lat' dir='ltr'>mise-</span> 
     </span>
     <span class='ocr_line' id='line_1_22' title="bbox 558 2565 1306 2643; baseline -0.003 -15"><span class='ocrx_word' id='word_1_118' title='bbox 558 2565 718 2641; x_wconf 88' lang='lat' dir='ltr'>ricordiae,</span> <span class='ocrx_word' id='word_1_119' title='bbox 741 2567 767 2628; x_wconf 90' lang='lat' dir='ltr'>si</span> <span class='ocrx_word' id='word_1_120' title='bbox 788 2567 879 2630; x_wconf 92' lang='lat' dir='ltr'>modo</span> <span class='ocrx_word' id='word_1_121' title='bbox 900 2581 935 2628; x_wconf 94' lang='grc'>33</span> <span class='ocrx_word' id='word_1_122' title='bbox 961 2581 995 2628; x_wconf 85' lang='grc'>33</span> <span class='ocrx_word' id='word_1_123' title='bbox 1020 2567 1129 2642; x_wconf 90' lang='lat' dir='ltr'>dignos</span> <span class='ocrx_word' id='word_1_124' title='bbox 1160 2565 1306 2643; x_wconf 88' lang='lat' dir='ltr'>praebere</span> 
     </span>
     <span class='ocr_line' id='line_1_23' title="bbox 557 2657 1305 2738; baseline -0.003 -18"><span class='ocrx_word' id='word_1_125' title='bbox 557 2659 747 2735; x_wconf 86' lang='lat' dir='ltr'>curaverint,</span> <span class='ocrx_word' id='word_1_126' title='bbox 770 2659 842 2738; x_wconf 90' lang='lat' dir='ltr'>ipsis</span> <span class='ocrx_word' id='word_1_127' title='bbox 863 2665 975 2738; x_wconf 86' lang='lat' dir='ltr'>pateat,</span> <span class='ocrx_word' id='word_1_128' title='bbox 998 2657 1083 2738; x_wconf 92' lang='lat' dir='ltr'>quod</span> <span class='ocrx_word' id='word_1_129' title='bbox 1104 2673 1160 2720; x_wconf 92' lang='lat' dir='ltr'>nos</span> <span class='ocrx_word' id='word_1_130' title='bbox 1186 2673 1240 2736; x_wconf 91' lang='lat' dir='ltr'>pro</span> <span class='ocrx_word' id='word_1_131' title='bbox 1262 2657 1305 2719; x_wconf 87' lang='lat' dir='ltr'>le-</span> 
     </span>
     <span class='ocr_line' id='line_1_24' title="bbox 558 2751 1304 2831; baseline 0 -17"><span class='ocrx_word' id='word_1_132' title='bbox 558 2753 657 2816; x_wconf 88' lang='lat' dir='ltr'>nitate</span> <span class='ocrx_word' id='word_1_133' title='bbox 672 2759 702 2816; x_wconf 90' lang='lat' dir='ltr'>et</span> <span class='ocrx_word' id='word_1_134' title='bbox 719 2751 845 2816; x_wconf 88' lang='lat' dir='ltr'>caritate</span> <span class='ocrx_word' id='word_1_135' title='bbox 865 2753 1029 2831; x_wconf 83' lang='lat' dir='ltr'>apostolica</span> <span class='ocrx_word' id='word_1_136' title='bbox 1051 2751 1164 2817; x_wconf 86' lang='lat' dir='ltr'>Christi</span> <span class='ocrx_word' id='word_1_137' title='bbox 1179 2751 1304 2814; x_wconf 88' lang='lat' dir='ltr'>Domini</span> 
     </span>
     <span class='ocr_line' id='line_1_25' title="bbox 558 2847 1304 2928; baseline -0.001 -17"><span class='ocrx_word' id='word_1_138' title='bbox 558 2849 701 2928; x_wconf 88' lang='lat' dir='ltr'>exemplo</span> <span class='ocrx_word' id='word_1_139' title='bbox 732 2863 840 2912; x_wconf 89' lang='lat' dir='ltr'>curare</span> <span class='ocrx_word' id='word_1_140' title='bbox 860 2849 894 2911; x_wconf 94' lang='lat' dir='ltr'>in</span> <span class='ocrx_word' id='word_1_141' title='bbox 915 2849 1024 2927; x_wconf 90' lang='lat' dir='ltr'>primis</span> <span class='ocrx_word' id='word_1_142' title='bbox 1049 2847 1213 2925; x_wconf 89' lang='lat' dir='ltr'>debemus,</span> <span class='ocrx_word' id='word_1_143' title='bbox 1237 2855 1304 2927; x_wconf 91' lang='lat' dir='ltr'>post</span> 
     </span>
     <span class='ocr_line' id='line_1_26' title="bbox 557 2941 1303 3020; baseline -0.003 -16"><span class='ocrx_word' id='word_1_144' title='bbox 557 2947 654 3004; x_wconf 89' lang='lat' dir='ltr'>totam</span> <span class='ocrx_word' id='word_1_145' title='bbox 669 2957 790 3005; x_wconf 87' lang='lat' dir='ltr'>causam</span> <span class='ocrx_word' id='word_1_146' title='bbox 802 2941 970 3018; x_wconf 90' lang='lat' dir='ltr'>diligenter</span> <span class='ocrx_word' id='word_1_147' title='bbox 984 2956 1163 3020; x_wconf 85' lang='lat' dir='ltr'>expensam,</span> <span class='ocrx_word' id='word_1_148' title='bbox 1176 2949 1207 3004; x_wconf 90' lang='lat' dir='ltr'>et</span> <span class='ocrx_word' id='word_1_149' title='bbox 1221 2947 1303 3020; x_wconf 92' lang='lat' dir='ltr'>post-</span> 
     </span>
     <span class='ocr_line' id='line_1_27' title="bbox 557 3033 1305 3112; baseline -0.003 -16"><span class='ocrx_word' id='word_1_150' title='bbox 557 3049 650 3112; x_wconf 86' lang='lat' dir='ltr'>quam</span> <span class='ocrx_word' id='word_1_151' title='bbox 672 3041 867 3112; x_wconf 90' lang='lat' dir='ltr'>compertum</span> <span class='ocrx_word' id='word_1_152' title='bbox 888 3034 977 3098; x_wconf 90' lang='lat' dir='ltr'>nobis</span> <span class='ocrx_word' id='word_1_153' title='bbox 999 3034 1069 3109; x_wconf 87' lang='lat' dir='ltr'>luit,</span> <span class='ocrx_word' id='word_1_154' title='bbox 1092 3050 1144 3096; x_wconf 93' lang='lat' dir='ltr'>eos</span> <span class='ocrx_word' id='word_1_155' title='bbox 1165 3033 1305 3097; x_wconf 87' lang='lat' dir='ltr'>ecclesia-</span> 
     </span>
     <span class='ocr_line' id='line_1_28' title="bbox 556 3127 1304 3203; baseline 0.001 -16"><span class='ocrx_word' id='word_1_156' title='bbox 556 3127 640 3188; x_wconf 89' lang='lat' dir='ltr'>sticis</span> <span class='ocrx_word' id='word_1_157' title='bbox 659 3127 798 3190; x_wconf 91' lang='lat' dir='ltr'>censuris</span> <span class='ocrx_word' id='word_1_158' title='bbox 819 3142 893 3190; x_wconf 86' lang='lat' dir='ltr'>vare</span> <span class='ocrx_word' id='word_1_159' title='bbox 917 3127 1077 3191; x_wconf 88' lang='lat' dir='ltr'>obstrictos</span> <span class='ocrx_word' id='word_1_160' title='bbox 1100 3143 1176 3203; x_wconf 88' lang='lat' dir='ltr'>esse,</span> <span class='ocrx_word' id='word_1_161' title='bbox 1201 3127 1233 3188; x_wconf 95' lang='lat' dir='ltr'>in</span> <span class='ocrx_word' id='word_1_162' title='bbox 1256 3127 1304 3188; x_wconf 92' lang='lat' dir='ltr'>ni-</span> 
     </span>
     <span class='ocr_line' id='line_1_29' title="bbox 555 3219 1299 3300; baseline 0.004 -20"><span class='ocrx_word' id='word_1_163' title='bbox 555 3219 621 3281; x_wconf 88' lang='lat' dir='ltr'>hilo</span> <span class='ocrx_word' id='word_1_164' title='bbox 647 3219 836 3298; x_wconf 76' lang='lat' dir='ltr'>suffragante</span> <span class='ocrx_word' id='word_1_165' title='bbox 863 3221 936 3300; x_wconf 88' lang='lat' dir='ltr'>ipsis</span> <span class='ocrx_word' id='word_1_166' title='bbox 964 3220 1157 3284; x_wconf 90' lang='lat' dir='ltr'>absolutione</span> <span class='ocrx_word' id='word_1_167' title='bbox 1183 3237 1200 3282; x_wconf 99' lang='grc'>3</span> <span class='ocrx_word' id='word_1_168' title='bbox 1226 3235 1299 3283; x_wconf 83' lang='lat' dir='ltr'>ven.</span> 
     </span>
     <span class='ocr_line' id='line_1_30' title="bbox 556 3311 1302 3394; baseline 0 -20"><span class='ocrx_word' id='word_1_169' title='bbox 556 3311 651 3375; x_wconf 82' lang='lat' dir='ltr'>tratre</span> <span class='ocrx_word' id='word_1_170' title='bbox 671 3315 907 3394; x_wconf 81' lang='lat' dir='ltr'>Archiepiscopo</span> <span class='ocrx_word' id='word_1_171' title='bbox 936 3314 1040 3376; x_wconf 87' lang='lat' dir='ltr'>Goano</span> <span class='ocrx_word' id='word_1_172' title='bbox 1066 3315 1133 3376; x_wconf 82' lang='lat' dir='ltr'>siue</span> <span class='ocrx_word' id='word_1_173' title='bbox 1154 3330 1169 3374; x_wconf 94' lang='lat' dir='ltr'>a</span> <span class='ocrx_word' id='word_1_174' title='bbox 1192 3313 1302 3393; x_wconf 81' lang='lat' dir='ltr'>quovis</span> 
     </span>
     <span class='ocr_line' id='line_1_31' title="bbox 555 3403 1302 3485; baseline 0.005 -20"><span class='ocrx_word' id='word_1_175' title='bbox 555 3403 615 3466; x_wconf 92' lang='lat' dir='ltr'>alio</span> <span class='ocrx_word' id='word_1_176' title='bbox 636 3405 767 3468; x_wconf 91' lang='lat' dir='ltr'>nulliter</span> <span class='ocrx_word' id='word_1_177' title='bbox 786 3406 922 3482; x_wconf 73' lang='lat' dir='ltr'>obtenti,</span> <span class='ocrx_word' id='word_1_178' title='bbox 945 3423 1009 3468; x_wconf 90' lang='lat' dir='ltr'>uon</span> <span class='ocrx_word' id='word_1_179' title='bbox 1037 3407 1302 3485; x_wconf 90' lang='lat' dir='ltr'>praetermisimus</span> 
     </span>
     <span class='ocr_line' id='line_1_32' title="bbox 555 3499 1303 3562; baseline 0.001 -1"><span class='ocrx_word' id='word_1_180' title='bbox 555 3501 701 3562; x_wconf 92' lang='lat' dir='ltr'>eumdem</span> <span class='ocrx_word' id='word_1_181' title='bbox 722 3515 794 3561; x_wconf 87' lang='lat' dir='ltr'>ren.</span> <span class='ocrx_word' id='word_1_182' title='bbox 817 3499 946 3562; x_wconf 84' lang='lat' dir='ltr'>tratrem</span> <span class='ocrx_word' id='word_1_183' title='bbox 966 3499 1173 3562; x_wconf 86' lang='lat' dir='ltr'>Patriarobam</span> <span class='ocrx_word' id='word_1_184' title='bbox 1194 3499 1303 3562; x_wconf 74' lang='lat' dir='ltr'>Antio-</span> 
     </span>
     <span class='ocr_line' id='line_1_33' title="bbox 555 3592 1301 3673; baseline 0.001 -20"><span class='ocrx_word' id='word_1_185' title='bbox 555 3592 692 3654; x_wconf 88' lang='lat' dir='ltr'>chenum</span> <span class='ocrx_word' id='word_1_186' title='bbox 727 3593 843 3656; x_wconf 86' lang='lat' dir='ltr'>hortari</span> <span class='ocrx_word' id='word_1_187' title='bbox 870 3601 924 3667; x_wconf 88' lang='lat' dir='ltr'>nt,</span> <span class='ocrx_word' id='word_1_188' title='bbox 953 3601 1107 3673; x_wconf 89' lang='lat' dir='ltr'>quatenus</span> <span class='ocrx_word' id='word_1_189' title='bbox 1139 3593 1301 3671; x_wconf 92' lang='lat' dir='ltr'>religiosus</span> 
     </span>
     <span class='ocr_line' id='line_1_34' title="bbox 554 3683 1301 3762; baseline 0.007 -19"><span class='ocrx_word' id='word_1_190' title='bbox 554 3683 604 3744; x_wconf 83' lang='lat' dir='ltr'>vir</span> <span class='ocrx_word' id='word_1_191' title='bbox 625 3684 753 3747; x_wconf 87' lang='lat' dir='ltr'>llichael</span> <span class='ocrx_word' id='word_1_192' title='bbox 774 3684 911 3762; x_wconf 86' lang='lat' dir='ltr'>Angelus</span> <span class='ocrx_word' id='word_1_193' title='bbox 926 3685 1116 3748; x_wconf 71' lang='lat' dir='ltr'>turonensis</span> <span class='ocrx_word' id='word_1_194' title='bbox 1133 3701 1172 3748; x_wconf 93' lang='lat' dir='ltr'>ex</span> <span class='ocrx_word' id='word_1_195' title='bbox 1186 3685 1301 3748; x_wconf 88' lang='lat' dir='ltr'>Ordine</span> 
     </span>
     <span class='ocr_line' id='line_1_35' title="bbox 553 3773 1301 3856; baseline 0.004 -20"><span class='ocrx_word' id='word_1_196' title='bbox 553 3773 686 3839; x_wconf 73' lang='lat' dir='ltr'>fratrum</span> <span class='ocrx_word' id='word_1_197' title='bbox 707 3777 864 3840; x_wconf 89' lang='lat' dir='ltr'>llinorum</span> <span class='ocrx_word' id='word_1_198' title='bbox 886 3777 917 3842; x_wconf 83' lang='lat' dir='ltr'>S.</span> <span class='ocrx_word' id='word_1_199' title='bbox 941 3777 1093 3840; x_wconf 85' lang='lat' dir='ltr'>Francisci</span> <span class='ocrx_word' id='word_1_200' title='bbox 1115 3778 1301 3856; x_wconf 87' lang='lat' dir='ltr'>Capuccino-</span> 
     </span>
     <span class='ocr_line' id='line_1_36' title="bbox 554 3870 1300 3949; baseline 0.004 -19"><span class='ocrx_word' id='word_1_201' title='bbox 554 3884 637 3945; x_wconf 90' lang='lat' dir='ltr'>rum,</span> <span class='ocrx_word' id='word_1_202' title='bbox 659 3870 713 3947; x_wconf 94' lang='lat' dir='ltr'>qui</span> <span class='ocrx_word' id='word_1_203' title='bbox 734 3878 872 3946; x_wconf 86' lang='lat' dir='ltr'>vocatus,</span> <span class='ocrx_word' id='word_1_204' title='bbox 896 3877 930 3932; x_wconf 93' lang='lat' dir='ltr'>ut</span> <span class='ocrx_word' id='word_1_205' title='bbox 951 3870 1136 3949; x_wconf 82' lang='lat' dir='ltr'>praefertur,</span> <span class='ocrx_word' id='word_1_206' title='bbox 1152 3887 1186 3933; x_wconf 92' lang='lat' dir='ltr'>ac</span> <span class='ocrx_word' id='word_1_207' title='bbox 1201 3871 1300 3933; x_wconf 92' lang='lat' dir='ltr'>moni·</span> 
     </span>
     <span class='ocr_line' id='line_1_37' title="bbox 554 3963 1299 4042; baseline 0.003 -17"><span class='ocrx_word' id='word_1_208' title='bbox 554 3970 605 4026; x_wconf 92' lang='lat' dir='ltr'>tus</span> <span class='ocrx_word' id='word_1_209' title='bbox 630 3963 758 4042; x_wconf 91' lang='lat' dir='ltr'>obsequi</span> <span class='ocrx_word' id='word_1_210' title='bbox 789 3963 938 4041; x_wconf 80' lang='lat' dir='ltr'>neglexit,</span> <span class='ocrx_word' id='word_1_211' title='bbox 968 3963 1039 4027; x_wconf 89' lang='lat' dir='ltr'>lacti</span> <span class='ocrx_word' id='word_1_212' title='bbox 1065 3964 1228 4042; x_wconf 88' lang='lat' dir='ltr'>poenitens</span> <span class='ocrx_word' id='word_1_213' title='bbox 1249 3965 1299 4027; x_wconf 92' lang='lat' dir='ltr'>ab·</span> 
     </span>
     <span class='ocr_line' id='line_1_38' title="bbox 552 4055 1299 4121; baseline 0.005 -4"><span class='ocrx_word' id='word_1_214' title='bbox 552 4055 631 4119; x_wconf 82' lang='lat' dir='ltr'>solui</span> <span class='ocrx_word' id='word_1_215' title='bbox 642 4057 680 4118; x_wconf 91' lang='lat' dir='ltr'>ab</span> <span class='ocrx_word' id='word_1_216' title='bbox 690 4057 1007 4120; x_wconf 85' lang='lat' dir='ltr'>excomnunirationis</span> <span class='ocrx_word' id='word_1_217' title='bbox 1017 4057 1173 4120; x_wconf 80' lang='lat' dir='ltr'>sententia</span> <span class='ocrx_word' id='word_1_218' title='bbox 1185 4058 1216 4119; x_wconf 94' lang='lat' dir='ltr'>in</span> <span class='ocrx_word' id='word_1_219' title='bbox 1226 4073 1299 4121; x_wconf 89' lang='lat' dir='ltr'>eum</span> 
     </span>
     <span class='ocr_line' id='line_1_39' title="bbox 554 4147 1301 4228; baseline 0.003 -18"><span class='ocrx_word' id='word_1_220' title='bbox 554 4147 625 4225; x_wconf 82' lang='lat' dir='ltr'>lata,</span> <span class='ocrx_word' id='word_1_221' title='bbox 646 4156 677 4211; x_wconf 92' lang='lat' dir='ltr'>et</span> <span class='ocrx_word' id='word_1_222' title='bbox 697 4165 804 4212; x_wconf 90' lang='lat' dir='ltr'>secum</span> <span class='ocrx_word' id='word_1_223' title='bbox 823 4149 993 4228; x_wconf 91' lang='lat' dir='ltr'>dispensari</span> <span class='ocrx_word' id='word_1_224' title='bbox 1014 4165 1106 4228; x_wconf 92' lang='lat' dir='ltr'>super</span> <span class='ocrx_word' id='word_1_225' title='bbox 1121 4149 1301 4227; x_wconf 86' lang='lat' dir='ltr'>irregulari·</span> 
     </span>
     <span class='ocr_line' id='line_1_40' title="bbox 553 4242 1299 4322; baseline 0.003 -18"><span class='ocrx_word' id='word_1_226' title='bbox 553 4249 616 4304; x_wconf 92' lang='lat' dir='ltr'>tate</span> <span class='ocrx_word' id='word_1_227' title='bbox 631 4243 787 4306; x_wconf 83' lang='lat' dir='ltr'>contracta</span> <span class='ocrx_word' id='word_1_228' title='bbox 805 4242 968 4306; x_wconf 88' lang='lat' dir='ltr'>humiliter</span> <span class='ocrx_word' id='word_1_229' title='bbox 985 4243 1200 4322; x_wconf 79' lang='lat' dir='ltr'>postulaverit,</span> <span class='ocrx_word' id='word_1_230' title='bbox 1213 4259 1299 4322; x_wconf 92' lang='lat' dir='ltr'>prae·</span> 
     </span>
     <span class='ocr_line' id='line_1_41' title="bbox 553 4335 1301 4416; baseline 0.004 -21"><span class='ocrx_word' id='word_1_231' title='bbox 553 4335 751 4399; x_wconf 86' lang='lat' dir='ltr'>viasalutaris</span> <span class='ocrx_word' id='word_1_232' title='bbox 766 4337 976 4416; x_wconf 86' lang='lat' dir='ltr'>poenitentiae</span> <span class='ocrx_word' id='word_1_233' title='bbox 997 4336 1205 4416; x_wconf 90' lang='lat' dir='ltr'>impositione,</span> <span class='ocrx_word' id='word_1_234' title='bbox 1222 4337 1301 4416; x_wconf 87' lang='lat' dir='ltr'>peti·</span> 
     </span>
     <span class='ocr_line' id='line_1_42' title="bbox 552 4429 1298 4509; baseline 0.003 -19"><span class='ocrx_word' id='word_1_235' title='bbox 552 4434 617 4490; x_wconf 93' lang='lat' dir='ltr'>tam</span> <span class='ocrx_word' id='word_1_236' title='bbox 628 4429 854 4492; x_wconf 89' lang='lat' dir='ltr'>absolutionem</span> <span class='ocrx_word' id='word_1_237' title='bbox 868 4446 901 4492; x_wconf 88' lang='grc'>33</span> <span class='ocrx_word' id='word_1_238' title='bbox 916 4430 1177 4509; x_wconf 89' lang='lat' dir='ltr'>dispensationem</span> <span class='ocrx_word' id='word_1_239' title='bbox 1197 4431 1298 4492; x_wconf 88' lang='lat' dir='ltr'>eidem</span> 
     </span>
     <span class='ocr_line' id='line_1_43' title="bbox 553 4521 1299 4603; baseline 0.001 -19"><span class='ocrx_word' id='word_1_240' title='bbox 553 4521 794 4585; x_wconf 90' lang='lat' dir='ltr'>misericorditer</span> <span class='ocrx_word' id='word_1_241' title='bbox 808 4523 1016 4603; x_wconf 90' lang='lat' dir='ltr'>impertiatur,</span> <span class='ocrx_word' id='word_1_242' title='bbox 1029 4521 1105 4585; x_wconf 90' lang='lat' dir='ltr'>dum</span> <span class='ocrx_word' id='word_1_243' title='bbox 1127 4530 1231 4586; x_wconf 89' lang='lat' dir='ltr'>tamen</span> <span class='ocrx_word' id='word_1_244' title='bbox 1246 4522 1299 4585; x_wconf 92' lang='lat' dir='ltr'>ille</span> 
     </span>
     <span class='ocr_line' id='line_1_44' title="bbox 553 4615 1297 4696; baseline 0.001 -20"><span class='ocrx_word' id='word_1_245' title='bbox 553 4615 715 4678; x_wconf 86' lang='lat' dir='ltr'>aoivitate</span> <span class='ocrx_word' id='word_1_246' title='bbox 745 4615 985 4696; x_wconf 88' lang='lat' dir='ltr'>bladraspatani‚</span> <span class='ocrx_word' id='word_1_247' title='bbox 1015 4615 1075 4678; x_wconf 91' lang='lat' dir='ltr'>nisi</span> <span class='ocrx_word' id='word_1_248' title='bbox 1101 4616 1191 4678; x_wconf 93' lang='lat' dir='ltr'>aliter</span> <span class='ocrx_word' id='word_1_249' title='bbox 1216 4616 1297 4678; x_wconf 90' lang='lat' dir='ltr'>idem</span> 
     </span>
     <span class='ocr_line' id='line_1_45' title="bbox 552 4709 1296 4789; baseline -0.001 -19"><span class='ocrx_word' id='word_1_250' title='bbox 552 4709 726 4771; x_wconf 85' lang='lat' dir='ltr'>Patriarcha</span> <span class='ocrx_word' id='word_1_251' title='bbox 741 4709 886 4789; x_wconf 91' lang='lat' dir='ltr'>expedire</span> <span class='ocrx_word' id='word_1_252' title='bbox 907 4710 940 4771; x_wconf 92' lang='lat' dir='ltr'>in</span> <span class='ocrx_word' id='word_1_253' title='bbox 956 4709 1087 4772; x_wconf 87' lang='lat' dir='ltr'>Domino</span> <span class='ocrx_word' id='word_1_254' title='bbox 1103 4709 1296 4784; x_wconf 88' lang='lat' dir='ltr'>iudicaverit,</span> 
     </span>
     <span class='ocr_line' id='line_1_46' title="bbox 552 4801 1297 4881; baseline 0.001 -18"><span class='ocrx_word' id='word_1_255' title='bbox 552 4801 684 4865; x_wconf 91' lang='lat' dir='ltr'>subinde</span> <span class='ocrx_word' id='word_1_256' title='bbox 695 4803 836 4866; x_wconf 89' lang='lat' dir='ltr'>discedat.</span> <span class='ocrx_word' id='word_1_257' title='bbox 852 4803 981 4865; x_wconf 89' lang='lat' dir='ltr'>interim</span> <span class='ocrx_word' id='word_1_258' title='bbox 995 4817 1081 4879; x_wconf 83' lang='lat' dir='ltr'>vero,</span> <span class='ocrx_word' id='word_1_259' title='bbox 1091 4817 1131 4865; x_wconf 94' lang='lat' dir='ltr'>ne</span> <span class='ocrx_word' id='word_1_260' title='bbox 1142 4802 1297 4881; x_wconf 88' lang='lat' dir='ltr'>praelatus</span> 
     </span>
     <span class='ocr_line' id='line_1_47' title="bbox 551 4895 1296 4975; baseline 0 -17"><span class='ocrx_word' id='word_1_261' title='bbox 551 4895 681 4958; x_wconf 83' lang='lat' dir='ltr'>Michael</span> <span class='ocrx_word' id='word_1_262' title='bbox 701 4896 839 4975; x_wconf 78' lang='lat' dir='ltr'>Angelus</span> <span class='ocrx_word' id='word_1_263' title='bbox 860 4897 1063 4960; x_wconf 88' lang='lat' dir='ltr'>absolutionis</span> <span class='ocrx_word' id='word_1_264' title='bbox 1084 4897 1204 4972; x_wconf 90' lang='lat' dir='ltr'>solatio,</span> <span class='ocrx_word' id='word_1_265' title='bbox 1219 4897 1245 4958; x_wconf 94' lang='lat' dir='ltr'>si</span> <span class='ocrx_word' id='word_1_266' title='bbox 1260 4912 1296 4958; x_wconf 94' lang='lat' dir='ltr'>eo</span> 
     </span>
     <span class='ocr_line' id='line_1_48' title="bbox 550 4989 1294 5068; baseline -0.001 -17"><span class='ocrx_word' id='word_1_267' title='bbox 550 5005 585 5051; x_wconf 90' lang='lat' dir='ltr'>se</span> <span class='ocrx_word' id='word_1_268' title='bbox 605 4989 737 5066; x_wconf 91' lang='lat' dir='ltr'>dignum</span> <span class='ocrx_word' id='word_1_269' title='bbox 763 4989 933 5068; x_wconf 90' lang='lat' dir='ltr'>praestitit,</span> <span class='ocrx_word' id='word_1_270' title='bbox 956 4990 1073 5053; x_wconf 89' lang='lat' dir='ltr'>diutius</span> <span class='ocrx_word' id='word_1_271' title='bbox 1097 4989 1294 5065; x_wconf 81' lang='lat' dir='ltr'>destituatur,</span> 
     </span>
     <span class='ocr_line' id='line_1_49' title="bbox 551 5080 1295 5161; baseline 0.001 -18"><span class='ocrx_word' id='word_1_272' title='bbox 551 5080 740 5144; x_wconf 80' lang='lat' dir='ltr'>fraternitati</span> <span class='ocrx_word' id='word_1_273' title='bbox 761 5091 848 5156; x_wconf 86' lang='lat' dir='ltr'>tuae,</span> <span class='ocrx_word' id='word_1_274' title='bbox 872 5083 908 5144; x_wconf 91' lang='lat' dir='ltr'>de</span> <span class='ocrx_word' id='word_1_275' title='bbox 931 5083 1018 5146; x_wconf 90' lang='lat' dir='ltr'>cuins</span> <span class='ocrx_word' id='word_1_276' title='bbox 1040 5082 1107 5145; x_wconf 89' lang='lat' dir='ltr'>zelo</span> <span class='ocrx_word' id='word_1_277' title='bbox 1128 5099 1161 5144; x_wconf 90' lang='lat' dir='ltr'>ac</span> <span class='ocrx_word' id='word_1_278' title='bbox 1182 5081 1295 5161; x_wconf 90' lang='lat' dir='ltr'>pietate</span> 
     </span>
     <span class='ocr_line' id='line_1_50' title="bbox 551 5173 1295 5252; baseline 0.003 -17"><span class='ocrx_word' id='word_1_279' title='bbox 551 5174 718 5238; x_wconf 89' lang='lat' dir='ltr'>admodum</span> <span class='ocrx_word' id='word_1_280' title='bbox 738 5176 935 5252; x_wconf 78' lang='lat' dir='ltr'>contudimus,</span> <span class='ocrx_word' id='word_1_281' title='bbox 951 5173 1128 5239; x_wconf 83' lang='lat' dir='ltr'>facultatem</span> <span class='ocrx_word' id='word_1_282' title='bbox 1142 5175 1224 5238; x_wconf 86' lang='lat' dir='ltr'>hisce</span> <span class='ocrx_word' id='word_1_283' title='bbox 1240 5189 1295 5237; x_wconf 93' lang='lat' dir='ltr'>no·</span> 
     </span>
     <span class='ocr_line' id='line_1_51' title="bbox 550 5269 1294 5349; baseline 0 -18"><span class='ocrx_word' id='word_1_284' title='bbox 550 5269 622 5331; x_wconf 91' lang='lat' dir='ltr'>stris</span> <span class='ocrx_word' id='word_1_285' title='bbox 644 5269 811 5331; x_wconf 88' lang='lat' dir='ltr'>tribuimus</span> <span class='ocrx_word' id='word_1_286' title='bbox 837 5270 1063 5333; x_wconf 91' lang='lat' dir='ltr'>absolutionem</span> <span class='ocrx_word' id='word_1_287' title='bbox 1084 5287 1118 5332; x_wconf 89' lang='grc'>33</span> <span class='ocrx_word' id='word_1_288' title='bbox 1139 5269 1294 5349; x_wconf 88' lang='lat' dir='ltr'>dispensa-</span> 
     </span>
     <span class='ocr_line' id='line_1_52' title="bbox 550 5361 1294 5441; baseline 0.004 -18"><span class='ocrx_word' id='word_1_289' title='bbox 550 5362 681 5438; x_wconf 92' lang='lat' dir='ltr'>tionem,</span> <span class='ocrx_word' id='word_1_290' title='bbox 703 5367 739 5424; x_wconf 90' lang='lat' dir='ltr'>nt</span> <span class='ocrx_word' id='word_1_291' title='bbox 760 5361 945 5440; x_wconf 83' lang='lat' dir='ltr'>praefertur,</span> <span class='ocrx_word' id='word_1_292' title='bbox 961 5363 997 5425; x_wconf 89' lang='lat' dir='ltr'>ad</span> <span class='ocrx_word' id='word_1_293' title='bbox 1017 5369 1144 5441; x_wconf 86' lang='lat' dir='ltr'>tempus</span> <span class='ocrx_word' id='word_1_294' title='bbox 1165 5363 1222 5424; x_wconf 93' lang='lat' dir='ltr'>tibi</span> <span class='ocrx_word' id='word_1_295' title='bbox 1244 5363 1294 5426; x_wconf 87' lang='lat' dir='ltr'>be-</span> 
     </span>
     <span class='ocr_line' id='line_1_53' title="bbox 549 5453 1295 5536; baseline 0.004 -20"><span class='ocrx_word' id='word_1_296' title='bbox 549 5454 706 5531; x_wconf 87' lang='lat' dir='ltr'>nerisum,</span> <span class='ocrx_word' id='word_1_297' title='bbox 729 5470 800 5519; x_wconf 88' lang='lat' dir='ltr'>oum</span> <span class='ocrx_word' id='word_1_298' title='bbox 816 5453 1018 5518; x_wconf 89' lang='lat' dir='ltr'>reincidentia</span> <span class='ocrx_word' id='word_1_299' title='bbox 1035 5461 1138 5518; x_wconf 91' lang='lat' dir='ltr'>tamen</span> <span class='ocrx_word' id='word_1_300' title='bbox 1149 5473 1183 5518; x_wconf 92' lang='lat' dir='ltr'>ac</span> <span class='ocrx_word' id='word_1_301' title='bbox 1197 5456 1295 5536; x_wconf 90' lang='lat' dir='ltr'>impo-</span> 
     </span>
    </p>
   </div>
   <div class='ocr_carea' id='block_1_3' title="bbox 549 5679 1295 5997">
    <p class='ocr_par' dir='ltr' id='par_1_3' title="bbox 549 5679 1295 5997">
     <span class='ocr_line' id='line_1_54' title="bbox 590 5679 1295 5740; baseline 0.01 -16"><span class='ocrx_word' id='word_1_302' title='bbox 590 5679 619 5736; x_wconf 79' lang='lat' dir='ltr'>(l)</span> <span class='ocrx_word' id='word_1_303' title='bbox 636 5683 671 5726; x_wconf 74' lang='lat' dir='ltr'>Ex</span> <span class='ocrx_word' id='word_1_304' title='bbox 687 5685 748 5740; x_wconf 76' lang='lat' dir='ltr'>App.</span> <span class='ocrx_word' id='word_1_305' title='bbox 764 5685 790 5727; x_wconf 84' lang='grc' dir='ltr'>Β.</span> <span class='ocrx_word' id='word_1_306' title='bbox 805 5685 831 5728; x_wconf 86' lang='grc' dir='ltr'>Ρ.</span> <span class='ocrx_word' id='word_1_307' title='bbox 847 5681 878 5727; x_wconf 87' lang='lat' dir='ltr'>de</span> <span class='ocrx_word' id='word_1_308' title='bbox 893 5685 917 5727; x_wconf 86' lang='lat' dir='ltr'>P.</span> <span class='ocrx_word' id='word_1_309' title='bbox 934 5685 959 5727; x_wconf 79' lang='lat' dir='ltr'>F.</span> <span class='ocrx_word' id='word_1_310' title='bbox 975 5693 1033 5740; x_wconf 89' lang='lat' dir='ltr'>png.</span> <span class='ocrx_word' id='word_1_311' title='bbox 1049 5684 1189 5730; x_wconf 71' lang='grc'>3367331133.</span> <span class='ocrx_word' id='word_1_312' title='bbox 1210 5684 1295 5731; x_wconf 86' lang='lat' dir='ltr'>Decla-</span> 
     </span>
     <span class='ocr_line' id='line_1_55' title="bbox 549 5747 1295 5807; baseline 0.005 -15"><span class='ocrx_word' id='word_1_313' title='bbox 549 5749 609 5793; x_wconf 86' lang='lat' dir='ltr'>rata</span> <span class='ocrx_word' id='word_1_314' title='bbox 623 5747 730 5793; x_wconf 83' lang='lat' dir='ltr'>luerunt</span> <span class='ocrx_word' id='word_1_315' title='bbox 745 5749 819 5794; x_wconf 86' lang='lat' dir='ltr'>nulla</span> <span class='ocrx_word' id='word_1_316' title='bbox 833 5751 893 5794; x_wconf 85' lang='lat' dir='ltr'>acto</span> <span class='ocrx_word' id='word_1_317' title='bbox 903 5759 918 5794; x_wconf 89' lang='grc'>3</span> <span class='ocrx_word' id='word_1_318' title='bbox 928 5749 1046 5805; x_wconf 85' lang='lat' dir='ltr'>generali</span> <span class='ocrx_word' id='word_1_319' title='bbox 1056 5749 1214 5807; x_wconf 82' lang='lat' dir='ltr'>inquisitore</span> <span class='ocrx_word' id='word_1_320' title='bbox 1224 5751 1295 5796; x_wconf 86' lang='lat' dir='ltr'>aliis·</span> 
     </span>
     <span class='ocr_line' id='line_1_56' title="bbox 549 5815 1292 5874; baseline 0.008 -16"><span class='ocrx_word' id='word_1_321' title='bbox 549 5825 600 5870; x_wconf 89' lang='lat' dir='ltr'>que</span> <span class='ocrx_word' id='word_1_322' title='bbox 613 5817 705 5860; x_wconf 82' lang='lat' dir='ltr'>contra</span> <span class='ocrx_word' id='word_1_323' title='bbox 719 5815 873 5873; x_wconf 76' lang='lat' dir='ltr'>Episcopum</span> <span class='ocrx_word' id='word_1_324' title='bbox 887 5817 1122 5874; x_wconf 84' lang='lat' dir='ltr'>carthaginensem</span> <span class='ocrx_word' id='word_1_325' title='bbox 1136 5821 1217 5864; x_wconf 89' lang='lat' dir='ltr'>const.</span> <span class='ocrx_word' id='word_1_326' title='bbox 1231 5819 1292 5864; x_wconf 88' lang='lat' dir='ltr'>edit.</span> 
     </span>
     <span class='ocr_line' id='line_1_57' title="bbox 549 5882 1295 5942; baseline 0.005 -17"><span class='ocrx_word' id='word_1_327' title='bbox 549 5891 655 5927; x_wconf 82' lang='lat' dir='ltr'>nnccvr.</span> <span class='ocrx_word' id='word_1_328' title='bbox 671 5882 712 5926; x_wconf 88' lang='lat' dir='ltr'>dia</span> <span class='ocrx_word' id='word_1_329' title='bbox 727 5893 781 5928; x_wconf 86' lang='lat' dir='ltr'>xxx.</span> <span class='ocrx_word' id='word_1_330' title='bbox 797 5883 920 5938; x_wconf 86' lang='lat' dir='ltr'>ianuarii,</span> <span class='ocrx_word' id='word_1_331' title='bbox 934 5887 1004 5940; x_wconf 91' lang='lat' dir='ltr'>pont.</span> <span class='ocrx_word' id='word_1_332' title='bbox 1020 5895 1065 5938; x_wconf 89' lang='lat' dir='ltr'>v1.;</span> <span class='ocrx_word' id='word_1_333' title='bbox 1087 5895 1126 5942; x_wconf 87' lang='lat' dir='ltr'>ep.</span> <span class='ocrx_word' id='word_1_334' title='bbox 1141 5888 1241 5930; x_wconf 73' lang='lat' dir='ltr'>sertem</span> <span class='ocrx_word' id='word_1_335' title='bbox 1254 5896 1295 5930; x_wconf 70' lang='lat' dir='ltr'>eo</span> 
     </span>
     <span class='ocr_line' id='line_1_58' title="bbox 550 5946 1295 5997; baseline 0.008 -7"><span class='ocrx_word' id='word_1_336' title='bbox 550 5957 615 5991; x_wconf 86' lang='lat' dir='ltr'>rum</span> <span class='ocrx_word' id='word_1_337' title='bbox 630 5946 687 5993; x_wconf 84' lang='lat' dir='ltr'>mis.</span> <span class='ocrx_word' id='word_1_338' title='bbox 704 5947 746 5992; x_wconf 89' lang='lat' dir='ltr'>die</span> <span class='ocrx_word' id='word_1_339' title='bbox 760 5959 822 5994; x_wconf 87' lang='lat' dir='ltr'>xxx.</span> <span class='ocrx_word' id='word_1_340' title='bbox 840 5949 953 5996; x_wconf 86' lang='lat' dir='ltr'>octobris</span> <span class='ocrx_word' id='word_1_341' title='bbox 969 5959 1074 5996; x_wconf 83' lang='lat' dir='ltr'>unccvx.</span> <span class='ocrx_word' id='word_1_342' title='bbox 1097 5954 1236 5997; x_wconf 89' lang='lat' dir='ltr'>monuerat</span> <span class='ocrx_word' id='word_1_343' title='bbox 1251 5954 1295 5996; x_wconf 79' lang='lat' dir='ltr'>nr·</span> 
     </span>
    </p>
   </div>
   <div class='ocr_carea' id='block_1_4' title="bbox 1077 581 1576 634">
    <p class='ocr_par' dir='ltr' id='par_1_4' title="bbox 1077 581 1576 634">
     <span class='ocr_line' id='line_1_59' title="bbox 1077 581 1576 634; baseline -0.008 -2"><span class='ocrx_word' id='word_1_344' title='bbox 1077 583 1143 634; x_wconf 78' lang='lat' dir='ltr'><strong>IUR·</strong></span> <span class='ocrx_word' id='word_1_345' title='bbox 1167 583 1259 631; x_wconf 81' lang='lat' dir='ltr'>PONT·</span> <span class='ocrx_word' id='word_1_346' title='bbox 1282 581 1323 628; x_wconf 82' lang='lat' dir='ltr'>ott</span> <span class='ocrx_word' id='word_1_347' title='bbox 1343 583 1373 629; x_wconf 76' lang='lat' dir='ltr'>P·</span> <span class='ocrx_word' id='word_1_348' title='bbox 1397 583 1426 628; x_wconf 74' lang='lat' dir='ltr'>F·</span> <span class='ocrx_word' id='word_1_349' title='bbox 1451 583 1533 630; x_wconf 80' lang='lat' dir='ltr'>PARS</span> <span class='ocrx_word' id='word_1_350' title='bbox 1554 584 1576 631; x_wconf 92' lang='lat'>1.</span> 
     </span>
    </p>
   </div>
   <div class='ocr_carea' id='block_1_5' title="bbox 1352 701 2176 4690">
    <p class='ocr_par' dir='ltr' id='par_1_5' title="bbox 1352 701 2176 4409">
     <span class='ocr_line' id='line_1_60' title="bbox 1361 701 2109 788; baseline 0.02 -25"><span class='ocrx_word' id='word_1_351' title='bbox 1361 701 1427 764; x_wconf 90' lang='lat' dir='ltr'>sitis</span> <span class='ocrx_word' id='word_1_352' title='bbox 1447 702 1564 782; x_wconf 90' lang='lat' dir='ltr'>pariter</span> <span class='ocrx_word' id='word_1_353' title='bbox 1576 704 1761 770; x_wconf 90' lang='lat' dir='ltr'>salutaribus</span> <span class='ocrx_word' id='word_1_354' title='bbox 1776 707 1988 788; x_wconf 89' lang='lat' dir='ltr'>poenitentiis,</span> <span class='ocrx_word' id='word_1_355' title='bbox 2008 711 2109 777; x_wconf 91' lang='lat' dir='ltr'>eidem</span> 
     </span>
     <span class='ocr_line' id='line_1_61' title="bbox 1362 793 2109 882; baseline 0.02 -27"><span class='ocrx_word' id='word_1_356' title='bbox 1362 793 1506 873; x_wconf 91' lang='lat' dir='ltr'>religioso</span> <span class='ocrx_word' id='word_1_357' title='bbox 1527 798 1596 861; x_wconf 86' lang='lat' dir='ltr'>viro</span> <span class='ocrx_word' id='word_1_358' title='bbox 1624 801 1764 866; x_wconf 88' lang='lat' dir='ltr'>ltliobaeli</span> <span class='ocrx_word' id='word_1_359' title='bbox 1785 805 1907 882; x_wconf 74' lang='lat' dir='ltr'>ringelo</span> <span class='ocrx_word' id='word_1_360' title='bbox 1931 806 2109 870; x_wconf 85' lang='lat' dir='ltr'>Turonensi</span> 
     </span>
     <span class='ocr_line' id='line_1_62' title="bbox 1363 887 2108 978; baseline 0.02 -29"><span class='ocrx_word' id='word_1_361' title='bbox 1363 887 1457 950; x_wconf 89' lang='lat' dir='ltr'>etiam</span> <span class='ocrx_word' id='word_1_362' title='bbox 1478 905 1534 969; x_wconf 92' lang='lat' dir='ltr'>per</span> <span class='ocrx_word' id='word_1_363' title='bbox 1553 895 1729 972; x_wconf 82' lang='lat' dir='ltr'>superiores</span> <span class='ocrx_word' id='word_1_364' title='bbox 1750 895 1872 960; x_wconf 85' lang='lat' dir='ltr'>Ordinis</span> <span class='ocrx_word' id='word_1_365' title='bbox 1895 899 2031 978; x_wconf 87' lang='lat' dir='ltr'>benigne</span> <span class='ocrx_word' id='word_1_366' title='bbox 2052 901 2108 964; x_wconf 95' lang='lat' dir='ltr'>im-</span> 
     </span>
     <span class='ocr_line' id='line_1_63' title="bbox 1362 981 2108 1059; baseline 0.023 -18"><span class='ocrx_word' id='word_1_367' title='bbox 1362 981 1527 1058; x_wconf 90' lang='lat' dir='ltr'>pertiendi.</span> <span class='ocrx_word' id='word_1_368' title='bbox 1540 985 1626 1059; x_wconf 85' lang='lat' dir='ltr'>Quod</span> <span class='ocrx_word' id='word_1_369' title='bbox 1647 986 1724 1050; x_wconf 86' lang='lat' dir='ltr'>item</span> <span class='ocrx_word' id='word_1_370' title='bbox 1744 990 1893 1052; x_wconf 84' lang='lat' dir='ltr'>serveria</span> <span class='ocrx_word' id='word_1_371' title='bbox 1909 998 1940 1054; x_wconf 92' lang='lat' dir='ltr'>te</span> <span class='ocrx_word' id='word_1_372' title='bbox 1961 993 2108 1058; x_wconf 88' lang='lat' dir='ltr'>volumus</span> 
     </span>
     <span class='ocr_line' id='line_1_64' title="bbox 1362 1073 2108 1162; baseline 0.017 -27"><span class='ocrx_word' id='word_1_373' title='bbox 1362 1089 1435 1136; x_wconf 92' lang='lat' dir='ltr'>cum</span> <span class='ocrx_word' id='word_1_374' title='bbox 1455 1073 1522 1136; x_wconf 91' lang='lat' dir='ltr'>aliis</span> <span class='ocrx_word' id='word_1_375' title='bbox 1552 1077 1690 1140; x_wconf 87' lang='lat' dir='ltr'>eiusdem</span> <span class='ocrx_word' id='word_1_376' title='bbox 1712 1079 1835 1144; x_wconf 88' lang='lat' dir='ltr'>Ordinis</span> <span class='ocrx_word' id='word_1_377' title='bbox 1859 1083 2012 1162; x_wconf 83' lang='lat' dir='ltr'>religiosis</span> <span class='ocrx_word' id='word_1_378' title='bbox 2033 1086 2108 1148; x_wconf 86' lang='lat' dir='ltr'>viris</span> 
     </span>
     <span class='ocr_line' id='line_1_65' title="bbox 1361 1166 2107 1250; baseline 0.02 -23"><span class='ocrx_word' id='word_1_379' title='bbox 1361 1166 1387 1227; x_wconf 91' lang='lat' dir='ltr'>si</span> <span class='ocrx_word' id='word_1_380' title='bbox 1409 1167 1462 1244; x_wconf 93' lang='lat' dir='ltr'>qui</span> <span class='ocrx_word' id='word_1_381' title='bbox 1476 1169 1556 1234; x_wconf 85' lang='lat' dir='ltr'>torte</span> <span class='ocrx_word' id='word_1_382' title='bbox 1570 1171 1734 1250; x_wconf 91' lang='lat' dir='ltr'>saepedicti</span> <span class='ocrx_word' id='word_1_383' title='bbox 1750 1175 1941 1240; x_wconf 88' lang='lat' dir='ltr'>Patriarchae</span> <span class='ocrx_word' id='word_1_384' title='bbox 1956 1178 2107 1242; x_wconf 91' lang='lat' dir='ltr'>mandatis</span> 
     </span>
     <span class='ocr_line' id='line_1_66' title="bbox 1362 1260 2108 1341; baseline 0.02 -23"><span class='ocrx_word' id='word_1_385' title='bbox 1362 1265 1434 1320; x_wconf 88' lang='lat' dir='ltr'>ante</span> <span class='ocrx_word' id='word_1_386' title='bbox 1456 1260 1507 1321; x_wconf 86' lang='lat' dir='ltr'>vel</span> <span class='ocrx_word' id='word_1_387' title='bbox 1528 1271 1596 1341; x_wconf 89' lang='lat' dir='ltr'>post</span> <span class='ocrx_word' id='word_1_388' title='bbox 1618 1264 1685 1326; x_wconf 91' lang='lat' dir='ltr'>eius</span> <span class='ocrx_word' id='word_1_389' title='bbox 1699 1266 1868 1332; x_wconf 88' lang='lat' dir='ltr'>discessum</span> <span class='ocrx_word' id='word_1_390' title='bbox 1889 1285 1905 1330; x_wconf 91' lang='grc'>3</span> <span class='ocrx_word' id='word_1_391' title='bbox 1926 1270 2108 1334; x_wconf 89' lang='lat' dir='ltr'>Pudicherio</span> 
     </span>
     <span class='ocr_line' id='line_1_67' title="bbox 1362 1351 2108 1438; baseline 0.019 -26"><span class='ocrx_word' id='word_1_392' title='bbox 1362 1351 1480 1414; x_wconf 89' lang='lat' dir='ltr'>obediri</span> <span class='ocrx_word' id='word_1_393' title='bbox 1501 1355 1709 1432; x_wconf 92' lang='lat' dir='ltr'>neglexerint,</span> <span class='ocrx_word' id='word_1_394' title='bbox 1725 1367 1817 1438; x_wconf 90' lang='lat' dir='ltr'>prout</span> <span class='ocrx_word' id='word_1_395' title='bbox 1839 1377 1895 1424; x_wconf 93' lang='lat' dir='ltr'>nos</span> <span class='ocrx_word' id='word_1_396' title='bbox 1910 1363 2058 1427; x_wconf 91' lang='lat' dir='ltr'>dilectum</span> <span class='ocrx_word' id='word_1_397' title='bbox 2074 1365 2108 1426; x_wconf 90' lang='lat' dir='ltr'>li·</span> 
     </span>
     <span class='ocr_line' id='line_1_68' title="bbox 1361 1443 2107 1534; baseline 0.02 -30"><span class='ocrx_word' id='word_1_398' title='bbox 1361 1443 1441 1506; x_wconf 93' lang='lat' dir='ltr'>lium</span> <span class='ocrx_word' id='word_1_399' title='bbox 1456 1446 1637 1524; x_wconf 92' lang='lat' dir='ltr'>religiosum</span> <span class='ocrx_word' id='word_1_400' title='bbox 1655 1451 1761 1514; x_wconf 87' lang='lat' dir='ltr'>virum</span> <span class='ocrx_word' id='word_1_401' title='bbox 1781 1453 1952 1518; x_wconf 87' lang='lat' dir='ltr'>Eusebium</span> <span class='ocrx_word' id='word_1_402' title='bbox 1966 1457 2107 1534; x_wconf 89' lang='lat' dir='ltr'>Burgen-</span> 
     </span>
     <span class='ocr_line' id='line_1_69' title="bbox 1360 1536 2108 1622; baseline 0.02 -24"><span class='ocrx_word' id='word_1_403' title='bbox 1360 1552 1426 1598; x_wconf 93' lang='lat' dir='ltr'>sem</span> <span class='ocrx_word' id='word_1_404' title='bbox 1447 1536 1520 1601; x_wconf 91' lang='lat' dir='ltr'>dicti</span> <span class='ocrx_word' id='word_1_405' title='bbox 1540 1539 1674 1618; x_wconf 91' lang='lat' dir='ltr'>Ordinis,</span> <span class='ocrx_word' id='word_1_406' title='bbox 1691 1545 1746 1622; x_wconf 91' lang='lat' dir='ltr'>qui</span> <span class='ocrx_word' id='word_1_407' title='bbox 1766 1547 1806 1608; x_wconf 92' lang='lat' dir='ltr'>ob</span> <span class='ocrx_word' id='word_1_408' title='bbox 1823 1547 1965 1610; x_wconf 88' lang='lat' dir='ltr'>eamdem</span> <span class='ocrx_word' id='word_1_409' title='bbox 1986 1541 2108 1613; x_wconf 86' lang='lat' dir='ltr'>causam</span> 
     </span>
     <span class='ocr_line' id='line_1_70' title="bbox 1361 1628 2107 1718; baseline 0.02 -29"><span class='ocrx_word' id='word_1_410' title='bbox 1361 1628 1396 1690; x_wconf 91' lang='lat' dir='ltr'>ad</span> <span class='ocrx_word' id='word_1_411' title='bbox 1419 1645 1474 1692; x_wconf 91' lang='lat' dir='ltr'>nos</span> <span class='ocrx_word' id='word_1_412' title='bbox 1496 1647 1536 1700; x_wconf 87' lang='lat' dir='ltr'>ex</span> <span class='ocrx_word' id='word_1_413' title='bbox 1556 1632 1786 1715; x_wconf 85' lang='lat' dir='ltr'>liadraspatano</span> <span class='ocrx_word' id='word_1_414' title='bbox 1801 1639 1932 1718; x_wconf 83' lang='lat' dir='ltr'>supplex</span> <span class='ocrx_word' id='word_1_415' title='bbox 1945 1657 1979 1702; x_wconf 91' lang='lat' dir='ltr'>ac</span> <span class='ocrx_word' id='word_1_416' title='bbox 2000 1641 2107 1704; x_wconf 91' lang='lat' dir='ltr'>dolens</span> 
     </span>
     <span class='ocr_line' id='line_1_71' title="bbox 1360 1725 2107 1812; baseline 0.017 -28"><span class='ocrx_word' id='word_1_417' title='bbox 1360 1725 1497 1801; x_wconf 86' lang='lat' dir='ltr'>accessit,</span> <span class='ocrx_word' id='word_1_418' title='bbox 1519 1727 1722 1792; x_wconf 89' lang='lat' dir='ltr'>absolutionis</span> <span class='ocrx_word' id='word_1_419' title='bbox 1743 1739 1773 1793; x_wconf 93' lang='lat' dir='ltr'>et</span> <span class='ocrx_word' id='word_1_420' title='bbox 1788 1731 2025 1812; x_wconf 87' lang='lat' dir='ltr'>dispensationis</span> <span class='ocrx_word' id='word_1_421' title='bbox 2040 1750 2107 1812; x_wconf 89' lang='lat' dir='ltr'>gra-</span> 
     </span>
     <span class='ocr_line' id='line_1_72' title="bbox 1360 1817 2109 1905; baseline 0.016 -27"><span class='ocrx_word' id='word_1_422' title='bbox 1360 1817 1412 1892; x_wconf 79' lang='lat' dir='ltr'>tia,</span> <span class='ocrx_word' id='word_1_423' title='bbox 1428 1833 1521 1896; x_wconf 89' lang='lat' dir='ltr'>quam</span> <span class='ocrx_word' id='word_1_424' title='bbox 1536 1820 1699 1884; x_wconf 84' lang='lat' dir='ltr'>humiliter</span> <span class='ocrx_word' id='word_1_425' title='bbox 1719 1823 1820 1901; x_wconf 90' lang='lat' dir='ltr'>petiit,</span> <span class='ocrx_word' id='word_1_426' title='bbox 1837 1825 1980 1904; x_wconf 79' lang='lat' dir='ltr'>imposita</span> <span class='ocrx_word' id='word_1_427' title='bbox 1992 1827 2020 1888; x_wconf 92' lang='lat' dir='ltr'>ei</span> <span class='ocrx_word' id='word_1_428' title='bbox 2036 1842 2109 1905; x_wconf 92' lang='lat' dir='ltr'>poe-</span> 
     </span>
     <span class='ocr_line' id='line_1_73' title="bbox 1361 1908 2107 1995; baseline 0.016 -25"><span class='ocrx_word' id='word_1_429' title='bbox 1361 1908 1493 1972; x_wconf 83' lang='lat' dir='ltr'>nitentia</span> <span class='ocrx_word' id='word_1_430' title='bbox 1512 1910 1640 1974; x_wconf 91' lang='lat' dir='ltr'>salutari</span> <span class='ocrx_word' id='word_1_431' title='bbox 1661 1913 1824 1992; x_wconf 81' lang='lat' dir='ltr'>apostolica</span> <span class='ocrx_word' id='word_1_432' title='bbox 1845 1916 2039 1995; x_wconf 89' lang='lat' dir='ltr'>benignitate</span> <span class='ocrx_word' id='word_1_433' title='bbox 2060 1935 2107 1982; x_wconf 81' lang='lat' dir='ltr'>so</span> 
     </span>
     <span class='ocr_line' id='line_1_74' title="bbox 1360 2001 2107 2081; baseline 0.017 -19"><span class='ocrx_word' id='word_1_434' title='bbox 1360 2001 1413 2063; x_wconf 91' lang='lat' dir='ltr'>lati</span> <span class='ocrx_word' id='word_1_435' title='bbox 1443 2019 1561 2065; x_wconf 90' lang='lat' dir='ltr'>sumus.</span> <span class='ocrx_word' id='word_1_436' title='bbox 1596 2005 1682 2081; x_wconf 82' lang='lat' dir='ltr'>Quod</span> <span class='ocrx_word' id='word_1_437' title='bbox 1713 2007 1824 2070; x_wconf 90' lang='lat' dir='ltr'>attinet</span> <span class='ocrx_word' id='word_1_438' title='bbox 1852 2011 1888 2072; x_wconf 92' lang='lat' dir='ltr'>ad</span> <span class='ocrx_word' id='word_1_439' title='bbox 1916 2013 2107 2076; x_wconf 91' lang='lat' dir='ltr'>sacerdotem</span> 
     </span>
     <span class='ocr_line' id='line_1_75' title="bbox 1359 2093 2107 2177; baseline 0.016 -23"><span class='ocrx_word' id='word_1_440' title='bbox 1359 2093 1491 2156; x_wconf 88' lang='lat' dir='ltr'>Paulum</span> <span class='ocrx_word' id='word_1_441' title='bbox 1512 2094 1550 2158; x_wconf 93' lang='lat' dir='ltr'>de</span> <span class='ocrx_word' id='word_1_442' title='bbox 1572 2097 1622 2174; x_wconf 82' lang='lat' dir='ltr'>Sd,</span> <span class='ocrx_word' id='word_1_443' title='bbox 1644 2115 1739 2177; x_wconf 94' lang='lat' dir='ltr'>quem</span> <span class='ocrx_word' id='word_1_444' title='bbox 1760 2100 1799 2162; x_wconf 93' lang='lat' dir='ltr'>ob</span> <span class='ocrx_word' id='word_1_445' title='bbox 1819 2115 1981 2165; x_wconf 89' lang='lat' dir='ltr'>recursum</span> <span class='ocrx_word' id='word_1_446' title='bbox 2002 2103 2040 2165; x_wconf 92' lang='lat' dir='ltr'>ad</span> <span class='ocrx_word' id='word_1_447' title='bbox 2060 2105 2107 2166; x_wconf 90' lang='lat' dir='ltr'>iu·</span> 
     </span>
     <span class='ocr_line' id='line_1_76' title="bbox 1360 2186 2106 2271; baseline 0.015 -22"><span class='ocrx_word' id='word_1_448' title='bbox 1360 2186 1441 2250; x_wconf 89' lang='lat' dir='ltr'>dices</span> <span class='ocrx_word' id='word_1_449' title='bbox 1473 2187 1563 2250; x_wconf 89' lang='lat' dir='ltr'>laicos</span> <span class='ocrx_word' id='word_1_450' title='bbox 1588 2190 1717 2271; x_wconf 88' lang='lat' dir='ltr'>aliisque</span> <span class='ocrx_word' id='word_1_451' title='bbox 1739 2194 1777 2256; x_wconf 91' lang='lat' dir='ltr'>de</span> <span class='ocrx_word' id='word_1_452' title='bbox 1800 2195 1899 2256; x_wconf 85' lang='lat' dir='ltr'>causis</span> <span class='ocrx_word' id='word_1_453' title='bbox 1927 2203 2046 2260; x_wconf 90' lang='lat' dir='ltr'>constat</span> <span class='ocrx_word' id='word_1_454' title='bbox 2067 2198 2106 2260; x_wconf 94' lang='lat' dir='ltr'>ab</span> 
     </span>
     <span class='ocr_line' id='line_1_77' title="bbox 1358 2279 2107 2353; baseline 0.017 -13"><span class='ocrx_word' id='word_1_455' title='bbox 1358 2279 1468 2342; x_wconf 90' lang='lat' dir='ltr'>eodem</span> <span class='ocrx_word' id='word_1_456' title='bbox 1489 2282 1662 2348; x_wconf 76' lang='lat' dir='ltr'>Patriarcbt</span> <span class='ocrx_word' id='word_1_457' title='bbox 1687 2288 1990 2351; x_wconf 88' lang='lat' dir='ltr'>excommunicatum</span> <span class='ocrx_word' id='word_1_458' title='bbox 2011 2289 2107 2353; x_wconf 83' lang='lat' dir='ltr'>tuisse</span> 
     </span>
     <span class='ocr_line' id='line_1_78' title="bbox 1360 2372 2105 2457; baseline 0.017 -24"><span class='ocrx_word' id='word_1_459' title='bbox 1360 2372 1392 2434; x_wconf 93' lang='lat' dir='ltr'>in</span> <span class='ocrx_word' id='word_1_460' title='bbox 1414 2375 1627 2438; x_wconf 68' lang='lat' dir='ltr'>oausacoram</span> <span class='ocrx_word' id='word_1_461' title='bbox 1648 2377 1714 2457; x_wconf 90' lang='lat' dir='ltr'>ipso</span> <span class='ocrx_word' id='word_1_462' title='bbox 1735 2379 1819 2442; x_wconf 91' lang='lat' dir='ltr'>inter</span> <span class='ocrx_word' id='word_1_463' title='bbox 1832 2379 1981 2443; x_wconf 91' lang='lat' dir='ltr'>dilectum</span> <span class='ocrx_word' id='word_1_464' title='bbox 2002 2382 2105 2446; x_wconf 83' lang='lat' dir='ltr'>silium</span> 
     </span>
     <span class='ocr_line' id='line_1_79' title="bbox 1358 2465 2104 2544; baseline 0.016 -17"><span class='ocrx_word' id='word_1_465' title='bbox 1358 2465 1541 2544; x_wconf 90' lang='lat' dir='ltr'>religiosum</span> <span class='ocrx_word' id='word_1_466' title='bbox 1553 2470 1657 2532; x_wconf 88' lang='lat' dir='ltr'>virum</span> <span class='ocrx_word' id='word_1_467' title='bbox 1672 2471 1874 2536; x_wconf 88' lang='lat' dir='ltr'>Ouilielmum</span> <span class='ocrx_word' id='word_1_468' title='bbox 1885 2475 1924 2538; x_wconf 93' lang='lat' dir='ltr'>de</span> <span class='ocrx_word' id='word_1_469' title='bbox 1934 2474 2022 2538; x_wconf 85' lang='lat' dir='ltr'>Valle</span> <span class='ocrx_word' id='word_1_470' title='bbox 2033 2493 2104 2539; x_wconf 87' lang='lat' dir='ltr'>con-</span> 
     </span>
     <span class='ocr_line' id='line_1_80' title="bbox 1359 2561 2105 2644; baseline 0.016 -23"><span class='ocrx_word' id='word_1_471' title='bbox 1359 2561 1549 2637; x_wconf 86' lang='lat' dir='ltr'>gregationis</span> <span class='ocrx_word' id='word_1_472' title='bbox 1570 2563 1761 2628; x_wconf 83' lang='lat' dir='ltr'>Olerioorum</span> <span class='ocrx_word' id='word_1_473' title='bbox 1782 2566 1986 2644; x_wconf 82' lang='lat' dir='ltr'>Regularium</span> <span class='ocrx_word' id='word_1_474' title='bbox 2008 2569 2105 2632; x_wconf 83' lang='lat' dir='ltr'>Thea·</span> 
     </span>
     <span class='ocr_line' id='line_1_81' title="bbox 1360 2656 2105 2740; baseline 0.015 -24"><span class='ocrx_word' id='word_1_475' title='bbox 1360 2656 1498 2716; x_wconf 89' lang='lat' dir='ltr'>tinorum</span> <span class='ocrx_word' id='word_1_476' title='bbox 1527 2665 1798 2736; x_wconf 87' lang='lat' dir='ltr'>nuncupatorum,</span> <span class='ocrx_word' id='word_1_477' title='bbox 1821 2661 1987 2740; x_wconf 90' lang='lat' dir='ltr'>ipsumque</span> <span class='ocrx_word' id='word_1_478' title='bbox 2007 2679 2105 2726; x_wconf 90' lang='lat' dir='ltr'>sacer·</span> 
     </span>
     <span class='ocr_line' id='line_1_82' title="bbox 1357 2747 2105 2835; baseline 0.015 -26"><span class='ocrx_word' id='word_1_479' title='bbox 1357 2748 1463 2810; x_wconf 92' lang='lat' dir='ltr'>dotem</span> <span class='ocrx_word' id='word_1_480' title='bbox 1477 2747 1608 2812; x_wconf 89' lang='lat' dir='ltr'>Paulum</span> <span class='ocrx_word' id='word_1_481' title='bbox 1622 2751 1660 2812; x_wconf 91' lang='lat' dir='ltr'>de</span> <span class='ocrx_word' id='word_1_482' title='bbox 1675 2749 1725 2827; x_wconf 83' lang='lat' dir='ltr'>Sd,</span> <span class='ocrx_word' id='word_1_483' title='bbox 1739 2767 1814 2815; x_wconf 89' lang='lat' dir='ltr'>eum</span> <span class='ocrx_word' id='word_1_484' title='bbox 1829 2769 1845 2814; x_wconf 89' lang='lat' dir='ltr'>a</span> <span class='ocrx_word' id='word_1_485' title='bbox 1860 2756 1998 2818; x_wconf 90' lang='lat' dir='ltr'>censuris</span> <span class='ocrx_word' id='word_1_486' title='bbox 2018 2758 2105 2835; x_wconf 92' lang='lat' dir='ltr'>prius</span> 
     </span>
     <span class='ocr_line' id='line_1_83' title="bbox 1357 2840 2104 2928; baseline 0.016 -27"><span class='ocrx_word' id='word_1_487' title='bbox 1357 2840 1532 2906; x_wconf 91' lang='lat' dir='ltr'>absolutum</span> <span class='ocrx_word' id='word_1_488' title='bbox 1554 2849 1585 2904; x_wconf 92' lang='lat' dir='ltr'>et</span> <span class='ocrx_word' id='word_1_489' title='bbox 1605 2859 1699 2923; x_wconf 91' lang='lat' dir='ltr'>super</span> <span class='ocrx_word' id='word_1_490' title='bbox 1713 2846 1939 2926; x_wconf 90' lang='lat' dir='ltr'>impedimento</span> <span class='ocrx_word' id='word_1_491' title='bbox 1953 2848 2104 2928; x_wconf 89' lang='lat' dir='ltr'>irregula-</span> 
     </span>
     <span class='ocr_line' id='line_1_84' title="bbox 1357 2936 2105 3018; baseline 0.013 -20"><span class='ocrx_word' id='word_1_492' title='bbox 1357 2936 1456 2998; x_wconf 91' lang='lat' dir='ltr'>ritatis</span> <span class='ocrx_word' id='word_1_493' title='bbox 1476 2937 1689 3016; x_wconf 87' lang='lat' dir='ltr'>dispensatum</span> <span class='ocrx_word' id='word_1_494' title='bbox 1715 2940 1839 3018; x_wconf 77' lang='lat' dir='ltr'>praevia</span> <span class='ocrx_word' id='word_1_495' title='bbox 1866 2943 2105 3008; x_wconf 89' lang='lat' dir='ltr'>renunciatione</span> 
     </span>
     <span class='ocr_line' id='line_1_85' title="bbox 1356 3029 2104 3110; baseline 0.015 -21"><span class='ocrx_word' id='word_1_496' title='bbox 1356 3029 1484 3108; x_wconf 86' lang='lat' dir='ltr'>praelati</span> <span class='ocrx_word' id='word_1_497' title='bbox 1504 3047 1650 3094; x_wconf 89' lang='lat' dir='ltr'>recursus</span> <span class='ocrx_word' id='word_1_498' title='bbox 1664 3032 1795 3095; x_wconf 92' lang='lat' dir='ltr'>nulliter</span> <span class='ocrx_word' id='word_1_499' title='bbox 1815 3033 1945 3110; x_wconf 72' lang='lat' dir='ltr'>lectiae</span> <span class='ocrx_word' id='word_1_500' title='bbox 1961 3035 2104 3100; x_wconf 90' lang='lat' dir='ltr'>iniuncto</span> 
     </span>
     <span class='ocr_line' id='line_1_86' title="bbox 1357 3123 2104 3202; baseline 0.012 -19"><span class='ocrx_word' id='word_1_501' title='bbox 1357 3131 1518 3201; x_wconf 89' lang='lat' dir='ltr'>praecepto</span> <span class='ocrx_word' id='word_1_502' title='bbox 1539 3123 1667 3202; x_wconf 90' lang='lat' dir='ltr'>parendi</span> <span class='ocrx_word' id='word_1_503' title='bbox 1695 3127 1847 3188; x_wconf 90' lang='lat' dir='ltr'>mandatis</span> <span class='ocrx_word' id='word_1_504' title='bbox 1872 3127 2036 3202; x_wconf 87' lang='lat' dir='ltr'>Ecclesiae,</span> <span class='ocrx_word' id='word_1_505' title='bbox 2060 3137 2104 3192; x_wconf 92' lang='lat' dir='ltr'>at-</span> 
     </span>
     <span class='ocr_line' id='line_1_87' title="bbox 1357 3216 2102 3298; baseline 0.008 -21"><span class='ocrx_word' id='word_1_506' title='bbox 1357 3216 1440 3278; x_wconf 83' lang='lat' dir='ltr'>tenta</span> <span class='ocrx_word' id='word_1_507' title='bbox 1462 3216 1601 3280; x_wconf 89' lang='lat' dir='ltr'>eiusdem</span> <span class='ocrx_word' id='word_1_508' title='bbox 1622 3217 1781 3280; x_wconf 90' lang='lat' dir='ltr'>Ouilielmi</span> <span class='ocrx_word' id='word_1_509' title='bbox 1796 3219 1833 3282; x_wconf 92' lang='lat' dir='ltr'>de</span> <span class='ocrx_word' id='word_1_510' title='bbox 1849 3217 1936 3282; x_wconf 90' lang='lat' dir='ltr'>Valle</span> <span class='ocrx_word' id='word_1_511' title='bbox 1952 3221 2102 3298; x_wconf 81' lang='lat' dir='ltr'>absentiat,</span> 
     </span>
     <span class='ocr_line' id='line_1_88' title="bbox 1356 3309 2104 3391; baseline 0.012 -21"><span class='ocrx_word' id='word_1_512' title='bbox 1356 3309 1536 3372; x_wconf 90' lang='lat' dir='ltr'>habilitandi</span> <span class='ocrx_word' id='word_1_513' title='bbox 1563 3316 1593 3372; x_wconf 90' lang='lat' dir='ltr'>et</span> <span class='ocrx_word' id='word_1_514' title='bbox 1622 3309 1786 3374; x_wconf 87' lang='lat' dir='ltr'>inducendi</span> <span class='ocrx_word' id='word_1_515' title='bbox 1818 3313 1850 3373; x_wconf 95' lang='lat' dir='ltr'>in</span> <span class='ocrx_word' id='word_1_516' title='bbox 1878 3315 2104 3391; x_wconf 90' lang='lat' dir='ltr'>possessionem</span> 
     </span>
     <span class='ocr_line' id='line_1_89' title="bbox 1355 3401 2104 3479; baseline 0.015 -19"><span class='ocrx_word' id='word_1_517' title='bbox 1355 3402 1514 3479; x_wconf 85' lang='lat' dir='ltr'>parochiae</span> <span class='ocrx_word' id='word_1_518' title='bbox 1526 3401 1696 3465; x_wconf 87' lang='lat' dir='ltr'>Gondeluri</span> <span class='ocrx_word' id='word_1_519' title='bbox 1719 3403 1773 3466; x_wconf 91' lang='lat' dir='ltr'>tibi</span> <span class='ocrx_word' id='word_1_520' title='bbox 1794 3405 1827 3466; x_wconf 93' lang='lat' dir='ltr'>in</span> <span class='ocrx_word' id='word_1_521' title='bbox 1841 3405 1974 3468; x_wconf 90' lang='lat' dir='ltr'>Domino</span> <span class='ocrx_word' id='word_1_522' title='bbox 1994 3408 2104 3470; x_wconf 89' lang='lat' dir='ltr'>tribui·</span> 
     </span>
     <span class='ocr_line' id='line_1_90' title="bbox 1355 3493 2103 3575; baseline 0.009 -19"><span class='ocrx_word' id='word_1_523' title='bbox 1355 3510 1426 3556; x_wconf 92' lang='lat' dir='ltr'>mus</span> <span class='ocrx_word' id='word_1_524' title='bbox 1447 3493 1636 3558; x_wconf 83' lang='lat' dir='ltr'>facultatem.</span> <span class='ocrx_word' id='word_1_525' title='bbox 1660 3497 1695 3558; x_wconf 95' lang='lat' dir='ltr'>ln</span> <span class='ocrx_word' id='word_1_526' title='bbox 1716 3497 1828 3575; x_wconf 89' lang='lat' dir='ltr'>quibus</span> <span class='ocrx_word' id='word_1_527' title='bbox 1856 3499 2004 3562; x_wconf 91' lang='lat' dir='ltr'>omnibus</span> <span class='ocrx_word' id='word_1_528' title='bbox 2024 3501 2103 3563; x_wconf 88' lang='lat' dir='ltr'>scire</span> 
     </span>
     <span class='ocr_line' id='line_1_91' title="bbox 1356 3586 2103 3666; baseline 0.007 -16"><span class='ocrx_word' id='word_1_529' title='bbox 1356 3594 1387 3650; x_wconf 93' lang='lat' dir='ltr'>te</span> <span class='ocrx_word' id='word_1_530' title='bbox 1407 3586 1565 3662; x_wconf 82' lang='lat' dir='ltr'>uolumus,</span> <span class='ocrx_word' id='word_1_531' title='bbox 1588 3603 1644 3650; x_wconf 89' lang='lat' dir='ltr'>nos</span> <span class='ocrx_word' id='word_1_532' title='bbox 1666 3589 1853 3666; x_wconf 89' lang='lat' dir='ltr'>peculiarem</span> <span class='ocrx_word' id='word_1_533' title='bbox 1874 3591 2028 3654; x_wconf 91' lang='lat' dir='ltr'>rationem</span> <span class='ocrx_word' id='word_1_534' title='bbox 2049 3593 2103 3654; x_wconf 87' lang='lat' dir='ltr'>ba·</span> 
     </span>
     <span class='ocr_line' id='line_1_92' title="bbox 1355 3678 2103 3760; baseline 0.012 -21"><span class='ocrx_word' id='word_1_535' title='bbox 1355 3678 1457 3740; x_wconf 90' lang='lat' dir='ltr'>buisse</span> <span class='ocrx_word' id='word_1_536' title='bbox 1468 3679 1638 3742; x_wconf 90' lang='lat' dir='ltr'>testimonii</span> <span class='ocrx_word' id='word_1_537' title='bbox 1649 3689 1743 3759; x_wconf 90' lang='lat' dir='ltr'>atque</span> <span class='ocrx_word' id='word_1_538' title='bbox 1757 3681 1861 3744; x_wconf 90' lang='lat' dir='ltr'>iudicii</span> <span class='ocrx_word' id='word_1_539' title='bbox 1876 3698 1931 3760; x_wconf 91' lang='lat' dir='ltr'>per</span> <span class='ocrx_word' id='word_1_540' title='bbox 1945 3692 1976 3746; x_wconf 91' lang='lat' dir='ltr'>te</span> <span class='ocrx_word' id='word_1_541' title='bbox 1987 3686 2103 3748; x_wconf 91' lang='lat' dir='ltr'>eisdem</span> 
     </span>
     <span class='ocr_line' id='line_1_93' title="bbox 1355 3771 2104 3854; baseline 0.012 -22"><span class='ocrx_word' id='word_1_542' title='bbox 1355 3771 1416 3833; x_wconf 90' lang='lat' dir='ltr'>tuis</span> <span class='ocrx_word' id='word_1_543' title='bbox 1438 3771 1535 3835; x_wconf 92' lang='lat' dir='ltr'>literis</span> <span class='ocrx_word' id='word_1_544' title='bbox 1555 3775 1590 3836; x_wconf 92' lang='lat' dir='ltr'>ad</span> <span class='ocrx_word' id='word_1_545' title='bbox 1613 3789 1669 3836; x_wconf 93' lang='lat' dir='ltr'>nos</span> <span class='ocrx_word' id='word_1_546' title='bbox 1690 3774 1792 3851; x_wconf 89' lang='lat' dir='ltr'>delati,</span> <span class='ocrx_word' id='word_1_547' title='bbox 1822 3775 1959 3854; x_wconf 93' lang='lat' dir='ltr'>dumque</span> <span class='ocrx_word' id='word_1_548' title='bbox 1979 3785 2011 3839; x_wconf 93' lang='lat' dir='ltr'>te</span> <span class='ocrx_word' id='word_1_549' title='bbox 2031 3778 2104 3840; x_wconf 90' lang='lat' dir='ltr'>hor-</span> 
     </span>
     <span class='ocr_line' id='line_1_94' title="bbox 1356 3866 2176 3946; baseline 0.01 -19"><span class='ocrx_word' id='word_1_550' title='bbox 1356 3873 1458 3928; x_wconf 90' lang='lat' dir='ltr'>tamur</span> <span class='ocrx_word' id='word_1_551' title='bbox 1479 3873 1514 3928; x_wconf 90' lang='lat' dir='ltr'>ut</span> <span class='ocrx_word' id='word_1_552' title='bbox 1535 3866 1663 3944; x_wconf 91' lang='lat' dir='ltr'>populos</span> <span class='ocrx_word' id='word_1_553' title='bbox 1684 3866 1865 3943; x_wconf 86' lang='lat' dir='ltr'>vigilantiae</span> <span class='ocrx_word' id='word_1_554' title='bbox 1885 3877 1956 3932; x_wconf 89' lang='lat' dir='ltr'>tuae</span> <span class='ocrx_word' id='word_1_555' title='bbox 1970 3871 2102 3934; x_wconf 90' lang='lat' dir='ltr'>creditos</span> <span class='ocrx_word' id='word_1_556' title='bbox 2172 3939 2176 3946; x_wconf 74' lang='grc'>,</span> 
     </span>
     <span class='ocr_line' id='line_1_95' title="bbox 1353 3958 2101 4042; baseline 0.013 -24"><span class='ocrx_word' id='word_1_557' title='bbox 1353 3958 1390 4018; x_wconf 89' lang='lat' dir='ltr'>ad</span> <span class='ocrx_word' id='word_1_558' title='bbox 1410 3958 1534 4037; x_wconf 88' lang='lat' dir='ltr'>pietatis</span> <span class='ocrx_word' id='word_1_559' title='bbox 1555 3959 1675 4022; x_wconf 91' lang='lat' dir='ltr'>cultum</span> <span class='ocrx_word' id='word_1_560' title='bbox 1697 3967 1728 4020; x_wconf 90' lang='lat' dir='ltr'>et</span> <span class='ocrx_word' id='word_1_561' title='bbox 1749 3959 1786 4020; x_wconf 92' lang='lat' dir='ltr'>ad</span> <span class='ocrx_word' id='word_1_562' title='bbox 1807 3961 1941 4026; x_wconf 90' lang='lat' dir='ltr'>debitam</span> <span class='ocrx_word' id='word_1_563' title='bbox 1954 3977 2028 4042; x_wconf 89' lang='lat' dir='ltr'>erga</span> <span class='ocrx_word' id='word_1_564' title='bbox 2044 3979 2101 4028; x_wconf 86' lang='lat' dir='ltr'>nos</span> 
     </span>
     <span class='ocr_line' id='line_1_96' title="bbox 1352 4051 2100 4131; baseline 0.009 -19"><span class='ocrx_word' id='word_1_565' title='bbox 1352 4057 1445 4131; x_wconf 88' lang='lat' dir='ltr'>atque</span> <span class='ocrx_word' id='word_1_566' title='bbox 1466 4051 1672 4130; x_wconf 75' lang='lat' dir='ltr'>apostolicam</span> <span class='ocrx_word' id='word_1_567' title='bbox 1693 4051 1807 4116; x_wconf 87' lang='lat' dir='ltr'>Sedem</span> <span class='ocrx_word' id='word_1_568' title='bbox 1828 4055 2037 4119; x_wconf 88' lang='lat' dir='ltr'>reverentiam</span> <span class='ocrx_word' id='word_1_569' title='bbox 2052 4058 2100 4119; x_wconf 92' lang='lat' dir='ltr'>in-</span> 
     </span>
     <span class='ocr_line' id='line_1_97' title="bbox 1353 4145 2100 4224; baseline 0.007 -16"><span class='ocrx_word' id='word_1_570' title='bbox 1353 4145 1500 4208; x_wconf 90' lang='lat' dir='ltr'>cumbere</span> <span class='ocrx_word' id='word_1_571' title='bbox 1520 4159 1644 4223; x_wconf 91' lang='lat' dir='ltr'>semper</span> <span class='ocrx_word' id='word_1_572' title='bbox 1657 4146 1756 4222; x_wconf 91' lang='lat' dir='ltr'>magis</span> <span class='ocrx_word' id='word_1_573' title='bbox 1769 4153 1898 4224; x_wconf 88' lang='lat' dir='ltr'>satagas,</span> <span class='ocrx_word' id='word_1_574' title='bbox 1914 4147 2100 4213; x_wconf 77' lang='lat' dir='ltr'>fraternitati</span> 
     </span>
     <span class='ocr_line' id='line_1_98' title="bbox 1354 4237 2100 4320; baseline 0.011 -21"><span class='ocrx_word' id='word_1_575' title='bbox 1354 4245 1424 4301; x_wconf 90' lang='lat' dir='ltr'>tuae</span> <span class='ocrx_word' id='word_1_576' title='bbox 1445 4237 1654 4316; x_wconf 87' lang='lat' dir='ltr'>apostolicam</span> <span class='ocrx_word' id='word_1_577' title='bbox 1667 4239 1918 4304; x_wconf 86' lang='lat' dir='ltr'>benedictionem</span> <span class='ocrx_word' id='word_1_578' title='bbox 1938 4257 2100 4320; x_wconf 90' lang='lat' dir='ltr'>peraman-</span> 
     </span>
     <span class='ocr_line' id='line_1_99' title="bbox 1353 4331 1632 4409; baseline -0.011 -16"><span class='ocrx_word' id='word_1_579' title='bbox 1353 4338 1401 4394; x_wconf 92' lang='lat' dir='ltr'>ter</span> <span class='ocrx_word' id='word_1_580' title='bbox 1422 4331 1632 4409; x_wconf 91' lang='lat' dir='ltr'>impertimur.</span> 
     </span>
    </p>

    <p class='ocr_par' dir='ltr' id='par_1_6' title="bbox 1352 4425 2100 4690">
     <span class='ocr_line' id='line_1_100' title="bbox 1392 4425 2100 4503; baseline 0.013 -17"><span class='ocrx_word' id='word_1_581' title='bbox 1392 4425 1505 4489; x_wconf 87' lang='lat' dir='ltr'>Datum</span> <span class='ocrx_word' id='word_1_582' title='bbox 1532 4425 1657 4501; x_wconf 83' lang='lat' dir='ltr'>Romae,</span> <span class='ocrx_word' id='word_1_583' title='bbox 1690 4427 1770 4503; x_wconf 88' lang='lat' dir='ltr'>apud</span> <span class='ocrx_word' id='word_1_584' title='bbox 1799 4425 1829 4490; x_wconf 88' lang='lat' dir='ltr'>S.</span> <span class='ocrx_word' id='word_1_585' title='bbox 1854 4428 1980 4492; x_wconf 89' lang='lat' dir='ltr'>llariam</span> <span class='ocrx_word' id='word_1_586' title='bbox 2009 4433 2100 4495; x_wconf 89' lang='lat' dir='ltr'>blaio-</span> 
     </span>
     <span class='ocr_line' id='line_1_101' title="bbox 1353 4517 2100 4601; baseline 0.013 -22"><span class='ocrx_word' id='word_1_587' title='bbox 1353 4533 1431 4593; x_wconf 90' lang='lat' dir='ltr'>rem,</span> <span class='ocrx_word' id='word_1_588' title='bbox 1456 4517 1515 4581; x_wconf 92' lang='lat' dir='ltr'>sub</span> <span class='ocrx_word' id='word_1_589' title='bbox 1536 4517 1655 4580; x_wconf 91' lang='lat' dir='ltr'>annulo</span> <span class='ocrx_word' id='word_1_590' title='bbox 1675 4517 1848 4595; x_wconf 89' lang='lat' dir='ltr'>Piscatoris,</span> <span class='ocrx_word' id='word_1_591' title='bbox 1862 4520 1912 4584; x_wconf 89' lang='lat' dir='ltr'>die</span> <span class='ocrx_word' id='word_1_592' title='bbox 1927 4537 2003 4601; x_wconf 84' lang='lat' dir='ltr'>xxx.</span> <span class='ocrx_word' id='word_1_593' title='bbox 2017 4535 2100 4588; x_wconf 85' lang='lat' dir='ltr'>octo·</span> 
     </span>
     <span class='ocr_line' id='line_1_102' title="bbox 1352 4609 2078 4690; baseline 0.014 -18"><span class='ocrx_word' id='word_1_594' title='bbox 1352 4609 1416 4672; x_wconf 93' lang='lat' dir='ltr'>bris</span> <span class='ocrx_word' id='word_1_595' title='bbox 1437 4627 1581 4687; x_wconf 78' lang='grc'>333333,</span> <span class='ocrx_word' id='word_1_596' title='bbox 1600 4610 1795 4690; x_wconf 83' lang='lat' dir='ltr'>pontificatus</span> <span class='ocrx_word' id='word_1_597' title='bbox 1817 4615 1915 4676; x_wconf 89' lang='lat' dir='ltr'>nostri</span> <span class='ocrx_word' id='word_1_598' title='bbox 1935 4633 2019 4680; x_wconf 93' lang='lat' dir='ltr'>auno</span> <span class='ocrx_word' id='word_1_599' title='bbox 2035 4633 2078 4682; x_wconf 86' lang='grc'>33.</span> 
     </span>
    </p>
   </div>
   <div class='ocr_carea' id='block_1_6' title="bbox 1603 4769 1843 4783">
    <p class='ocr_par' dir='ltr' id='par_1_7' title="bbox 1603 4769 1843 4783">
     <span class='ocr_line' id='line_1_103' title="bbox 1603 4769 1843 4783; baseline 0.013 -3"><span class='ocrx_word' id='word_1_600' title='bbox 1603 4769 1843 4783; x_wconf 70' lang='grc' dir='ltr'>-ιι--ιι-</span> 
     </span>
    </p>
   </div>
   <div class='ocr_carea' id='block_1_7' title="bbox 1674 4895 1770 4959">
    <p class='ocr_par' dir='ltr' id='par_1_8' title="bbox 1674 4895 1770 4959">
     <span class='ocr_line' id='line_1_104' title="bbox 1674 4895 1770 4959; baseline 0.01 -1"><span class='ocrx_word' id='word_1_601' title='bbox 1674 4895 1770 4959; x_wconf 72' lang='lat' dir='ltr'>xxti,</span> 
     </span>
    </p>
   </div>
   <div class='ocr_carea' id='block_1_8' title="bbox 1351 5080 2099 5537">
    <p class='ocr_par' dir='ltr' id='par_1_9' title="bbox 1351 5080 2099 5537">
     <span class='ocr_line' id='line_1_105' title="bbox 1351 5080 2098 5166; baseline 0.011 -24"><span class='ocrx_word' id='word_1_602' title='bbox 1351 5080 1502 5145; x_wconf 84' lang='lat' dir='ltr'>Doctorot</span> <span class='ocrx_word' id='word_1_603' title='bbox 1530 5082 1659 5145; x_wconf 83' lang='lat' dir='ltr'>nullum</span> <span class='ocrx_word' id='word_1_604' title='bbox 1689 5083 1832 5146; x_wconf 78' lang='lat' dir='ltr'>edictum</span> <span class='ocrx_word' id='word_1_605' title='bbox 1860 5083 2098 5166; x_wconf 83' lang='lat' dir='ltr'>Arcbicpiscdpi</span> 
     </span>
     <span class='ocr_line' id='line_1_106' title="bbox 1392 5175 2099 5240; baseline 0.003 -2"><span class='ocrx_word' id='word_1_606' title='bbox 1392 5175 1567 5238; x_wconf 82' lang='lat' dir='ltr'>Oooxteost&#39;s</span> <span class='ocrx_word' id='word_1_607' title='bbox 1588 5182 1703 5239; x_wconf 84' lang='lat' dir='ltr'>contro</span> <span class='ocrx_word' id='word_1_608' title='bbox 1725 5177 1987 5240; x_wconf 79' lang='lat' dir='ltr'>iurisdictionem</span> <span class='ocrx_word' id='word_1_609' title='bbox 2017 5195 2099 5240; x_wconf 80' lang='lat' dir='ltr'>cooa-</span> 
     </span>
     <span class='ocr_line' id='line_1_107' title="bbox 1390 5267 2098 5348; baseline 0.008 -20"><span class='ocrx_word' id='word_1_610' title='bbox 1390 5267 1536 5330; x_wconf 84' lang='lat' dir='ltr'>mt&#39;ssorii</span> <span class='ocrx_word' id='word_1_611' title='bbox 1557 5273 1588 5330; x_wconf 89' lang='lat' dir='ltr'>ct</span> <span class='ocrx_word' id='word_1_612' title='bbox 1608 5270 1793 5332; x_wconf 81' lang='lat' dir='ltr'>visitatoris</span> <span class='ocrx_word' id='word_1_613' title='bbox 1813 5271 1980 5348; x_wconf 78' lang='lat' dir='ltr'>apostolici</span> <span class='ocrx_word' id='word_1_614' title='bbox 1997 5274 2032 5334; x_wconf 83' lang='lat' dir='ltr'>io</span> <span class='ocrx_word' id='word_1_615' title='bbox 2048 5273 2098 5336; x_wconf 81' lang='lat' dir='ltr'>st-</span> 
     </span>
     <span class='ocr_line' id='line_1_108' title="bbox 1389 5363 2097 5432; baseline 0.008 -9"><span class='ocrx_word' id='word_1_616' title='bbox 1389 5377 1509 5424; x_wconf 82' lang='lat' dir='ltr'>norunt</span> <span class='ocrx_word' id='word_1_617' title='bbox 1531 5368 1561 5424; x_wconf 89' lang='lat' dir='ltr'>ct</span> <span class='ocrx_word' id='word_1_618' title='bbox 1584 5364 1661 5426; x_wconf 82' lang='lat' dir='ltr'>altis</span> <span class='ocrx_word' id='word_1_619' title='bbox 1683 5363 1856 5427; x_wconf 81' lang='lat' dir='ltr'>indiarum</span> <span class='ocrx_word' id='word_1_620' title='bbox 1881 5364 2097 5432; x_wconf 80' lang='lat' dir='ltr'>Orientalium</span> 
     </span>
     <span class='ocr_line' id='line_1_109' title="bbox 1389 5455 1577 5537; baseline -0.005 -20"><span class='ocrx_word' id='word_1_621' title='bbox 1389 5456 1498 5537; x_wconf 77' lang='lat' dir='ltr'>regnis</span> <span class='ocrx_word' id='word_1_622' title='bbox 1519 5455 1577 5536; x_wconf 91' lang='lat' dir='ltr'>(l).</span> 
     </span>
    </p>
   </div>
   <div class='ocr_carea' id='block_1_9' title="bbox 1348 5683 2097 5936">
    <p class='ocr_par' dir='ltr' id='par_1_10' title="bbox 1348 5683 2097 5936">
     <span class='ocr_line' id='line_1_110' title="bbox 1348 5683 2097 5744; baseline 0.013 -16"><span class='ocrx_word' id='word_1_623' title='bbox 1348 5683 1430 5741; x_wconf 91' lang='lat' dir='ltr'>chiep.</span> <span class='ocrx_word' id='word_1_624' title='bbox 1447 5687 1515 5730; x_wconf 83' lang='lat' dir='ltr'>Goue</span> <span class='ocrx_word' id='word_1_625' title='bbox 1529 5695 1680 5730; x_wconf 86' lang='lat' dir='ltr'>censurasa</span> <span class='ocrx_word' id='word_1_626' title='bbox 1693 5686 1767 5732; x_wconf 88' lang='lat' dir='ltr'>visit.</span> <span class='ocrx_word' id='word_1_627' title='bbox 1779 5689 1823 5744; x_wconf 76' lang='lat' dir='ltr'>Ap.</span> <span class='ocrx_word' id='word_1_628' title='bbox 1840 5687 1909 5734; x_wconf 83' lang='lat' dir='ltr'>latas</span> <span class='ocrx_word' id='word_1_629' title='bbox 1925 5689 1978 5734; x_wconf 90' lang='lat' dir='ltr'>vim</span> <span class='ocrx_word' id='word_1_630' title='bbox 1993 5701 2097 5738; x_wconf 86' lang='lat' dir='ltr'>omnem</span> 
     </span>
     <span class='ocr_line' id='line_1_111' title="bbox 1348 5751 2097 5816; baseline 0.013 -21"><span class='ocrx_word' id='word_1_631' title='bbox 1348 5751 1460 5806; x_wconf 86' lang='lat' dir='ltr'>habere;</span> <span class='ocrx_word' id='word_1_632' title='bbox 1475 5753 1502 5797; x_wconf 87' lang='lat' dir='ltr'>et</span> <span class='ocrx_word' id='word_1_633' title='bbox 1515 5754 1596 5797; x_wconf 86' lang='lat' dir='ltr'>const.</span> <span class='ocrx_word' id='word_1_634' title='bbox 1612 5753 1674 5798; x_wconf 89' lang='lat' dir='ltr'>edit.</span> <span class='ocrx_word' id='word_1_635' title='bbox 1690 5765 1806 5810; x_wconf 82' lang='grc'>33333333,</span> <span class='ocrx_word' id='word_1_636' title='bbox 1821 5753 1862 5800; x_wconf 91' lang='lat' dir='ltr'>die</span> <span class='ocrx_word' id='word_1_637' title='bbox 1872 5767 1916 5800; x_wconf 86' lang='lat' dir='ltr'>xv.</span> <span class='ocrx_word' id='word_1_638' title='bbox 1928 5759 2026 5814; x_wconf 86' lang='lat' dir='ltr'>martii,</span> <span class='ocrx_word' id='word_1_639' title='bbox 2038 5769 2097 5816; x_wconf 89' lang='lat' dir='ltr'>pon-</span> 
     </span>
     <span class='ocr_line' id='line_1_112' title="bbox 1349 5818 2097 5882; baseline 0.012 -18"><span class='ocrx_word' id='word_1_640' title='bbox 1349 5818 1386 5864; x_wconf 83' lang='lat' dir='ltr'>tit.</span> <span class='ocrx_word' id='word_1_641' title='bbox 1402 5830 1448 5874; x_wconf 80' lang='lat' dir='ltr'>xx,</span> <span class='ocrx_word' id='word_1_642' title='bbox 1462 5819 1632 5866; x_wconf 84' lang='lat' dir='ltr'>declarantur</span> <span class='ocrx_word' id='word_1_643' title='bbox 1647 5820 1722 5866; x_wconf 89' lang='lat' dir='ltr'>nulla</span> <span class='ocrx_word' id='word_1_644' title='bbox 1738 5824 1798 5868; x_wconf 85' lang='lat' dir='ltr'>acta</span> <span class='ocrx_word' id='word_1_645' title='bbox 1811 5823 1845 5867; x_wconf 90' lang='lat' dir='ltr'>ab</span> <span class='ocrx_word' id='word_1_646' title='bbox 1860 5822 1985 5882; x_wconf 78' lang='lat' dir='ltr'>Episcopo</span> <span class='ocrx_word' id='word_1_647' title='bbox 1999 5829 2097 5872; x_wconf 75' lang='lat' dir='ltr'>Macato-</span> 
     </span>
     <span class='ocr_line' id='line_1_113' title="bbox 1348 5885 1937 5936; baseline 0.007 -5"><span class='ocrx_word' id='word_1_648' title='bbox 1348 5886 1424 5932; x_wconf 87' lang='lat' dir='ltr'>nensi</span> <span class='ocrx_word' id='word_1_649' title='bbox 1437 5885 1564 5932; x_wconf 81' lang='lat' dir='ltr'>adversus</span> <span class='ocrx_word' id='word_1_650' title='bbox 1579 5886 1791 5933; x_wconf 87' lang='lat' dir='ltr'>commissarium</span> <span class='ocrx_word' id='word_1_651' title='bbox 1808 5888 1937 5936; x_wconf 79' lang='lat' dir='ltr'>sinerum.</span> 
     </span>
    </p>
   </div>
   <div class='ocr_carea' id='block_1_10' title="bbox 0 0 2444 6982">
    <p class='ocr_par' dir='ltr' id='par_1_11' title="bbox 0 0 2444 6982">
     <span class='ocr_line' id='line_1_114' title="bbox 0 0 2444 6982; baseline 0 3"><span class='ocrx_word' id='word_1_652' title='bbox 0 0 2444 6982; x_wconf 95' lang='lat' dir='ltr'> </span> 
     </span>
    </p>
   </div>
  </div>
 </body>
</html>
