4836 6998
111 568 168 622 Aa.
182 568 213 622 O.
234 565 302 620 uvat

663 703 744 768 XlX.

336 888 485 952 Concedit
517 889 679 972 tratribus
714 889 899 954 carmelitis
930 892 1076 954 vicariae

374 984 577 1047 Maronionis
599 985 636 1046 in
651 983 810 1056 Brasilid
826 1003 845 1046 o
860 986 1002 1064 pancrati
1021 987 1076 1048 Or·

372 1077 459 1138 dinis
481 1077 522 1140 ad
543 1078 768 1158 magisteriam
790 1079 826 1140 in
846 1077 940 1140 sacrd
962 1077 1076 1140 tltcoto·

331 1213 334 1220 »
373 1170 427 1250 pici
447 1172 613 1247 promotis,
631 1172 775 1234 lanceata
791 1172 979 1234 doctoratus
993 1189 1013 1234 a
1028 1173 1074 1233 oi-

373 1266 461 1328 cario
482 1264 675 1342 prouinciali
696 1265 857 1342 suscipere
878 1280 964 1342 posse
985 1263 1040 1344 (l).

500 1433 742 1504 assentatus
759 1434 819 1502 ΡΡ.
836 1435 906 1502 lllll.

476 1558 937 1626 mmmmmmm

142 1744 316 1806 sacrarentur
373 1736 393 1810 ς
416 1734 442 1796 l.
467 1735 586 1814 Exponi
602 1737 692 1798 nobis
707 1752 807 1815 nuper
819 1736 960 1798 lecerunt
974 1734 1078 1796 dilecti

97 1796 315 1914 iifflufflffioniss
334 1829 391 1892 tilii
412 1828 551 1891 Vioarius
566 1829 762 1908 provincialis
777 1829 890 1908 aliique
906 1828 1014 1890 iratres
1033 1828 1080 1888 vi-

97 1903 316 2012 }‚ffilnifflffllffi
334 1923 432 1986 cariae
446 1922 629 1983 Maranionis
643 1921 676 1983 in
692 1921 818 1984 Brasilit
835 1921 957 1985 Ordinis
974 1921 1007 1982 Β.
1019 1921 1077 1983 bla-

97 2013 149 2057 ⁶¹¹⁸
164 2021 287 2057 oonassa.
333 2015 558 2078 riaedollonte
569 2015 720 2090 carmelo,
729 2017 810 2094 quod
821 2015 893 2076 aliis
904 2014 1078 2095 (postquam

333 2108 432 2170 laticis
442 2107 662 2170 recordationis
676 2108 818 2170 Urbanus
832 2108 888 2170 PP.
902 2107 980 2170 vlit.
994 2123 1080 2186 prae-

334 2203 474 2265 decessor
494 2210 600 2264 noster
615 2216 670 2280 per
684 2201 830 2279 quasdam
852 2219 922 2264 suas
936 2203 968 2263 in
983 2201 1079 2263 simili

334 2295 431 2358 iormt
440 2295 714 2358 Brevisdiexxvrr.
725 2295 847 2372 augusti
861 2310 1017 2357 uncxxrv.
1028 2311 1081 2356 ex-

335 2389 452 2467 peditas
469 2388 587 2450 litteras
601 2395 792 2450 concesserat
813 2389 968 2467 quondam
983 2389 1079 2450 Tbeo·

335 2483 411 2544 doro
432 2482 528 2545 Statio
550 2489 626 2544 tuuc
648 2483 795 2561 temporis
823 2481 918 2560 priori
941 2481 1079 2558 generali

335 2591 369 2638 ac
395 2573 632 2654 professoribus·
654 2575 882 2654 provinciarum
918 2575 1080 2654 Hispaniae

335 2675 366 2729 et
387 2669 562 2732 Lusitaniae
591 2669 730 2731 eiusdem
758 2668 890 2744 Ordinis,
914 2676 949 2730 ut
969 2668 1003 2743 ii,
1025 2667 1079 2746 qui

335 2762 483 2824 absolutis
504 2762 628 2824 lecturis
651 2767 681 2823 et
703 2762 974 2824 exercitationibus
1000 2761 1081 2823 litte-

336 2855 427 2916 rariis
448 2869 502 2934 per
524 2854 678 2932 regularia
692 2854 813 2918 Ordinis
836 2853 1013 2917 huiusmodi
1034 2855 1080 2916 in·

335 2947 441 3010 stituta
457 2948 623 3026 requisitis,
636 2948 807 3010 asservatis
822 2947 893 3010 alias
906 2948 1079 3022 servandis,

336 3055 390 3118 per
411 3037 556 3102 eumdem
582 3039 718 3119 priorem
745 3039 922 3116 generatam
945 3040 977 3101 in
998 3042 1080 3103 sacra

335 3131 491 3209 theologia
512 3131 654 3209 magistri
674 3132 759 3194 iuxta
773 3133 840 3194 eius
861 3131 1020 3194 iacultates
1035 3134 1078 3194 in·

336 3225 438 3287 stituti
459 3233 491 3288 et
512 3226 605 3287 creati
627 3225 770 3300 luissent,
786 3225 922 3288 lauream
944 3228 1080 3289 doctora-

337 3327 387 3380 tus
407 3318 440 3380 in
462 3317 600 3394 collegio
628 3317 660 3380 S.
684 3319 847 3380 theresiae
868 3317 1080 3382 Salmaticensi

337 3411 499 3473 memorati
525 3409 648 3474 Ordinis
669 3412 704 3474 ad
726 3410 858 3472 formam
879 3412 913 3474 in
939 3411 1080 3490 praelatis

337 3503 449 3565 litteris
470 3503 687 3582 praescriptam
701 3503 857 3582 suscipere
873 3511 1007 3584 possent,
1024 3521 1081 3566 nec

338 3611 392 3676 pro
407 3597 441 3658 ea
454 3595 647 3674 suscipienda
660 3596 793 3674 aliquam
804 3597 1002 3676 approbatam
1016 3605 1080 3660 stu·

337 3690 379 3752 dii
401 3687 553 3766 generalis
574 3688 811 3752 universitatem
833 3690 916 3752 adire
936 3697 1081 3753 teneren-

337 3781 403 3860 tur)
423 3780 604 3844 recolendae
624 3783 793 3844 memoriae
814 3783 1014 3846 innocentius
1029 3784 1082 3846 Pa·

337 3891 374 3954 pa
388 3874 466 3936 xltl.
481 3873 575 3936 etiam
590 3873 803 3954 praedecessor
818 3883 924 3938 noster
938 3876 1078 3952 indulsit,

337 3966 418 4046 quod
446 3981 554 4030 omnes
580 3975 611 4028 et
636 3968 752 4044 singuli
779 3967 878 4032 dictae
906 3969 1081 4048 provinciae

337 4060 516 4123 Lusitaniae
543 4059 746 4140 professores,
769 4077 846 4140 quos
867 4077 921 4140 pro
943 4071 1081 4142 tempore

338 4153 473 4215 existens
494 4153 579 4232 prior
600 4154 752 4230 generalis
766 4154 889 4217 Ordinis
903 4155 1081 4219 huiusmodi

338 4247 371 4308 in
391 4245 498 4308 eadem
519 4246 602 4308 sacra
630 4246 783 4324 theologia
804 4249 966 4326 magistros
993 4249 1080 4312 insti-

250 4341 254 4352 '
338 4339 446 4401 tuisset
468 4346 499 4401 et
519 4347 661 4414 creasset,
674 4339 841 4418 praelatam
863 4342 998 4404 lauream
1013 4345 1081 4408 doc·

338 4441 470 4508 toratus,
500 4433 624 4511 praevio
652 4434 790 4511 rigoroso
815 4435 959 4497 examine
980 4451 1081 4500 coram

338 4527 441 4606 priore
452 4526 590 4603 generali
601 4527 699 4590 dictae
713 4529 889 4606 provinciae
903 4529 1082 4592 Lusitaniae

338 4629 369 4684 et
383 4629 516 4700 quatuor
531 4621 563 4684 in
575 4621 638 4700 ipsi
651 4622 734 4684 sacra
745 4622 898 4700 theologia
912 4624 1080 4700 magistris,

338 4714 404 4775 sive
425 4729 528 4776 coram
549 4721 669 4776 rectore
690 4715 811 4792 collegii
833 4715 1081 4780 colimbricensis

338 4805 461 4869 Ordinis
492 4807 654 4885 praedicti,
676 4825 709 4870 ac
735 4807 819 4871 illius
850 4810 1030 4886 regentibus
1050 4817 1081 4872 et

339 4900 505 4978 magistris,
526 4916 653 4963 sumere
673 4902 823 4974 valerent,
845 4921 877 4966 ac
898 4904 1029 4966 subinde
1042 4903 1081 4965 si-

338 4993 414 5056 mile
435 5009 557 5072 qnoque
578 4995 735 5058 indultum
749 4994 895 5060 iratribus
909 4997 1081 5075 provincia·

339 5103 410 5150 rum
431 5087 590 5150 Babiensis
603 5097 635 5150 et
649 5089 802 5150 Fluminis
825 5091 958 5152 ianuarii
973 5091 1081 5154 itidem

339 5183 372 5244 in
395 5179 520 5242 Brasilii
542 5179 616 5243 dicti
637 5181 757 5245 Ordinis
778 5184 937 5258 concessit,
951 5191 982 5245 et
997 5184 1079 5259 alias,

339 5284 431 5354 prout
451 5276 484 5336 in
506 5275 587 5338 binis
615 5275 788 5338 innocentii
810 5277 940 5356 desuper
962 5277 993 5340 in
1016 5279 1080 5357 pari

339 5369 432 5430 etiam
463 5367 560 5431 torma
588 5368 695 5432 Brevis
726 5368 817 5430 editis
843 5386 877 5431 ac
900 5370 1082 5450 supradictis

252 5489 258 5502 ·
338 5460 454 5524 Urbani
485 5461 754 5540 praedecessorum
789 5462 918 5540 litteris,
948 5480 1080 5541 quarum

338 5561 462 5618 tenores
476 5555 689 5633 praesentibus
703 5572 758 5635 pro
779 5556 869 5634 plene
883 5567 914 5619 et
928 5558 1081 5621 sufficien-

338 5655 387 5710 ter
408 5649 559 5728 expressis
577 5649 683 5711 baberi
697 5649 852 5726 volumus,
870 5651 995 5714 uberius
1010 5669 1083 5716 con·

339 5741 467 5805 linatur.

379 5957 409 6018 (1)
424 5961 461 6004 Ex
475 5960 578 6016 Regest.
594 5959 621 6004 iu
636 5959 710 6005 auch.
726 5962 798 6006 Bvsv.

961 581 1157 630 beneolentis
1178 583 1247 630 xllt.

1798 559 2094 628 mammm

1171 702 1239 777 §2-
1261 701 1340 767 Cum
1360 709 1476 778 autem,
1498 704 1577 766 sicut
1599 704 1705 767 eadem
1727 700 1876 780 expositio
1894 673 2108 809 saffiffldifil

1131 799 1348 876 subiungebat,
1362 799 1499 876 primum
1521 814 1559 860 ex
1579 796 1758 860 memoratis
1773 795 1875 858 indul·
1894 817 1973 862 tronis
1987 819 2108 878 capreas

1132 896 1171 957 tis
1192 893 1297 956 lavore
1321 890 1529 969 professorum
1557 891 1733 969 provinciae
1754 889 1877 952 Lusita·
1894 869 2108 970 {ffiftffig'ssssssfh'

1133 988 1203 1050 niae
1223 985 1423 1059 emanaverit,
1437 1001 1475 1046 eo
1495 985 1577 1063 quod
1598 991 1738 1046 enarrata
1752 999 1877 1046 conoes-
1914 1061 1918 1070 Ι

1132 1083 1177 1144 sio
1192 1099 1208 1142 a
1222 1087 1395 1143 memorato
1410 1079 1533 1142 Urbano
1549 1079 1627 1141 vllt.
1644 1079 1876 1156 praedecessore

1133 1176 1177 1238 eis
1196 1176 1273 1238 lacta
1294 1174 1402 1236 luisset
1413 1181 1551 1252 tempore
1567 1189 1628 1251 quo
1643 1188 1700 1234 rex
1719 1172 1877 1250 Hispania-

1132 1285 1204 1332 rum
1225 1269 1319 1330 etiam
1345 1267 1537 1328 Lusitaniam
1566 1267 1749 1345 possidebat,
1772 1265 1878 1345 sicque

1133 1362 1284 1440 religiosis
1299 1369 1367 1424 tum
1383 1362 1522 1439 Hispanis
1538 1369 1603 1423 tum
1621 1361 1776 1424 Lusitanis
1792 1375 1877 1438 prae-

1133 1457 1232 1518 latum
1242 1455 1409 1531 collegium
1421 1453 1640 1518 Salmaticense
1651 1469 1878 1531 proassequen·

1133 1552 1169 1614 cli
1190 1549 1293 1612 laurea
1315 1547 1462 1610 doctorali
1483 1545 1615 1625 praelati
1636 1545 1724 1609 iacile
1738 1547 1822 1610 adire
1843 1547 1879 1608 li-

1134 1645 1234 1720 cebat3
1257 1650 1297 1717 at,
1323 1640 1468 1720 separatis
1496 1641 1693 1718 postmodum
1720 1641 1877 1714 dominiis,

1133 1734 1215 1798 idem
1238 1735 1395 1798 indultum
1409 1735 1477 1796 sine
1491 1734 1555 1796 ullo
1570 1733 1682 1796 attactu
1696 1749 1729 1794 ac
1743 1733 1879 1795 utilitate

1137 1837 1325 1892 remanserat
1346 1835 1488 1906 respectu
1510 1826 1743 1901 Lusitanorum,
1766 1826 1879 1904 quibus

1134 1931 1261 2002 propter
1291 1924 1494 1984 immutatum
1525 1935 1633 1982 rerum
1668 1927 1782 1982 statum
1814 1935 1878 1982 non

1134 2017 1266 2096 amplius
1287 2017 1324 2077 ad
1344 2014 1461 2078 dictum
1486 2014 1653 2090 collegium
1680 2013 1776 2076 libere
1797 2029 1880 2076 acce-

1134 2111 1208 2174 dere
1229 2109 1415 2190 permissum
1430 2108 1503 2183 luit3
1526 2115 1558 2169 et
1572 2107 1706 2169 alterum
1719 2107 1879 2170 indultum

1134 2204 1312 2268 huiusmodi
1333 2202 1556 2280 professoribus
1571 2202 1796 2280 praedictarum
1810 2217 1879 2278 pro·

1135 2299 1309 2361 vinclorum
1330 2295 1488 2358 Babiensis
1513 2303 1544 2357 et
1565 2295 1719 2358 Fluminis
1746 2295 1877 2356 ianuarii

1135 2398 1260 2470 propter
1281 2389 1409 2451 nimiam
1436 2403 1544 2450 earum
1566 2387 1602 2449 ab
1623 2388 1744 2466 Europa
1765 2387 1880 2450 distan-

1135 2487 1210 2546 tiam
1232 2497 1411 2546 concessum
1437 2481 1547 2558 luerit3
1570 2481 1649 2543 dicta
1671 2497 1746 2544 vero
1767 2481 1879 2544 vicaria

1135 2577 1337 2650 Maranionis,
1360 2582 1468 2653 utpote
1497 2575 1530 2635 in
1558 2573 1763 2635 remotissima
1794 2581 1880 2653 parte

1135 2678 1236 2734 vastae
1252 2670 1388 2746 regionis
1404 2669 1498 2747 ipsius
1513 2667 1657 2729 Brasiliae
1670 2668 1739 2742 sita,
1756 2667 1880 2744 longius

1135 2779 1229 2844 quam
1259 2763 1431 2842 praedictae
1461 2760 1636 2840 provinciae
1665 2760 1823 2824 Babiensis
1849 2769 1880 2822 et

1136 2857 1288 2920 Fluminis
1310 2855 1441 2918 Ianuarii
1462 2855 1499 2916 ab
1513 2853 1619 2917 eadem
1634 2855 1755 2934 Europa
1775 2855 1878 2930 distet,

1135 2967 1193 3013 uec
1213 2950 1317 3028 regiae
1338 2963 1442 3023 naves,
1459 2948 1571 3027 quibus
1591 2949 1728 3010 eiusdem
1750 2948 1880 3010 vicariae

1136 3044 1272 3122 religiosi
1293 3045 1326 3104 in
1347 3043 1537 3104 Lusitaniam
1558 3041 1878 3116 transiretarevaleat,

1136 3155 1172 3201 eo
1189 3153 1325 3216 unquam
1337 3135 1505 3215 appellant:
1530 3135 1618 3197 nobis
1633 3143 1794 3214 propterea
1808 3135 1880 3198 dicti

1134 3237 1324 3310 exponentes
1356 3229 1518 3291 humiliter
1544 3227 1709 3306 supplicari
1738 3227 1881 3290 iecerunt

1136 3333 1171 3387 ut
1190 3324 1248 3386 sibi
1270 3323 1302 3384 in
1325 3321 1498 3402 praemissis
1520 3329 1694 3400 opportune
1718 3319 1881 3399 providere

1136 3417 1173 3479 de
1192 3415 1384 3492 benignitate
1404 3414 1566 3494 apostolica
1586 3415 1799 3491 dignaremur.

1175 3513 1194 3586 ἓ
1215 3511 1243 3572 3.
1267 3509 1328 3571 Nos
1349 3509 1456 3586 igitur,
1473 3509 1553 3587 ipsos
1568 3515 1757 3586 exponentes
1768 3509 1883 3588 specia-
1979 3523 2111 3588 concessio

1136 3604 1215 3666 libus
1236 3603 1392 3664 favoribus
1413 3609 1444 3664 et
1468 3603 1574 3679 gratiis
1601 3604 1745 3682 prosequi
1774 3602 1881 3666 volen-
1900 3575 2059 3676 gffivtqauoso
2076 3589 2113 3624 ¹¹¹⁸

1136 3705 1198 3772 tas,
1221 3703 1383 3759 eteorum
1409 3695 1583 3773 singulares
1603 3711 1748 3774 personas
1773 3713 1788 3758 a
1813 3697 1880 3776 qui-

1136 3791 1241 3852 busvis
1255 3788 1597 3862 excommunicationis,
1618 3790 1829 3868 suspensionis
1850 3801 1881 3854 at

1137 3883 1312 3957 interdicti,
1349 3881 1477 3960 aliisque
1513 3880 1721 3943 ecclesiasticis
1757 3891 1881 3946 senten·

1137 3977 1197 4051 tiis,
1220 3976 1358 4040 censuris
1383 3982 1414 4036 et
1435 3975 1586 4054 poenis,a
1608 3975 1674 4038 iure
1697 3976 1747 4038 vel
1768 3977 1806 4039 ab
1826 3979 1880 4040 bo·

1140 4073 1235 4146 mine,
1259 4069 1366 4148 quavis
1388 4070 1545 4132 occasione
1567 4069 1617 4131 vel
1645 4070 1832 4145 causantis,
1855 4072 1881 4132 si

1135 4165 1248 4243 quibus
1259 4162 1492 4241 quomodolibet
1503 4163 1667 4225 innodatae
1677 4163 1828 4239 existunt,
1844 4164 1880 4226 ad

1135 4257 1281 4320 ellectum
1296 4256 1506 4336 praesentium
1519 4257 1677 4318 dumtaxat
1691 4272 1881 4336 consequen·

1136 4351 1221 4425 dum,
1234 4353 1347 4412 barum
1364 4350 1444 4412 serie
1464 4349 1658 4412 absolventes
1680 4357 1709 4412 et
1729 4349 1881 4412 absolutas

1136 4444 1202 4506 lore
1215 4451 1389 4518 censentes,
1412 4443 1589 4506 huiusmodi
1608 4443 1880 4522 supplicationibus

1137 4537 1287 4611 inclinati,
1310 4535 1392 4614 quod
1413 4551 1521 4624 omnes
1535 4545 1566 4598 et
1577 4537 1692 4613 singuli
1705 4536 1815 4598 iratres
1830 4553 1881 4599 ex·

1136 4647 1239 4710 presse
1263 4629 1390 4709 prolessi
1412 4628 1508 4694 dictae
1533 4629 1662 4692 vicariae
1682 4630 1878 4706 Maraniouis,

1137 4723 1350 4803 quosdilectus
1363 4722 1443 4785 tilius
1456 4722 1623 4786 modernus
1634 4741 1688 4786 seu
1700 4731 1881 4804 protempo-

1137 4833 1170 4880 re
1185 4818 1321 4879 existens
1336 4815 1420 4894 prior
1435 4816 1587 4892 generalis
1602 4817 1723 4880 Ordinis
1734 4819 1881 4896 praedicti

1137 4913 1170 4973 in
1184 4911 1291 4974 eadem
1305 4911 1388 4972 sacra
1399 4909 1555 4986 theologia
1565 4911 1739 4988 magistros,
1751 4912 1881 4974 servatis

1136 5006 1251 5083 pariter
1280 5002 1450 5078 servandis,
1473 5003 1645 5067 instituerit
1666 5013 1698 5066 et
1718 5005 1879 5079 creaverit,

1137 5097 1273 5160 lauream
1294 5095 1480 5172 doctoratus,
1503 5097 1635 5176 praeviis
1653 5098 1791 5176 rigoroso
1811 5113 1881 5159 exa·

1138 5191 1223 5252 mine
1244 5206 1346 5252 coram
1368 5188 1491 5252 Vinaria
1512 5191 1692 5268 provinciali
1710 5191 1807 5254 dictae
1828 5190 1881 5254 Vi-

1137 5283 1234 5345 cariae
1255 5290 1285 5345 et
1306 5291 1439 5362 quatuor
1460 5284 1493 5346 in
1514 5285 1597 5346 sacra
1611 5284 1763 5361 theologia
1784 5287 1881 5362 magi-

1136 5377 1207 5440 stris
1228 5377 1295 5438 sive
1322 5377 1503 5453 regentibus
1524 5395 1557 5440 ac
1582 5378 1708 5442 illorum
1735 5379 1882 5457 approba·

1137 5470 1233 5546 tione,
1246 5471 1375 5532 servatis
1389 5471 1569 5549 ceteroquin
1584 5471 1812 5534 conditionibus
1826 5488 1881 5551 per

1136 5563 1373 5624 constitutiones
1384 5563 1506 5626 Ordinis
1517 5564 1662 5643 praedicti
1677 5565 1880 5644 praescriptis,

1137 5657 1174 5718 ab
1194 5657 1326 5736 ipsomet
1344 5653 1464 5718 Vicario
1477 5657 1659 5735 provinciali
1672 5658 1828 5737 suscipere
1846 5659 1882 5720 li-

1137 5750 1211 5812 bere
1225 5757 1255 5812 et
1272 5749 1353 5812 licite
1369 5752 1485 5830 possint
1500 5759 1531 5813 et
1552 5751 1685 5827 valeant,
1701 5753 1883 5828 auctoritate
