4866 6980
982 596 1191 642 taaocnrtnttts
1213 595 1257 640 xt.

342 719 375 782 in
397 717 605 795 contrarium3
628 733 712 793 cum,
729 717 812 780 iuxta
831 715 1087 780 constitutionem

343 811 459 876 Urbani
482 810 558 874 Vlll.
583 814 621 874 de
642 811 691 874 die
713 827 764 872 xv.
789 811 920 872 ianuarii
941 823 1085 871 uncnxx.

343 905 543 984 incipientem
569 906 606 968 lo
637 905 711 968 Sede
740 904 903 981 Principia
929 902 1088 980 Apostolo-

343 1013 427 1068 rum,
441 997 633 1075 praedictum
648 995 817 1076 capitulum
832 1011 912 1070 ιιι,
928 994 1022 1074 partis
1037 1010 1085 1056 ιιι.

343 1089 523 1152 earumdem
544 1089 804 1154 constitutionum
825 1091 863 1154 dc
879 1088 989 1150 ordine
1003 1101 1090 1166 prae-

343 1183 551 1248 cedeutiarurn
569 1183 789 1247 inviolabiliter
802 1181 957 1246 observari
969 1180 1086 1244 debeat.

342 1280 444 1355 Quoad
476 1278 639 1354 magistros
671 1279 834 1356 insupera
861 1274 1017 1355 provincial
1043 1289 1090 1334 ae-

343 1379 487 1450 ceptatos,
503 1371 537 1433 in
552 1373 658 1446 clmro,
673 1370 846 1446 refectorio,
861 1367 1005 1447 capitulo,
1021 1383 1089 1445 pro-

343 1467 542 1540 cessionibus,
564 1474 636 1540 etc,
660 1465 723 1540 ille,
745 1465 798 1544 qui
821 1469 952 1542 perires
967 1477 1090 1524 menses

343 1561 377 1621 ad
400 1559 505 1621 miuus
527 1559 612 1637 prius
633 1559 798 1635 graduatus
820 1557 925 1629 luerit,
943 1554 1090 1630 insignia-

343 1669 404 1730 que
419 1653 605 1728 magistralia
620 1653 799 1732 susceperit,
817 1650 851 1711 ad
868 1648 1089 1730 praescriptum

344 1746 568 1826 praedictarum
583 1746 843 1808 constitutionum
858 1743 1008 1821 praedicta
1023 1756 1092 1819 par-

345 1850 374 1904 te
396 1858 459 1913 ru..
482 1857 547 1920 cap,
564 1856 645 1914 ιιι,
669 1849 699 1902 et
720 1847 807 1917 parte
828 1856 871 1913 v.,
888 1853 952 1916 cap.
969 1851 1026 1910 vn,
1043 1849 1090 1896 ee·

345 1943 435 2008 term,
458 1933 578 1998 etiamsi
603 1932 845 2013 exprovinciales
872 1932 945 2005 sint,
969 1944 1091 2007 praece-

343 2029 393 2089 dat
413 2030 657 2107 praeconemque
678 2026 797 2100 debeat,
820 2025 907 2087 nullo
925 2023 1028 2084 babitu
1043 2037 1089 2082 re-

343 2131 447 2202 specta
469 2124 506 2184 ad
527 2122 707 2201 qualitatem
728 2118 1019 2200 conprovincialem,
1042 2121 1090 2177 ut-

345 2225 429 2296 pote,
459 2233 497 2278 cx
525 2215 680 2294 praedicto
711 2232 775 2294 cap.
807 2232 888 2290 nun,
918 2213 1011 2293 partis
1040 2229 1087 2274 tu.

343 2310 615 2384 constitutionum,
637 2309 813 2386 magisterio
833 2307 1023 2370 interiorem.
1042 2307 1089 2367 ln·

345 2411 391 2465 ter
411 2410 620 2482 praesentatos
641 2411 744 2466 autem
766 2403 818 2464 ille
836 2402 911 2463 alios
926 2401 959 2464 in
974 2401 1089 2462 eisdem

345 2497 416 2558 locis
436 2497 606 2576 praecedat,
629 2497 872 2576 praecedereque
896 2496 1014 2570 debeat,
1036 2493 1090 2570 qui

345 2608 398 2670 per
419 2592 495 2653 duos
516 2607 638 2652 menses
659 2593 694 2653 ad
717 2591 821 2652 minus
836 2592 932 2666 gradu
947 2603 1088 2668 praesen·

344 2691 472 2760 laturae,
487 2685 580 2746 etiam
600 2691 671 2745 ante
686 2683 863 2746 huiusmodi
878 2681 994 2745 decreti
1008 2696 1089 2742 ema-

345 2778 515 2854 nationem,
538 2779 623 2857 prius
644 2779 810 2854 graduales
825 2777 931 2850 luerit,
947 2775 1013 2836 sive
1026 2775 1090 2835 sint

344 2888 414 2934 cunt
436 2879 520 2947 voto,
542 2872 609 2934 sive
630 2887 693 2932 non
714 2871 789 2946 sint,
805 2885 889 2944 cum,
906 2870 990 2931 torta
1005 2884 1089 2947 prae·

343 2965 436 3027 dictas
457 2965 828 3038 consentaneorum
849 2971 936 3043 parte
959 2979 1019 3037 un,
1040 2979 1090 3024 eo-

344 3059 477 3137 demque
498 3075 562 3136 cap.
580 3073 662 3134 uun,
684 3058 830 3138 praedicti
851 3055 1036 3135 praesentati
1058 3063 1088 3117 et

343 3153 483 3231 superior
513 3159 697 3227 conventus,
731 3159 801 3213 vota
833 3167 897 3213 non
927 3149 1087 3223 babentes,

344 3253 416 3307 ante
436 3246 555 3308 socium
576 3248 671 3324 patris
692 3243 900 3326 provincialis,
922 3243 976 3322 qui
998 3243 1089 3305 habet

344 3346 464 3416 votum,
488 3341 589 3402 locum
611 3349 642 3402 et
673 3340 918 3419 praecedentiam
950 3343 1085 3400 teneant.

343 3433 398 3508 Qui
419 3449 506 3510 vero,
528 3433 565 3495 ab
585 3435 651 3496 aliis
672 3433 840 3514 provinciis
862 3432 1004 3507 exsiliati,
1021 3448 1091 3512 pro-

344 3531 461 3592 vinciae
474 3530 614 3605 Qoitensi
629 3529 809 3604 abitiantur,
825 3528 970 3590 eumdem
987 3527 1017 3587 in
1033 3526 1089 3587 lrac

343 3625 443 3686 locum
464 3633 496 3686 et
517 3623 764 3702 praecedentiam
796 3623 965 3695 retineant,
995 3636 1088 3698 quem

343 3719 374 3780 in
398 3716 591 3795 provinciale
619 3733 678 3795 qua
709 3715 891 3778 ausiliantur
923 3713 1087 3788 habebant,

342 3813 419 3873 itaut
440 3809 588 3885 magister
610 3810 692 3872 inter
719 3809 893 3887 magistros,
915 3815 1087 3887 praesenta-

343 3913 453 3983 tusque
474 3905 556 3964 iuter
577 3911 796 3982 praesentatos,
817 3911 888 3977 ete,
904 3901 1087 3980 praeceden-

344 3999 416 4061 tiam
438 3999 593 4060 retineant
613 3999 671 4060 sibl
693 3999 839 4073 debitam,
856 3995 1023 4060 dummodo
1046 4003 1087 4056 ta-

344 4109 415 4154 men
437 4091 474 4154 de
494 4093 548 4154 sua
577 4092 714 4169 legitimi
742 4091 937 4169 promotione
962 4092 998 4151 ad
1020 4105 1086 4166 gra-

341 4185 417 4248 dum
438 4185 606 4262 magisterii
629 4185 679 4246 vel
694 4191 954 4264 praesentaturae,
970 4183 1036 4244 sive
1050 4182 1089 4244 de

341 4280 525 4356 antiquitate
555 4295 629 4340 suae
660 4277 868 4356 professionis,
890 4276 916 4336 si
948 4275 1086 4352 graduarii

343 4389 405 4433 non
422 4372 551 4446 luerint,
568 4371 744 4434 delinitorio
758 4370 868 4431 saltem
882 4371 1003 4448 privato
1019 4385 1088 4447 pro-

343 4465 462 4526 vinciae
482 4464 648 4539 butensis,
671 4464 721 4526 cui
746 4463 924 4536 alliliautur,
949 4461 1088 4537 legitime

341 4565 482 4619 constare
503 4557 623 4619 iaciant.
647 4557 687 4619 Ut
708 4557 782 4619 baec
802 4573 882 4634 cquae
901 4556 980 4618 circa
1002 4571 1088 4632 prae-

341 4651 513 4713 cedentiam
544 4651 664 4712 decreta
695 4659 780 4724 sunt,
813 4649 949 4712 exactius
977 4649 1009 4710 in
1031 4647 1086 4710 istd

343 4745 499 4824 provincia
519 4751 697 4818 serventur,
724 4744 912 4805 declaramus
934 4745 1015 4820 quod
1037 4759 1087 4820 pa-

342 4847 404 4900 tres
425 4837 628 4917 provinciales
648 4837 780 4898 actuales
800 4853 855 4898 scu
871 4843 1004 4897 rectores
1019 4851 1086 4914 pro-

342 4931 499 5006 vinciales
521 4931 587 4991 sive
608 4946 717 5008 perse
738 4931 829 5008 ipsos,
847 4931 913 4991 sive
933 4931 994 4990 und
1015 4945 1085 4990 cum

340 5025 516 5087 delinitorio
530 5025 622 5086 etiam
637 5025 760 5102 capituli
778 5023 985 5101 provincialis,
999 5023 1086 5084 uallo

341 5119 431 5180 modo
452 5129 581 5196 possunt
603 5135 705 5196 neque
731 5125 877 5196 poterunt
903 5117 993 5179 alicui
1015 5117 1087 5178 reli·

341 5214 425 5289 gioso
453 5211 619 5274 concedere
648 5211 906 5288 praecedentiam,
928 5212 1007 5272 sicut
1030 5227 1086 5272 nec

340 5306 432 5367 etiam
461 5305 622 5383 privilegia
650 5304 832 5382 personalia,
860 5304 972 5382 quibes
998 5303 1085 5364 vela

340 5399 445 5472 clrorc,
468 5398 519 5458 vel
540 5417 555 5458 a
578 5391 684 5459 mensa
706 5397 876 5472 communi,
899 5398 948 5458 vel
970 5413 1087 5458 acom-

341 5493 490 5555 mottibus
503 5493 706 5554 observantiis
718 5492 908 5568 erimantum
920 5492 973 5553 sed
984 5491 1085 5552 obser-

341 5589 472 5649 vandam
486 5602 552 5648 esse
562 5587 691 5648 omnino
702 5586 956 5648 constitutionem
968 5591 1085 5664 aposto-

341 5681 432 5744 licam
454 5681 570 5743 Urbani
592 5680 669 5742 Vlll.
686 5680 735 5742 die
750 5696 825 5742 xxx.
844 5681 912 5742 iulii
927 5695 1082 5742 uocxxvr.

339 5775 542 5854 incipientem
554 5773 746 5845 Paetoraiic,
759 5791 819 5852 qua
834 5773 1010 5836 huiusmodi
1026 5774 1085 5850 pri-

340 5869 451 5946 vilegia
472 5875 503 5930 et
525 5871 737 5948 exemptiones
759 5869 912 5948 prohibita
935 5877 966 5931 et
991 5869 1086 5931 inter-

341 5961 420 6026 dicta
449 5971 534 6038 sunt,
563 5964 601 6025 de
627 5970 792 6042 ceteroque
818 5965 932 6042 absque
964 5961 1085 6024 ticenae

1830 571 1869 636 37
1919 573 1973 626 An.
1987 571 2017 625 0.
2040 571 2107 624 1679

1141 713 1229 780 Sedis
1250 715 1440 794 apostolicae
1460 715 1586 778 concedi
1607 731 1671 776 non
1687 719 1829 794 possunt:
1848 714 1888 774 ir·

1141 807 1238 870 ritum
1260 808 1387 886 insuper
1401 818 1431 872 et
1448 809 1540 871 inane
1556 809 1620 888 ipso
1635 807 1715 870 lacto
1728 815 1760 869 et
1774 807 1887 886 absque

1141 903 1198 964 alit
1212 902 1417 966 declaratione
1428 905 1631 968 decernentes
1646 910 1675 964 et
1687 901 1886 974 declarantes,

1140 995 1166 1058 si
1187 1011 1273 1059 secus
1294 1011 1388 1075 super
1406 997 1453 1058 bis
1468 997 1577 1076 quovis
1592 997 1683 1058 modo
1699 995 1766 1058 beri
1781 993 1831 1056 vel
1845 1000 1889 1054 at·

1142 1090 1254 1152 tentari
1277 1091 1453 1168 contigerit.

1181 1198 1257 1244 xxx.
1282 1184 1434 1248 Volumus
1456 1195 1486 1250 et
1507 1185 1696 1250 declaramus
1711 1203 1727 1246 a
1742 1198 1888 1247 reveren·
1947 1189 1981 1285 ⁰11⁶
1996 1186 2121 1232 extenuo-

1142 1275 1341 1340 dissimorum
1363 1289 1486 1358 patrum
1501 1281 1644 1356 decretis,
1660 1280 1793 1352 statutis,
1809 1277 1890 1340 ordi-
1908 1245 2121 1358 igorffffi‘ffi

1144 1373 1320 1434 nationibus
1342 1379 1372 1434 et
1393 1373 1650 1438 declarationibus
1671 1373 1768 1436 semel
1782 1374 1819 1435 ab
1833 1375 1888 1436 istd
1907 1349 2121 1448 3}?,⁴³0¹1¹,{‘1¹5¹,⁰pl‘,‘122

1143 1467 1247 1528 nostrai
1267 1465 1405 1542 Quirensi
1427 1469 1583 1546 provincia
1606 1469 1747 1547 receptis,
1769 1483 1889 1530 necnon
1908 1457 2007 1502 '³⁰¹⁰‘-

1143 1560 1177 1620 ad
1208 1559 1273 1621 eius
1305 1561 1544 1638 postulationem
1576 1562 1718 1640 provisis,
1751 1577 1806 1624 seu
1834 1577 1889 1640 pro

1144 1651 1238 1731 ipsius
1260 1653 1479 1716 reformatione
1501 1663 1531 1717 et
1553 1656 1634 1717 bono
1649 1655 1803 1732 regimine
1817 1670 1889 1716 cum

1143 1746 1321 1822 cognitione
1336 1764 1443 1810 causae
1458 1749 1618 1824 emanatiS,
1635 1749 1889 1829 supplicationem

1143 1841 1193 1901 vel
1215 1841 1463 1920 appellationem,
1480 1859 1517 1904 ex
1539 1843 1675 1920 legitima
1691 1844 1778 1906 causat
1794 1843 1890 1904 inter-

1143 1933 1284 2011 positam,
1306 1950 1416 1996 eornm
1438 1937 1681 2014 exequutionem
1696 1935 1784 1998 nullo
1799 1938 1890 1997 modo

1145 2026 1299 2088 retardare
1328 2027 1378 2088 vel
1405 2027 1555 2106 impedire
1586 2044 1690 2106 posse,
1712 2027 1776 2102 sed,
1800 2027 1831 2088 in
1854 2043 1890 2088 eo

1144 2118 1271 2180 interim
1292 2121 1372 2197 quod
1397 2137 1578 2200 responsum
1601 2122 1651 2184 vel
1673 2120 1891 2183 determinatio

1143 2211 1311 2288 superioris
1333 2213 1472 2288 legitime
1489 2213 1648 2289 habeatur,
1665 2215 1768 2276 omnia
1784 2221 1814 2274 et
1828 2213 1892 2274 sin-

1143 2303 1215 2380 gula
1231 2304 1451 2368 inviolabiliter
1465 2307 1621 2368 observari
1636 2324 1669 2369 ac
1681 2307 1810 2368 omnino
1822 2322 1891 2368 exe·

1143 2397 1197 2474 qui
1218 2398 1344 2460 debere:
1370 2399 1494 2462 irritum
1516 2409 1547 2462 et
1568 2401 1662 2462 inane
1683 2401 1747 2479 ipsc
1768 2401 1845 2461 iacto
1860 2407 1891 2460 et

1143 2490 1257 2568 absque
1278 2491 1335 2552 alid
1357 2493 1561 2555 declaratione
1575 2495 1788 2569 decernentes,
1805 2493 1829 2553 si
1844 2510 1891 2554 se-

1143 2599 1196 2645 cus
1217 2601 1310 2664 super
1331 2585 1379 2646 liis
1400 2587 1510 2664 quovis
1531 2588 1623 2649 modo
1646 2587 1711 2650 steri
1726 2587 1776 2649 vel
1791 2594 1892 2648 atten-
1930 2585 1934 2594 “

1144 2677 1201 2738 tari
1223 2679 1398 2756 contigerit.

1184 2773 1382 2852 Experientia
1405 2777 1532 2855 insuper
1560 2779 1656 2840 edocti
1690 2779 1769 2856 quod
1792 2777 1890 2838 multa

1144 2867 1326 2946 irrepserint
1348 2870 1438 2931 dubia
1460 2876 1491 2931 et
1513 2871 1581 2932 litos
1603 2889 1641 2933 ex
1659 2872 1788 2933 decretis
1804 2887 1891 2932 reve-

1143 2961 1400 3025 rendissimorum
1416 2963 1614 3027 vicecomitis
1628 2973 1659 3027 et
1673 2965 1891 3028 Lanlranconii

1144 3055 1411 3132 praedecessorum
1433 3065 1624 3135 nostrorum,
1644 3059 1756 3138 quibus
1778 3049 1890 3136 praeci-

1143 3150 1228 3228 pitur
1244 3159 1277 3212 ut
1292 3151 1403 3214 electio
1417 3153 1510 3231 patris
1525 3153 1732 3232 provincialis,
1747 3155 1805 3216 sub
1820 3171 1890 3232 poe·

1143 3243 1365 3320 munditate,
1388 3247 1562 3308 celebretur
1589 3249 1674 3310 iuxta
1694 3247 1890 3310 constitutio-

1143 3355 1208 3412 nes,
1231 3338 1385 3418 quodqoe,
1410 3341 1463 3418 qui
1484 3342 1581 3403 semel
1602 3341 1718 3404 electus
1739 3341 1834 3402 luerit
1856 3341 1887 3401 in

1142 3432 1376 3509 provincialem,
1399 3435 1495 3497 altera
1516 3435 1583 3498 vice
1604 3436 1677 3514 eligi
1696 3451 1758 3498 nou
1775 3421 1887 3514 possct',

1141 3525 1200 3586 sub
1221 3527 1317 3603 poena
1349 3529 1487 3591 eiusdem
1516 3529 1685 3591 nullitatis:
1715 3530 1782 3591 ideo
1804 3545 1888 3608 prae-

1142 3617 1218 3680 dicta
1240 3618 1302 3680 duo
1323 3621 1442 3682 decreta
1468 3624 1652 3684 moderanda
1674 3625 1759 3685 etad
1784 3624 1890 3685 termi-

1143 3731 1198 3776 nos
1220 3722 1396 3776 nostrarum
1428 3717 1687 3778 constitutionem
1715 3717 1888 3779 reducenda

1142 3809 1318 3883 statuimus,
1351 3817 1443 3888 prout
1477 3817 1584 3870 tenore
1615 3813 1826 3888 praesentium
1855 3829 1888 3872 ea

1144 3903 1341 3964 moderamur
1355 3909 1386 3964 et
1401 3903 1587 3978 reducimus,
1604 3905 1792 3966 declarantes
1807 3907 1888 3983 quod

1142 3995 1196 4073 qui
1217 3995 1420 4058 conformiter
1440 3996 1475 4055 ad
1503 4015 1603 4058 sacros
1629 4015 1761 4060 carnones
1783 4006 1813 4060 et
1835 4017 1890 4059 no·

1142 4096 1220 4148 stras
1250 4090 1488 4152 constitutiones
1519 4091 1628 4152 habilis
1650 4099 1680 4153 et
1703 4091 1831 4154 idoneus
1853 4093 1888 4153 ad

1144 4182 1401 4259 provincialatum
1433 4192 1574 4262 repertus
1602 4185 1707 4258 luerit,
1737 4185 1837 4246 valide
1859 4193 1889 4245 et

1142 4274 1282 4350 legitime
1296 4276 1370 4352 eligi
1385 4277 1494 4356 possit3
1511 4278 1694 4357 electioque,
1711 4295 1789 4356 (parare
1805 4279 1888 4340 iuxta

1142 4369 1311 4444 praedictos
1331 4387 1431 4431 sarcros
1452 4387 1584 4432 canones
1606 4379 1637 4433 et
1651 4373 1889 4434 constitutiones

1142 4461 1300 4538 religionis
1322 4463 1420 4524 valida
1442 4474 1472 4527 et
1494 4465 1631 4541 legitima
1647 4465 1751 4542 lrrcrit,
1769 4483 1822 4543 pro
1838 4483 1890 4526 va-

1142 4553 1200 4615 lidd
1222 4565 1252 4616 ct
1274 4556 1411 4632 legitima
1439 4558 1599 4634 habeatur,
1627 4559 1735 4620 cedern
1765 4575 1889 4637 prorsus

1143 4649 1233 4710 orato
1254 4667 1287 4710 ac
1308 4651 1332 4710 si
1356 4651 1506 4728 praedicta
1528 4653 1589 4714 cluo
1611 4653 1731 4716 decreta
1747 4658 1888 4714 currinata

1143 4757 1205 4803 iton
1229 4743 1369 4805 tuissent.

1180 4851 1270 4898 xxxi.
1295 4840 1523 4901 Conilrmautes
1551 4849 1597 4916 et,
1628 4849 1781 4921 quatenus
1812 4857 1888 4919 opus
1972 4847 2121 4908 capaciore

1140 4931 1191 5005 sit,
1213 4933 1398 4993 innovantes
1422 4935 1640 4996 declarationes
1670 4933 1888 4995 reverendissi-
1908 4898 2120 5008 ssb‘iwa'act'raclp'uqoud

1141 5041 1265 5086 morum
1298 5033 1420 5104 patrum
1446 5029 1539 5089 etiam
1568 5045 1622 5108 pro
1651 5027 1755 5089 orielem
1784 5028 1888 5089 nostrai
1908 5005 2122 5112 },⁰,¹¹,¹g,'}{‚g,¹,¹,¹'‘{ss

1142 5119 1298 5196 provincia
1329 5119 1468 5194 eritensi
1501 5132 1667 5196 emanatas,
1698 5121 1888 5184 declaramus
1907 5111 2031 5176 0l⁰⁰¹¹0¹¹⁰
2053 5113 2121 5158 vica-

1141 5221 1292 5274 rectorem
1328 5215 1548 5292 provincialem
1584 5217 1723 5292 legitime
1754 5215 1887 5277 electum
1908 5177 2121 5266 pharnaceam&

1141 5323 1195 5367 seu
1224 5308 1415 5384 institutum,
1446 5311 1498 5386 qui
1526 5327 1597 5372 cum
1624 5309 1734 5372 ellectu
1763 5310 1887 5386 provin·
1907 5285 1957 5330 ¹¹⁰⁰
1974 5271 2105 5320 mum

1141 5401 1219 5462 ciam
1242 5418 1296 5479 per
1318 5403 1440 5481 aliquod
1462 5412 1585 5481 tempus
1607 5404 1839 5480 gubernaverit,
1858 5411 1888 5464 et

1142 5495 1244 5556 locum
1265 5503 1296 5557 et
1318 5512 1426 5558 vocem
1447 5497 1580 5558 activam
1601 5505 1632 5558 et
1653 5497 1709 5557 alia
1724 5511 1887 5573 quaecum-

1141 5607 1202 5668 que
1224 5591 1301 5664 ium,
1330 5591 1556 5669 praerogativas
1577 5601 1608 5652 et
1636 5590 1797 5669 privilegia
1819 5607 1889 5668 pro-

1141 5684 1281 5744 vincialis
1302 5683 1432 5744 absoluti
1456 5692 1523 5745 tum
1545 5685 1624 5746 intra
1647 5691 1715 5744 tum
1736 5692 1822 5746 extra
1837 5683 1888 5743 de-

1142 5777 1315 5840 linitorium
1333 5779 1475 5856 deinceps
1489 5795 1612 5857 semper
1627 5777 1749 5840 babere.
1769 5780 1807 5842 Et
1821 5788 1887 5842 tan-

1140 5872 1222 5945 dem,
1239 5887 1310 5933 cum
1327 5877 1449 5932 nestrae
1464 5872 1713 5950 constitutiones,
1730 5883 1807 5953 part.
1825 5893 1887 5952 nn,

1140 5981 1203 6042 cap.
1229 5979 1288 6040 rm,
1312 5966 1486 6042 disponant,
1510 5972 1545 6026 ut
1565 5965 1598 6025 in
1626 5983 1708 6042 casu,
1732 5984 1792 6045 quo
1815 5970 1889 6030 deli·
