4848 6990
929 627 1138 674 INNOCEN'l'lllS
1161 629 1203 674 xl.

284 747 454 809 secuudum
483 745 696 808 fundationem
724 745 773 806 vel
800 745 1034 823 possibilitatem

283 840 452 918 hospitalis,
481 855 553 902 cum
580 839 824 916 supellectilibus
856 841 1033 902 necessariis

284 934 481 996 condecorata
513 932 549 992 ad
577 933 828 994 commoditatem
851 940 881 992 et
903 933 1035 994 curatio-

284 1045 356 1090 nem
378 1043 551 1106 pauperum
574 1027 786 1099 infirmorum,
803 1026 944 1104 privetur
959 1043 1034 1088 voce

283 1121 381 1183 activi
401 1129 432 1182 et
454 1119 581 1199 passivi,
605 1127 635 1180 et
658 1119 712 1180 ille
732 1119 785 1197 qui
808 1118 846 1180 ob
866 1129 1033 1196 urgentem

283 1215 496 1276 necessitatem
517 1213 640 1291 hospitii
662 1220 749 1274 extra
765 1213 966 1289 asportaverit
981 1213 1034 1273 ali-

282 1309 362 1386 quod
385 1307 436 1368 vel
458 1307 558 1386 aliqua
578 1307 666 1378 lecta,
684 1307 735 1366 siat
749 1321 822 1367 cum
837 1305 1033 1368 ordinatione

282 1409 314 1462 et
334 1415 477 1477 expresso
498 1415 651 1461 consensu
676 1399 770 1476 patris
792 1399 955 1474 generalis
979 1399 1033 1476 qui

282 1509 451 1555 consensus
482 1492 546 1553 dari
578 1493 685 1553 debeat
716 1491 914 1554 consideratis
947 1492 1032 1569 prius

282 1587 408 1648 motivis
429 1595 461 1647 et
481 1585 651 1661 indigentia
674 1601 752 1663 quae
773 1583 808 1644 ad
824 1584 853 1644 id
869 1585 1030 1660 acciderit;

282 1689 313 1742 et
334 1696 389 1758 pro
407 1680 514 1740 maiori
531 1679 758 1756 praedictorum
774 1678 966 1739 observantie
982 1677 1032 1739 de-

282 1774 350 1835 beat
371 1773 403 1834 in
424 1771 557 1848 singulis
578 1771 718 1848 capitulis
747 1779 809 1832 tam
836 1771 1032 1846 generalibus

283 1882 374 1946 quam
387 1865 581 1927 intermediis
592 1863 793 1926 determinari
810 1879 962 1926 numerus
973 1864 1032 1926 lec·

280 1967 386 2022 torum
407 1960 443 2021 ad
465 1958 697 2038 proportionem
723 1958 903 2018 reddituum
924 1958 1031 2034 singu-

281 2053 385 2115 lorum
401 2051 611 2131 hospitalium,
627 2066 762 2128 quorum
778 2051 894 2128 priores
909 2067 1031 2128 semper

280 2148 413 2210 debeant
434 2161 499 2207 esse
521 2146 617 2223 parati
633 2145 668 2206 ad
684 2143 876 2222 recipiendos
892 2145 1031 2206 infirmos

279 2257 336 2319 pro
351 2255 483 2302 numero
498 2239 652 2300 dictorum
668 2237 833 2312 lectorum,
849 2238 908 2298 sub
922 2238 1030 2314 poenis

278 2349 371 2411 supra
393 2333 560 2411 expressis.

36 2449 37 2462 2
77 2427 258 2529 mlvvloemost·
321 2443 350 2488 v
366 2427 452 2502 Quod
467 2425 547 2487 nulli
560 2425 758 2502 superiorum
774 2423 874 2498 liceat,
891 2441 946 2485 nec
962 2441 1030 2503 per-

279 2521 383 2582 mittat
405 2519 534 2582 subditis
555 2519 618 2580 suis
640 2519 684 2578 ire
705 2519 742 2580 ad
764 2519 935 2595 petendum
951 2517 1030 2579 elee-

278 2630 425 2692 mosynas
446 2622 532 2674 extra
559 2611 754 2673 territorium
776 2610 824 2670 vel
847 2611 1030 2672 iurisdictio·

279 2725 353 2772 nem
381 2708 429 2769 sui
456 2705 626 2784 hospitalis,
650 2705 681 2765 in
710 2703 935 2782 praeiudicium
956 2704 1030 2764 alio

278 2819 351 2866 rum
372 2802 469 2880 ipsius
490 2799 624 2872 Ordinis
646 2797 704 2860 sub
729 2797 826 2875 poeni
847 2797 1030 2874 privationis

278 2895 371 2957 cilicii
391 2903 423 2956 et
444 2893 560 2954 activae
582 2899 612 2952 et
633 2889 771 2968 passivae
789 2890 872 2950 vocis
887 2906 941 2968 per
956 2906 1029 2968 qua-

277 2996 352 3050 tuor
372 3003 482 3062 annos‚
506 2994 568 3046 tam
598 2982 819 3061 superioribus,
842 2983 895 3060 qui
917 2983 1029 3044 dictam

278 3081 438 3144 licentiam
458 3077 679 3152 concesserint,
702 3091 796 3155 quam
817 3075 959 3150 subditis,
976 3077 1058 3154 qui.

278 3177 338 3238 sub
357 3173 436 3236 dicti
457 3171 660 3252 permissione
677 3171 826 3248 petierint
841 3169 935 3231 dictas
950 3169 1029 3230 eloe

278 3285 433 3347 mosynas
756 3292 765 3321 a

117 3369 142 3411 na
153 3345 257 3465 gavone
319 3380 361 3424 vr.
385 3361 469 3437 Quod
488 3361 560 3423 dicti
577 3367 677 3439 patres
691 3358 866 3437 superiores
883 3374 947 3420 non
963 3373 1031 3437 pos-

77 3429 179 3466 ¹⁰m⁵⁹⁸
276 3458 341 3518 sint
362 3456 465 3518 abesse
485 3470 501 3513 a
523 3453 689 3516 residentii
721 3459 752 3513 et
783 3451 937 3528 regimine
959 3467 1030 3512 suo-

277 3565 351 3620 rum
383 3545 581 3626 hospitalium
609 3545 668 3608 nisi
689 3545 786 3622 spatio
813 3553 946 3622 quatuor
965 3543 1030 3605 die-

277 3659 362 3717 rnm,
384 3651 414 3705 et
436 3643 493 3704 boc
514 3645 722 3703 concurrente
752 3639 892 3715 legitimi
923 3637 1027 3713 caust3

276 3746 321 3812 et,
343 3737 368 3798 si
390 3750 466 3813 opus
486 3734 582 3796 inerit
605 3733 684 3794 ultra
700 3731 890 3810 praedictum
905 3739 1029 3809 tempus

276 3847 294 3891 a
316 3831 453 3909 prioratu
475 3827 589 3901 abesse,
612 3826 641 3887 id
664 3825 730 3886 lieri
760 3833 893 3902 nequeat
914 3826 1028 3903 absque

277 3923 420 4002 expressa
445 3920 569 3983 licentia
591 3920 683 3998 patris
712 3918 864 3995 generalis
886 3918 937 3980 vel
957 3933 1026 3995 pro·

276 4015 417 4078 vincialis
447 4015 588 4076 eiusdem
619 4011 810 4090 provinciae,
842 4011 900 4074 sub
930 4013 1027 4088 poenal

277 4108 460 4188 privationis
475 4107 565 4168 officii
581 4121 636 4184 pro
652 4105 750 4183 primal
766 4104 833 4166 vice
847 4103 882 4164 ad
895 4120 1026 4179 annum,

276 4209 320 4278 et,
343 4202 375 4262 in
396 4217 467 4262 casu
489 4199 720 4272 reincidentiae‚
737 4213 793 4276 pro
810 4205 873 4258 toto
888 4205 1026 4276 tempore

277 4294 346 4356 eius
367 4293 458 4354 officii
480 4299 672 4353 remanente.

102 4393 127 4437 na
143 4393 256 4442 cominus
318 4403 375 4448 vn
391 4387 466 4462 Quia
480 4387 515 4446 ad
529 4385 739 4462 receptionem
755 4383 949 4446 novitiorum
964 4399 1027 4444 non

75 4447 193 4493 mmm
275 4485 352 4543 sunt
373 4481 482 4542 domus
504 4477 672 4540 novitiatus
693 4478 896 4555 praescriptae
918 4477 950 4538 in
966 4477 1026 4538 dic-

276 4573 317 4635 tis
331 4571 616 4644 constitutionibus,
628 4569 805 4648 accipiendo
817 4586 868 4631 eos
880 4570 912 4630 in
927 4570 1027 4630 omni-

277 4667 335 4729 bus
356 4667 454 4730 dictae
475 4665 646 4741 religionis,
669 4671 699 4725 et
720 4663 790 4740 quia
812 4662 857 4723 illi
872 4663 925 4740 qui
940 4662 1028 4723 alun-

279 4767 331 4822 tur
351 4761 383 4820 in
406 4759 505 4836 parvis
527 4757 734 4829 monasteriis,
752 4771 815 4817 non
830 4756 943 4816 babent
959 4771 1026 4815 eam

276 4853 446 4931 perlectam
480 4851 694 4914 educationem
727 4863 805 4926 quae
836 4847 1024 4926 requiritur,

274 4945 366 5008 sicuti
387 4945 495 5020 etiam,
517 4959 589 5006 cum
602 4943 642 5004 sit
657 4957 766 5003 eornm
782 4957 913 5019 parvum
927 4940 1027 5017 bospi-

276 5040 369 5114 tium‚
392 5053 456 5100 non
477 5045 642 5098 remanent
661 5037 742 5098 bene
756 5034 876 5096 edocti
869 5049 901 5094 m
917 5049 1026 5095 eornm
1051 5057 1094 5107 1
1096 5055 1198 5102 iorum
1219 5039 1400 5116 consignare
1423 5046 1591 5099 teneantur
1610 5055 1718 5100 omnes
1733 5056 1829 5116 quan-

1781 614 1818 678 83
1871 614 1923 667 An.
1938 617 1968 670 C.
1990 619 2063 670 1686,

1088 747 1225 823 Rieseco,
1247 755 1279 810 et
1307 749 1449 824 llursiae,
1473 751 1557 813 etin
1591 751 1737 814 Lusitana
1770 765 1839 828 pro-

1088 843 1187 903 vincid
1218 844 1402 906 monasteria
1434 844 1595 920 Lisbunae,
1619 853 1650 906 et
1671 845 1781 920 lelues,
1805 845 1838 906 in

1088 935 1199 1013 quibus
1222 943 1338 1010 tamen,
1361 945 1392 998 et
1414 954 1478 999 non
1502 939 1534 998 in
1557 939 1624 1000 aliis
1645 948 1767 1017 praeter
1782 957 1839 1000 no-

1088 1029 1213 1090 minatis
1228 1030 1378 1092 dictarum
1394 1031 1623 1109 provinciarum
1638 1031 1763 1105 dentur,
1780 1049 1839 1094 nec

1088 1119 1151 1181 dari
1173 1119 1316 1194 debeant,
1340 1137 1398 1182 trec
1419 1123 1540 1183 admitti
1562 1123 1635 1185 dicti
1657 1123 1784 1198 novitii;
1802 1125 1836 1186 ad

1087 1229 1222 1290 quorum
1253 1214 1468 1275 educationem
1489 1223 1522 1275 et
1543 1216 1714 1277 doctrinam
1744 1217 1839 1295 depu-

1087 1313 1246 1368 tentaret
1268 1307 1466 1382 assignentur
1492 1309 1643 1384 magistri,
1666 1309 1786 1371 virtute
1807 1317 1838 1372 et

1088 1401 1200 1461 timore
1220 1399 1272 1460 Dei
1296 1399 1441 1474 decorati,
1466 1399 1660 1464 bonaevitae
1673 1409 1705 1463 ct
1719 1401 1837 1477 famae3

1087 1507 1165 1570 quae
1186 1491 1358 1552 nominatio
1379 1491 1533 1553 dictorum
1549 1493 1771 1568 magistrorum
1787 1493 1840 1554 de-
1858 1510 1863 1520 ·

1086 1585 1155 1645 beat
1177 1585 1244 1645 lieri
1266 1602 1282 1645 a
1304 1593 1389 1662 patre
1411 1585 1548 1660 gevrevali
1571 1585 1681 1647 litteris
1702 1586 1766 1648 suis
1787 1602 1838 1664 pa-

1086 1677 1224 1740 tentibus
1244 1693 1299 1755 pro
1323 1685 1462 1756 tempore
1493 1678 1550 1739 sibi
1573 1678 1693 1755 placito,
1717 1695 1837 1758 perma-

1088 1780 1183 1833 nente
1206 1771 1237 1832 in
1254 1771 1320 1832 eius
1334 1771 1461 1832 arbitrio
1476 1778 1626 1849 potestate
1640 1773 1838 1850 permutandi

1086 1877 1118 1926 et
1139 1864 1321 1926 nominandi
1343 1864 1428 1938 alios,
1452 1864 1711 1942 quandocumque
1733 1865 1777 1926 illi
1792 1867 1837 1927 vi-

1086 1959 1195 2021 deatur
1214 1960 1415 2032 conveniens,
1431 1959 1466 2020 ad
1483 1959 1565 2036 quod
1579 1959 1721 2037 superior
1736 1959 1838 2022 cuius·

1086 2053 1161 2114 libet
1192 2052 1384 2125 monasterii,
1408 2053 1472 2130 ipso
1504 2051 1581 2113 iacto
1603 2068 1676 2114 snae
1698 2061 1837 2130 acceptae

1086 2146 1302 2224 possessionis,
1336 2151 1479 2207 teneatur
1510 2146 1724 2207 transmittere
1755 2146 1836 2208 dicto

1085 2240 1164 2318 patri
1186 2239 1324 2314 generali
1347 2238 1448 2299 listam
1471 2239 1614 2300 omnium
1640 2238 1767 2306 illorum
1790 2255 1836 2301 re-

1084 2333 1279 2409 ligiosorum,
1302 2348 1380 2410 quos
1402 2332 1544 2394 babuerit
1565 2333 1788 2395 conventuales
1804 2334 1836 2394 in

1085 2427 1152 2488 eins
1173 2427 1373 2499 monasterio,
1393 2434 1427 2486 ut
1449 2425 1576 2486 illorum
1590 2441 1673 2488 unus
1688 2426 1835 2502 eligatur,

1085 2521 1138 2598 qui
1159 2519 1338 2596 recognitus
1360 2519 1454 2580 luerit
1470 2519 1709 2580 convenientior
1724 2521 1760 2581 ad
1775 2521 1837 2582 dic-

1086 2622 1154 2674 tum
1186 2613 1381 2686 exercitium,
1405 2619 1436 2673 et
1458 2627 1530 2674 cum
1561 2627 1624 2672 non
1657 2613 1837 2674 inveniatur

1083 2706 1191 2767 babilis
1215 2707 1246 2766 in
1270 2721 1306 2767 eo
1329 2705 1528 2779 monasterio,
1545 2705 1718 2768 nominabit
1739 2705 1836 2766 alium

1084 2797 1231 2860 idoneum
1247 2799 1304 2860 sibi
1320 2797 1515 2871 bcnevisum,
1529 2799 1564 2859 ad
1580 2813 1676 2875 quem
1690 2797 1837 2859 eliectum

1084 2892 1313 2970 permutabitur
1334 2908 1373 2954 ex
1394 2891 1583 2953 monasterio
1604 2907 1679 2953 suae
1700 2891 1838 2952 residen-

1084 2985 1154 3059 tiae,
1179 2992 1209 3048 et
1231 2985 1377 3048 mittetur
1398 2985 1433 3045 ad
1456 2982 1561 3046 locum
1576 2984 1766 3046 destinatum
1780 2999 1836 3061 pro

1083 3080 1231 3140 exercitio
1252 3080 1326 3142 dicti
1347 3079 1451 3141 officii.

1122 3189 1190 3234 vrn.
1215 3174 1290 3249 Quia
1312 3172 1410 3234 multa
1432 3179 1462 3233 et
1484 3173 1588 3248 gravia
1608 3172 1834 3234 inconvenien-
1873 3183 2068 3238 peraccedens

1084 3269 1124 3330 tia
1145 3267 1303 3343 recognita
1335 3265 1463 3328 luerunt
1496 3281 1534 3326 ex
1565 3266 1782 3344 praeceptione
1802 3273 1834 3326 et
1855 3237 2069 3337 iffi‘f‘ffffl‘ffiff

1083 3361 1260 3438 receptione
1287 3361 1324 3422 ad
1352 3359 1492 3421 habitum
1514 3360 1547 3420 in
1569 3359 1647 3421 dicta
1679 3358 1834 3436 religione
1854 3354 1925 3390 Μ’

1082 3453 1259 3530 aliquorum
1294 3453 1514 3529 religiosorum
1545 3451 1676 3514 aliarum
1708 3452 1834 3530 religio-

1083 3561 1172 3620 num,
1195 3548 1247 3624 qui
1270 3547 1361 3608 variis
1384 3547 1483 3608 modis
1504 3546 1633 3608 luerunt
1655 3562 1742 3608 causa
1765 3563 1835 3624 gra-

1082 3641 1280 3702 vissimarum
1296 3640 1400 3702 litium
1415 3648 1445 3701 et
1460 3640 1767 3716 inconvenientium,
1780 3658 1833 3702 er-

1081 3732 1202 3796 citando
1233 3733 1330 3794 (lictae
1363 3740 1486 3794 nostrae
1518 3733 1661 3809 religioni
1685 3735 1832 3797 inconve-

1083 3827 1199 3888 nientia
1222 3825 1427 3904 irreparabilis
1442 3824 1560 3900 damni,
1577 3843 1656 3904 quae
1673 3827 1780 3888 multis
1795 3829 1833 3890 ab

1081 3919 1153 3980 binc
1175 3919 1265 3980 annis
1287 3927 1371 3997 passa
1392 3917 1468 3980 luit:
1493 3919 1532 3980 ad
1550 3921 1732 3982 evitandum
1747 3920 1831 3982 simi-

1081 4013 1119 4074 lia
1142 4013 1407 4088 inconvenientia,
1431 4013 1593 4074 ordinatnr
1614 4021 1645 4074 et
1667 4015 1833 4075 mandatur

1080 4104 1163 4184 quod
1185 4107 1217 4167 in
1240 4114 1398 4184 posterum
1421 4121 1484 4167 non
1508 4105 1624 4182 possint
1639 4103 1760 4166 admitti
1775 4121 1833 4167 nec

1080 4200 1285 4263 admittantur
1306 4197 1361 4260 ulli
1384 4199 1532 4275 religiosi,
1555 4198 1609 4276 qui
1638 4197 1758 4259 luerint
1780 4197 1837 4260 vel·

1080 4293 1240 4356 actualiter
1270 4292 1333 4353 sint
1361 4291 1487 4354 alterius
1516 4291 1679 4353 cuiuslibet
1708 4291 1831 4368 religio-

1080 4387 1139 4462 nis,
1156 4387 1242 4448 nullst
1264 4388 1302 4448 de
1316 4387 1416 4459 cause,
1433 4385 1524 4449 titulo
1539 4385 1589 4448 vel
1604 4387 1736 4461 ratione,
1752 4402 1832 4464 quae

1080 4483 1115 4542 ad
1148 4496 1258 4542 eorum
1290 4480 1510 4542 admissionem
1541 4479 1649 4541 adduci
1682 4487 1829 4558 possent,

1081 4574 1138 4634 nisi
1160 4589 1198 4634 ex
1220 4573 1308 4634 iustis
1330 4581 1360 4633 et
1382 4571 1614 4633 rationabilibus
1636 4572 1733 4635 causis
1751 4571 1832 4634 reie-

1080 4667 1183 4728 rendis
1199 4665 1447 4728 eminentissimo
1462 4674 1492 4726 et
1505 4663 1765 4726 reverendissimo
1779 4667 1830 4727 do-

1080 4759 1166 4820 mino
1188 4759 1340 4821 cardinali
1363 4759 1540 4836 protectori,
1558 4758 1594 4819 ab
1609 4774 1707 4836 eoque
1722 4773 1831 4836 appro-

1080 4853 1199 4915 bandis.

1120 4962 1164 5008 nr.
1187 4947 1272 5020 Quod
1295 4945 1430 5021 religiosi
1447 4954 1660 5024 procuratores
1676 4953 1829 5007 monaste·
1849 4957 2063 5054 torssss‘uss'mwm'

277 5133 436 5207 exercitio,
459 5141 489 5193 et
512 5138 614 5208 postea
636 5129 692 5207 ipsi
717 5130 905 5190 transeundo
919 5127 955 5188 ad
970 5126 1026 5188 alia
1051 5116 1053 5210 l
1079 5133 1181 5194 titates
1203 5134 1406 5211 pecuniarum
1428 5132 1465 5193 ab
1484 5133 1529 5193 eis
1550 5140 1686 5210 receptas
1708 5149 1748 5194 er
1762 5135 1832 5196 r-ed

276 5228 391 5290 maiora
412 5224 599 5287 monasteria
620 5223 818 5298 recognitum
839 5221 897 5282 luit
913 5237 964 5281 eos
979 5221 1027 5281 in-

277 5321 364 5398 gredi
395 5335 467 5382 cum
498 5316 676 5380 dillicnltate
706 5316 737 5376 in
767 5315 848 5378 dicto
878 5313 1026 5375 exercitio

276 5414 430 5476 bonorum
462 5410 680 5473 ministrorum
708 5425 781 5484 erga
807 5407 965 5470 intirmos:
990 5407 1025 5468 ad

275 5505 458 5568 evitandum
480 5503 653 5580 igitur-boc
682 5503 907 5564 inconveniens
929 5503 1024 5581 impo-

275 5609 393 5662 sterum
411 5601 601 5677 deputantur
615 5606 645 5660 et
659 5597 824 5673 eliguntur
839 5597 1024 5657 monasteria

276 5700 307 5755 et
328 5695 438 5756 domus
465 5692 634 5753 novitiatus
654 5691 689 5752 in
713 5689 871 5769 provincia
894 5691 1023 5764 Baetici,

275 5787 391 5849 scilicet
411 5785 574 5849 civitatum
600 5785 763 5858 Granatae,
786 5781 927 5861 Hispalis,
951 5785 1025 5846 Cor-

276 5880 384 5953 dubae,
414 5877 550 5952 laiensiS,
573 5878 658 5940 etin
686 5877 844 5954 provincial
877 5877 1023 5940 Castellae

276 5972 461 6035 monasteria
481 5971 609 6047 blatriti,
632 5969 814 6046 llallisoleti,
834 5970 973 6032 Medinae
987 5971 1025 6033 de

1079 5225 1192 5287 ditibus
1212 5233 1242 5286 et
1257 5225 1322 5286 aliis
1338 5224 1498 5303 quibusvis
1513 5225 1673 5287 ellectibus
1687 5225 1745 5286 sibi
1761 5243 1830 5304 pro-

1079 5318 1278 5380 venientibus
1310 5326 1340 5380 et
1371 5319 1481 5380 debitis
1513 5318 1603 5380 dictis
1635 5320 1830 5382 monasteriis

1078 5411 1185 5472 eidem
1207 5411 1256 5472 die
1277 5411 1375 5472 dictae
1397 5412 1614 5490 perceptionis
1632 5411 1681 5472 vel
1697 5410 1731 5471 ad
1746 5429 1832 5473 sum-

1079 5519 1167 5564 mum
1189 5503 1238 5566 die
1259 5505 1414 5582 sequenti,
1437 5505 1552 5584 absque
1573 5505 1634 5566 allai
1654 5505 1830 5566 retentione

1078 5613 1173 5674 penes
1200 5613 1250 5673 se3
1282 5605 1313 5657 et
1334 5614 1417 5673 casu,
1440 5614 1501 5675 quo
1534 5615 1659 5660 necesse
1689 5597 1730 5659 sit
1758 5613 1831 5660 con-

1079 5705 1204 5750 servare
1225 5690 1275 5751 vel
1300 5691 1439 5752 retinere
1463 5691 1599 5768 aliquam
1623 5690 1830 5768 quantitatem

1080 5791 1205 5861 propter
1220 5800 1366 5862 expensas
1383 5783 1486 5844 litium
1501 5785 1551 5846 vel
1563 5784 1692 5845 aliarum
1708 5799 1827 5856 rerum,

1079 5877 1131 5938 ssat
1146 5878 1343 5955 superiorum
1359 5877 1504 5939 localium
1518 5877 1688 5956 permissu;
1705 5885 1735 5939 et
1746 5875 1829 5954 quod

1080 5969 1154 6032 tales
1182 5979 1397 6050 procuratores
1424 5971 1544 6033 nullam
1574 5972 1690 6051 possint
1717 5979 1828 6033 mutuo
