4848 6990
989 563 1199 610 innocencius
1220 564 1265 610 Xl.

348 691 417 739 rem
436 689 490 740 333
511 675 693 741 ministrum
719 677 942 757 provincialem
966 677 1096 743 alicuius

348 771 524 849 provinciae
540 771 626 848 eligi,
638 772 790 835 eiusmodi
800 771 987 836 electionem
997 780 1095 836 ratam

348 863 455 926 baberi
476 871 507 925 et
529 865 706 928 executioni
737 864 877 928 mandari
899 866 1043 930 volumus
1065 873 1096 928 et

349 957 556 1034 decernimus;
572 957 688 1020 electus
704 965 819 1033 33333,
832 966 995 1038 postquam
1010 976 1095 1039 prae·

349 1050 466 1114 dictum
486 1066 602 1114 munus
623 1051 851 1129 adimpleverit,
874 1054 911 1115 ad
932 1053 1094 1132 proprium

348 1145 551 1208 seminarium
577 1151 771 1220 revertatur,
794 1146 892 1208 immo
912 1145 1028 1226 aliquid
1049 1163 1096 1208 se-

349 1254 419 1302 cum
441 1255 505 1302 non
533 1238 622 1314 ierat,
645 1241 727 1318 quod
751 1239 935 1318 apostolicae
962 1241 1095 1302 nuditati

348 1331 530 1395 contrariari
545 1331 660 1408 valeat3
682 1340 725 1406 et,
747 1332 772 1393 si
793 1348 809 1392 a
831 1332 908 1396 dicta
924 1333 1093 1411 provincia,

348 1425 399 1488 vel
419 1426 456 1488 ab
476 1425 581 1505 aliquo
610 1433 787 1499 conventu,
809 1434 862 1488 aut
883 1426 920 1488 ab
940 1425 1095 1504 aliquibus

348 1519 512 1597 utriusque
542 1534 633 1580 sexus
659 1517 791 1594 subditis
812 1518 863 1580 vel
883 1519 1094 1596 superioribus

347 1610 447 1688 aliqua
462 1610 661 1686 munuscula,
673 1625 752 1689 quae
766 1610 957 1674 coniunctim
971 1620 1096 1692 sumpta

348 1704 553 1782 quantitatem
575 1705 669 1766 unius
688 1703 767 1766 scuti
789 1703 876 1766 aurei
902 1705 1092 1784 pertingant,

347 1802 419 1858 ante
439 1797 490 1858 vel
511 1803 580 1874 post
601 1797 697 1858 finem
717 1796 765 1858 sui
781 1795 873 1858 ollrcii
888 1797 1027 1876 recipere
1041 1814 1095 1858 au-

346 1907 398 1954 333
428 1890 524 1952 luerit
554 1888 693 1968 (etiamsi
714 1888 754 1950 sit
774 1888 832 1952 snb
859 1897 1022 1968 praetextu
1042 1889 1094 1953 de-

347 1990 435 2046 votae
455 1981 687 2056 recordationis,
711 1981 762 2044 vel
782 1999 837 2063 pro
866 1982 963 2059 libris,
985 1983 1093 2061 imagi-

348 2078 449 2154 31333,
472 2075 624 2155 reliquiis,
647 2092 702 2138 seu
724 2076 817 2139 rebus
843 2077 935 2138 sacris
957 2077 1095 2140 devotio-

347 2186 420 2234 nem
441 2169 580 2232 fidelium
598 2177 630 2230 33
650 2167 866 2232 sufficientiam
881 2187 915 2232 33
929 2170 1093 2232 efficaciam

346 2264 615 2326 missiouariorum
639 2261 770 2326 solidare
799 2261 1005 2344 valentibus),
1029 2263 1093 2342 ipso

346 2357 424 2419 lacto
448 2355 565 2418 actibus
593 2355 742 2432 legitimis
762 2363 920 2418 remaneat
949 2371 1004 2433 per
1025 2372 1092 2434 sep-

347 2451 491 2512 tennium
506 2449 664 2528 privatus;
687 2449 851 2527 eidemque
865 2465 982 2527 poenae
998 2449 1093 2511 indis·

346 2542 543 2622 pensabiliter
573 2543 744 2616 subiaceat,
766 2542 807 2616 si,
830 2549 954 2620 peraeto
980 2541 1091 2617 officio,

345 2635 459 2714 absque
489 2634 628 2712 legitimi
658 2637 746 2697 causi
774 2634 892 2698 aSede
920 2635 1093 2712 Apostolici

345 2729 553 2808 approbantia,
581 2727 774 2790 domicilium
796 2727 829 2789 in
851 2727 1002 2806 praedicti
1023 2744 1092 2806 pro-

345 2821 445 2884 vincii
466 2819 607 2897 elegerit,
623 2826 676 2882 aut
690 2819 716 2880 si
731 2820 811 2882 intra
822 2827 955 2898 quatuor
971 2836 1093 2882 menses

344 2913 548 2976 seminarium
568 2912 740 2992 praelatum
767 2929 876 2976 versus
896 2914 934 2975 ab
955 2913 1006 2976 illa
1028 2929 1092 2977 non

345 3006 533 3084 egrediatur.

385 3099 472 3162 Ultra
502 3114 673 3162 numerum
705 3097 922 3176 religiosorum
950 3099 1093 3178 superius

345 3192 579 3271 praescriptum,
604 3207 686 3254 unus
701 3192 815 3268 poterit
838 3193 870 3254 in
893 3193 1031 3271 quolibet
1046 3208 1094 3254 se-

344 3284 477 3347 minario
487 3284 621 3358 admitti,
634 3285 687 3362 qui
703 3300 912 3363 progressum,
926 3302 959 3348 33
973 3285 1092 3347 fructus

345 3387 376 3440 33
397 3394 493 3453 casus,
514 3394 570 3440 seu
592 3385 723 3440 eventus
748 3379 933 3440 missionum
954 3385 1091 3440 extraor-

344 3471 489 3546 dinarios
501 3471 832 3550 missiouariorumque
847 3477 930 3550 gesta
942 3480 973 3534 et
986 3487 1091 3534 exem-

344 3565 463 3644 plarem
474 3565 583 3640 vitam,
595 3564 834 3642 privilegiorum
845 3573 972 3640 statum,
985 3565 1092 3628 dubio-

344 3673 417 3720 rum
439 3657 471 3719 in
493 3655 691 3718 missionibus
712 3658 945 3720 occurrentium
967 3659 1093 3720 decisio·

343 3749 1092 3830 nemdocninarumsecuriusamplectendarum

344 3852 375 3906 et
402 3842 676 3922 praedicandarum
706 3845 909 3922 compendia,
939 3843 1033 3906 libros
1061 3854 1092 3906 et

342 3936 510 4000 summaria
530 3935 676 4010 scribere,
700 3945 749 4010 et,
771 3937 899 3998 servatis
919 3937 1089 4012 servandis,

342 4031 379 4092 de
400 4029 523 4091 licentii
540 4035 643 4090 tamen
664 4029 827 4103 Ordinarii,
852 4029 930 4108 typis
945 4031 1092 4092 mandare

341 4124 462 4184 studeat
477 4139 510 4184 ac
531 4121 642 4196 valeat,
658 4121 785 4201 ipseque
806 4122 937 4200 scriptor
957 4121 1091 4184 semina-

342 4216 381 4277 rii
402 4214 585 4294 appelletur,
608 4221 639 4276 33
660 4215 909 4293 exemptionibus
934 4231 966 4276 ac
988 4215 1091 4278 indul-

342 4310 392 4383 tis,
408 4325 425 4368 a
438 4307 616 4370 diseretorio
630 4307 789 4369 seminarii
806 4308 954 4383 taxandis,
967 4310 1092 4386 pacilice

342 4402 476 4465 lruetur.

119 4513 324 4576 neguararann,
384 4513 431 4558 ιιι.
455 4493 541 4570 Quod
562 4495 672 4556 electio
685 4495 844 4570 guardiaui
865 4497 1030 4558 cuiuslibet
1044 4515 1090 4560 se-

103 4571 326 4674 333333

104 4673 323 4730 alemanniae.
343 4684 489 4762 partium,
507 4681 538 4742 in
554 4682 668 4760 quibus
683 4683 885 4744 seminarium
902 4683 1009 4760 inerit,
1025 4685 1090 4746 sive

344 4589 467 4652 minarii
496 4591 549 4650 siat
574 4605 589 4648 a
617 4590 778 4668 superiore
805 4589 941 4665 generali
967 4591 1087 4654 illarum

343 4777 380 4838 ab
401 4777 468 4838 eius
495 4773 618 4853 speciali
642 4775 853 4836 commissario
878 4776 1030 4854 delegato,
1053 4795 1091 4839 ex

343 4869 442 4932 tribus
463 4868 602 4930 eiusdem
623 4869 781 4930 seminarii
809 4869 946 4946 patribus
968 4887 1023 4948 per
1044 4887 1091 4932 se-

343 4970 426 5026 creta
447 4961 593 5036 suliragia
609 4961 753 5022 omnium
767 4963 962 5024 sacerdotum
977 4963 1091 5041 proies-

341 5071 450 5118 sorum
471 5054 701 5116 communitatis
723 5056 870 5117 canonice
890 5057 1041 5133 eligendis
1060 5065 1091 5119 et

344 5149 496 5228 praedicto
511 5148 721 5208 commissario
736 5150 978 5225 praesentandis.
995 5154 1090 5216 Guar-

343 5245 452 5308 dianus
473 5253 578 5306 autem
592 5259 648 5320 per
662 5242 834 5304 trienninm
856 5250 980 5308 lantum
1001 5245 1032 5306 in
1049 5248 1091 5308 ol·

344 5338 413 5399 licio
434 5339 545 5401 durare
566 5339 692 5415 poterit,
713 5343 745 5397 et
766 5335 899 5398 liborum
922 5339 981 5399 erit
1002 5355 1092 5418 supe-

344 5431 419 5493 riori
439 5431 579 5508 generali
600 5431 736 5510 praelato
758 5431 789 5490 in
811 5429 940 5492 dimidio
963 5431 1090 5494 triennii

344 5526 445 5604 ipsum
457 5525 494 5586 ab
508 5524 606 5586 ollicio
621 5524 791 5601 absolvere,
808 5526 833 5585 si
846 5525 902 5604 ipsi
918 5527 1092 5588 constiterit

344 5619 442 5680 ollicio
464 5634 528 5679 non
549 5617 734 5693 satisfacere,
750 5617 852 5683 nauita
873 5618 1092 5682 inlormatione

345 5728 400 5790 pro
420 5711 618 5787 conscientii,
639 5712 709 5773 sine
732 5712 864 5790 strepitu
884 5711 1029 5786 iudiciali,
1052 5713 1093 5773 si·

344 5811 397 5867 eut
418 5805 452 5866 lit
473 5805 507 5866 in
529 5811 594 5866 toto
615 5805 731 5869 Ordine
753 5805 784 5866 in
800 5806 1091 5884 congregationibus

345 5897 548 5960 intermediis.

1195 680 1282 746 Unus
1313 699 1449 762 praeses,
1471 699 1526 748 seu
1555 685 1704 761 vicariae,
1733 685 1786 766 qui
1807 686 1901 750 simul

1152 775 1345 838 novitiorum
1357 778 1505 854 magister
1516 778 1633 859 sit‚per
1643 787 1714 842 vota
1725 780 1798 842 novi
1811 796 1902 858 guar·

1152 868 1236 930 diani
1257 877 1288 931 et
1309 870 1513 934 discretorum
1534 872 1681 949 eligetur,
1698 873 1834 952 ipseque,
1851 873 1902 936 ab·

1151 969 1238 1025 sente
1261 964 1441 1040 guardiano,
1464 965 1498 1028 in
1519 966 1794 1029 communitatibus
1815 983 1902 1046 prae-

1151 1056 1256 1118 sideat.
1282 1056 1316 1118 ln
1338 1057 1477 1135 quolibet
1497 1057 1663 1122 seminario
1684 1061 1746 1122 sint
1768 1067 1901 1138 quatuor

1151 1150 1276 1212 discreti
1297 1166 1352 1229 pro
1375 1151 1566 1227 gravioribus
1577 1153 1644 1216 eius
1666 1155 1802 1232 negociis
1825 1161 1902 1216 trac-

1151 1243 1261 1317 tandis,
1278 1244 1331 1322 qui
1352 1251 1427 1306 ante
1439 1245 1513 1306 novi
1531 1245 1693 1322 guardiani
1715 1246 1901 1310 electionem

1151 1333 1188 1394 ab
1208 1334 1317 1398 eodem
1328 1337 1561 1400 communitatis
1581 1353 1709 1416 corpore
1729 1339 1899 1416 eligentur,

1150 1444 1238 1507 aquo
1250 1430 1406 1492 nominari
1417 1430 1530 1494 debent
1540 1433 1753 1508 praesentandi
1765 1433 1798 1493 in
1810 1447 1900 1509 guar·

1151 1521 1293 1598 dianum;
1315 1523 1483 1602 statimque
1497 1541 1513 1585 a
1527 1524 1687 1602 superiore
1702 1525 1839 1601 generali
1849 1543 1899 1588 su-

1150 1614 1287 1692 pradicto
1300 1615 1541 1692 confirmentur,
1554 1616 1750 1696 habeantque
1770 1618 1803 1680 in
1817 1634 1900 1682 corn·

1150 1707 1304 1769 munitate
1328 1705 1431 1769 locum
1458 1715 1489 1770 et
1516 1709 1782 1787 praecedentiam,
1805 1727 1899 1788 quam

1150 1797 1281 1861 lectores
1302 1801 1439 1878 primarii
1453 1801 1627 1877 theologiae
1648 1801 1762 1864 habent
1783 1803 1816 1864 in
1831 1819 1901 1882 pro-

1149 1892 1223 1970 priis
1245 1892 1429 1970 provinciis;
1452 1903 1494 1970 et,
1512 1895 1544 1956 in
1566 1894 1701 1957 absentia
1718 1893 1914 1970 cuiuslibet,

1150 1985 1306 2062 antiquior
1330 1995 1361 2047 et
1382 1986 1505 2064 dignior
1533 1993 1619 2066 pater
1646 1987 1821 2063 seminarii,
1844 2004 1900 2067 pro

1151 2083 1291 2156 tempore
1312 2079 1478 2154 absentiae,
1501 2080 1685 2144 substitutus
1707 2081 1890 2144 declaratur.

1189 2172 1410 2234 Discretorium
1431 2173 1597 2236 cuiuslibet
1611 2173 1771 2236 seminarii
1790 2190 1828 2236 ex
1840 2176 1899 2237 dic-

1150 2261 1188 2322 tis
1209 2269 1343 2340 quatuor
1372 2263 1527 2339 discretis,
1550 2280 1584 2326 ac
1606 2279 1644 2325 ex
1665 2265 1822 2342 patribuS,
1845 2265 1899 2344 qui

1150 2353 1181 2414 in
1202 2353 1283 2415 dicto
1296 2354 1464 2418 seminario
1480 2355 1716 2431 guardianatum
1732 2371 1787 2434 per
1804 2357 1900 2418 trien-

1149 2445 1239 2508 nium
1260 2446 1450 2524 completum
1466 2447 1659 2512 laudabiliter
1674 2457 1897 2525 exercuerunt,

1149 2555 1187 2600 ex
1201 2541 1419 2602 commissoriis
1438 2540 1644 2603 habitualibus
1659 2548 1690 2604 et
1701 2542 1811 2604 actuali
1826 2543 1901 2604 mis·

1149 2632 1285 2708 sianum,
1298 2642 1329 2694 33
1350 2632 1519 2709 guardiano
1541 2634 1653 2698 actuali
1674 2643 1898 2713 componetur,

1150 2724 1233 2802 iique
1254 2725 1437 2802 suffragium
1463 2725 1596 2788 habeant
1617 2725 1650 2788 in
1672 2727 1816 2789 omnibus
1845 2743 1899 2788 ne-

1149 2817 1251 2892 gotiis,
1273 2833 1352 2896 quae
1372 2818 1512 2880 discretis
1532 2835 1588 2880 seu
1609 2819 1789 2883 discretorio
1808 2821 1898 2884 semi·

1148 2911 1228 2972 narii
1249 2927 1304 2990 per
1325 2911 1399 2974 baec
1421 2923 1451 2972 33
1472 2911 1529 2973 alia
1541 2910 1662 2975 Ordinis
1684 2919 1799 2976 statuta
1814 2930 1898 2976 com-

1148 3004 1338 3080 mittuntur;
1360 3002 1483 3081 quando
1510 3003 1656 3081 suffragia
1685 3021 1741 3083 pro
1776 3007 1836 3068 uni
1866 3013 1897 3068 et

1148 3097 1243 3158 altera
1271 3103 1356 3176 parte
1391 3095 1509 3158 luerint
1540 3096 1677 3174 aequalia
1706 3105 1738 3160 et
1763 3097 1896 3175 publica,

1148 3191 1336 3267 guardianus
1349 3190 1479 3266 decidat;
1496 3191 1620 3268 quando
1635 3189 1753 3253 luerint
1767 3199 1895 3267 secreta,

1147 3283 1328 3346 admittatur
1349 3299 1469 3363 praeses
1484 3299 1540 3364 pro
1560 3284 1654 3346 simili
1676 3291 1796 3347 tantum
1814 3303 1896 3358 casu,

1149 3383 1183 3439 ut
1203 3377 1258 3452 sic,
1280 3379 1362 3454 quod
1383 3377 1480 3453 magis
1507 3376 1674 3456 expediens
1694 3379 1746 3452 sit,
1769 3380 1897 3440 charita·

1148 3469 1211 3530 tive
1240 3477 1270 3530 et
1290 3469 1357 3531 sine
1385 3470 1518 3548 strepitu
1541 3477 1572 3531 et
1597 3470 1773 3532 recursibus
1802 3472 1897 3534 resol-

1149 3568 1249 3623 vatur.

1188 3657 1233 3717 Ad
1254 3655 1437 3716 missionum
1452 3655 1676 3718 commissarios
1692 3657 1725 3718 in
1739 3657 1897 3722 indiarum

1147 3749 1284 3827 partibus
1306 3748 1473 3810 existentes
1494 3749 1641 3826 spectabit
1663 3750 1845 3826 religiosum
1859 3753 1897 3814 de

1147 3841 1276 3902 consilio
1307 3841 1512 3904 discretorum
1547 3841 1645 3904 trium
1675 3859 1804 3906 suarum
1829 3860 1897 3922 par-

1148 3935 1228 3997 tium
1248 3935 1488 3997 seminariorum
1509 3934 1674 4010 destinare,
1698 3936 1752 4015 qui
1773 3937 1809 3999 ad
1827 3953 1896 4016 pro·

1147 4027 1264 4090 vincias
1276 4029 1448 4106 Hispaniae,
1462 4029 1584 4108 quando
1597 4030 1761 4092 necessitas
1773 4037 1893 4106 urgeat,

1147 4119 1279 4195 accedat,
1296 4128 1326 4181 et
1347 4121 1417 4182 illos
1438 4121 1610 4197 religiosos,
1625 4123 1754 4183 servatis
1769 4138 1895 4184 servan-

1147 4215 1204 4289 dis,
1228 4214 1260 4274 in
1283 4213 1408 4276 illarum
1429 4213 1615 4288 seminariis,
1627 4215 1653 4274 si
1673 4231 1707 4276 se
1727 4223 1837 4293 sponte
1851 4215 1897 4276 oi-

1147 4307 1259 4382 lerant,
1281 4307 1405 4384 seligat,
1428 4308 1481 4386 qui
1503 4324 1559 4386 pro
1587 4308 1843 4370 conversionibus
1864 4317 1896 4371 et

1146 4401 1387 4462 seminariorum
1401 4401 1638 4462 conservatione
1652 4401 1690 4461 ab
1704 4401 1822 4462 eisdem
1836 4401 1895 4464 dis-

1146 4494 1284 4554 cretoriis
1306 4503 1337 4556 et
1358 4493 1493 4573 praelato
1515 4493 1700 4556 missionum
1721 4493 1895 4556 commissa-

1146 4589 1193 4649 rio
1213 4588 1378 4650 necessarii
1400 4595 1595 4648 censeantur.
1618 4587 1659 4648 At
1674 4604 1731 4648 uec
1752 4589 1896 4650 coimmis-

1145 4681 1425 4755 submissionem,
1439 4696 1496 4742 noc
1511 4679 1647 4756 religiosi
1658 4679 1696 4742 ab
1710 4681 1783 4758 ipsis
1797 4683 1894 4756 missi,

1146 4777 1282 4855 aliquam
1308 4771 1558 4852 superioritatem
1589 4773 1722 4836 babeant
1751 4783 1895 4852 respectu

1147 4870 1273 4932 illorum
1289 4869 1342 4946 qui
1363 4868 1396 4928 in
1417 4867 1520 4945 aliquo
1537 4867 1704 4928 seminario
1726 4866 1765 4928 de
1780 4867 1894 4929 lamilia

1147 4962 1307 5024 constituti
1328 4960 1457 5036 luerint,
1473 4960 1533 5021 nisi
1548 4959 1581 5020 in
1596 4959 1715 5022 casibus
1731 4961 1894 5039 dequibus

1146 5073 1238 5134 supra
1260 5063 1365 5116 manet
1386 5055 1579 5133 dispositum,
1596 5061 1626 5115 et
1641 5069 1714 5116 cum
1737 5054 1895 5118 limitatio-

1148 5150 1240 5211 nibus
1254 5149 1299 5210 ibi
1311 5149 1419 5208 taxatis
1434 5164 1467 5208 ac
1481 5147 1698 5224 superioritate
1718 5149 1895 5223 guardianis

1146 5241 1385 5304 seminariorum
1413 5238 1464 5302 liic
1491 5243 1631 5304 concessi
1657 5255 1728 5318 prae
1750 5241 1894 5304 omnibus

1147 5337 1250 5401 illaesi
1271 5345 1466 5400 remanente,

1193 5433 1455 5510 Quandocumque
1490 5432 1651 5508 guardiani
1686 5431 1787 5493 obitus
1822 5439 1895 5494 ante
1953 5485 1955 5490 .

1146 5527 1277 5588 triennii
1299 5527 1395 5588 linem
1416 5526 1595 5602 contigerit,
1618 5541 1750 5603 praeses,
1772 5541 1828 5588 seu
1849 5526 1896 5586 vi-

1146 5621 1258 5695 carius,
1275 5635 1371 5698 usquo
1387 5621 1422 5681 ad
1439 5619 1512 5681 novi
1527 5618 1680 5694 generalis
1696 5616 1892 5694 electionem,

1146 5714 1349 5775 seminarium
1371 5712 1571 5790 gubernabit;
1596 5712 1755 5774 tenebitur
1776 5718 1892 5786 tamen,

1146 5807 1204 5868 sub
1225 5808 1322 5884 poeni
1344 5805 1525 5884 privationis
1546 5805 1595 5866 sui
1615 5805 1708 5866 oilicii
1730 5805 1795 5882 ipso
1816 5805 1894 5866 iacto

1147 5901 1350 5976 incurrendi,
1380 5901 1428 5962 die
1449 5900 1539 5962 tertii
1560 5915 1576 5958 a
1598 5906 1699 5960 morte
1730 5899 1894 5974 guardiani

1842 547 1879 618 ’33
1932 558 2030 612 iac.
2052 557 2121 613 3333
