1290 1819
186 156 213 171 An.
220 157 235 171 c.
247 157 281 171 1686
305 157 325 173 9⁴2

295 195 346 213 patres
356 193 428 209 absentes
438 196 531 211 convocare,
542 194 558 207 et
568 193 602 212 post
612 191 669 207 adven-

295 219 330 232 tum
346 216 420 235 illorum,
435 216 462 236 qui
480 216 521 231 intra
535 217 596 235 tempus
611 214 668 234 viginti

295 240 357 256 dierum
372 239 426 255 venire
437 240 519 259 poterunt,
534 238 668 256 communitatem,

295 267 323 283 pro
339 262 462 283 praesentatione
476 262 553 282 superiori
568 261 637 281 generali
652 263 669 276 ut

295 286 382 306 praefertur
393 286 469 304 iacienda,
483 289 586 305 congregare,
598 286 613 300 ot
626 288 669 304 prae-

294 311 363 325 sentatos
374 309 427 324 statim
440 309 457 324 ad
468 309 564 329 superiorem
578 307 669 327 generalem

295 333 391 353 praedictum
399 333 511 351 transmittere,
517 332 581 352 ipseque
586 335 636 347 unum
641 334 669 346 no-

313 356 316 359 '
326 356 367 375 iabit,
373 356 400 376 qui
407 356 479 372 similiter
487 360 514 375 per
522 354 609 371 triennium
616 354 668 372 duret.

326 383 380 399 imque
390 379 471 395 duratione
482 378 560 398 gaudebit,
570 378 597 398 qui
608 381 670 397 praece

327 404 343 418 te
350 402 413 418 alterius
423 402 543 418 renunciatione
550 401 575 417 vel
583 400 669 421 privatione

326 428 353 441 :tus
364 425 416 441 tuerit.
433 425 507 441 Praesidis
521 427 573 440 autem
587 426 603 440 et
613 424 669 439 discre-

326 453 348 464 tm
363 449 431 464 officium
447 449 464 464 ad
479 448 493 464 id
504 451 566 468 tempus
581 448 615 463 sine
628 447 669 462 nova

326 472 371 487 :tione
379 472 395 487 in
406 472 477 492 praetatis
488 472 537 487 tribus
547 471 608 489 mortis,
619 470 670 490 priva-

326 495 342 511 tis
347 497 363 511 et
370 495 492 511 renunciationis
502 495 562 510 casibus
573 493 668 510 extenditur.

326 519 392 534 absentia
399 518 480 538 guardiani
487 520 503 534 et
510 518 583 538 praesidis
591 517 669 537 antiquior

327 543 370 557 retus
381 542 397 557 in
407 542 546 557 communitatibus
558 543 574 557 et
586 540 669 556 seminario

326 566 389 584 asideat,
404 565 486 585 antiquitas
497 567 550 580 autem
562 565 603 580 inter
614 564 669 579 tratres

326 589 380 608 linarii,
396 591 427 605 tarn
441 591 529 608 praesentes
542 592 588 608 quam
601 588 668 605 tuturos,

326 612 380 628 indum
392 613 447 632 gradus
458 615 474 628 et
484 611 669 632 p1·aeeminentias,iuxta

327 636 356 652 inis
371 638 427 652 statuta
440 635 518 655 generalia
533 635 557 651 hic
570 634 669 655 praescripta,

326 662 358 679 epta
365 661 473 679 computetur3
485 659 512 679 qui
523 661 575 674 autem
585 658 645 674 nullam
653 658 669 673 in

326 683 360 703 priis
371 683 455 703 provinciis
469 685 495 698 aut
506 683 522 698 in
532 681 616 697 seminario
630 681 669 696 obti-

327 711 350 726 re,
361 706 423 722 habitus
436 706 545 726 antiquitatem
559 707 631 724 serveut;
642 705 669 724 qui

326 734 347 745 im
358 730 476 749 guardianatum
484 733 511 749 per
521 728 608 745 triennium
619 728 670 744 lauda-

326 758 347 769 rer
357 753 461 772 exercuerint,
467 753 541 768 discretos
552 752 592 768 illius
603 752 669 767 semina-

337 781 369 792 uou
383 780 420 792 vero
433 776 557 792 commissarium
571 775 668 794 missionum,

329 804 357 820 per
367 800 464 820 praecedant.

326 827 372 839 mnes
382 823 523 843 indispensabiliter
534 826 561 842 per
572 823 625 838 horam
632 825 668 837 cum

328 847 358 863 idia
373 848 428 862 vacent
441 846 507 862 orationi
522 845 595 864 mentali,
606 845 668 861 ‹limidi-⁷1

328 872 352 885 cet
363 870 399 885 hora
410 871 444 889 post
457 869 525 885 Primam
536 869 578 889 (non
589 872 626 884 vero
636 872 668 883 arn-

328 897 335 908 s
346 893 365 908 oh
376 892 466 913 trequentes
476 892 559 908 audiendas
566 892 669 908 consessiones

326 917 377 932 ¹imilia
388 917 461 932 exercitia
471 916 560 935 matutina),
569 916 606 931 hora
616 917 668 931 autem

326 940 355 960 egra
368 942 401 960 post
415 940 548 960 Completorium.
560 939 585 955 vel
599 939 627 954 alia
637 939 669 954 tor-⁴

326 964 338 979 is
348 963 461 983 opportuniori,
470 967 497 983 pro
505 965 594 982 temporum
601 964 617 978 et
625 966 669 978 exer-

326 991 367 1002 ›rum
381 987 459 1002 varietate.
476 987 524 1002 Horae
535 986 617 1001 canonicae
630 988 668 1001 tem-

326 1014 332 1025 e
339 1012 355 1026 et
363 1010 408 1030 pausa
416 1010 510 1030 competenti
518 1010 573 1025 devote
580 1009 667 1028 solvantur,

326 1040 327 1047 ι
338 1036 384 1049 cantu
394 1035 453 1052 autem,
462 1035 479 1048 ut
486 1033 520 1053 plus
527 1033 600 1052 temporis
608 1033 669 1052 impen-

326 1061 339 1072 tr
349 1057 405 1072 studio.
417 1056 500 1072 Dominicis
511 1060 548 1071 vero
558 1056 618 1075 diebus,
626 1056 668 1071 {estis

326 1080 394 1098 vlassivis,
405 1082 459 1095 cautus
470 1079 538 1095 adhiberi
549 1079 611 1099 poterit,
623 1081 640 1095 ut
651 1079 668 1095 sit

326 1103 334 1118 d
341 1103 449 1122 Observantes;
457 1103 543 1118 cuiusmodi
551 1103 604 1118 divino
612 1103 668 1121 officio,

326 1126 360 1142 ,ioni
368 1126 432 1146 mentali
439 1128 454 1141 et
463 1126 518 1141 missae
525 1126 625 1142 conventuali
636 1130 669 1141 om-

333 1149 409 1168 assistant,
417 1149 461 1165 nullo
469 1153 531 1169 prorsus
541 1151 614 1169 excepw3
622 1153 669 1165 cuno-

326 1177 338 1188 te
344 1173 429 1188 sacerdotes
435 1173 510 1192 gradatim
518 1173 536 1188 ab
545 1173 576 1193 ipso
584 1172 668 1192 guardiauo

326 1196 370 1212 usive
382 1196 519 1212 hebdomadarium
532 1198 583 1215 agant⁴
600 1196 668 1215 Singulis

326 1224 348 1235 rus
358 1220 424 1235 habeant
432 1224 458 1239 per
469 1220 506 1235 duas
516 1220 560 1235 horas
571 1220 646 1235 lectiones
653 1221 668 1235 et

326 1243 405 1262 lerentias;
417 1247 444 1263 per
452 1247 499 1259 unam
507 1244 540 1262 post
548 1242 668 1258 conventualem

326 1270 357 1282 sam
367 1266 386 1282 de
400 1266 463 1282 materia
474 1266 491 1281 ad
503 1266 594 1282 exercitium
609 1266 668 1281 missio-

326 1294 333 1305 2
344 1290 445 1308 conducente,
453 1293 481 1305 seu
489 1290 507 1305 dc
518 1290 622 1309 intelligentia
630 1289 668 1305 idio-

327 1317 360 1332 um,
371 1317 399 1328 seu
410 1313 428 1329 de
440 1313 516 1332 theologia
527 1313 600 1332 mystici,
612 1317 639 1332 per
647 1313 667 1328 al<

327 1341 343 1352 m
357 1338 390 1356 post
406 1341 477 1356 vesperas
491 1337 509 1352 de
522 1336 599 1356 theologia
612 1336 667 1352 morali

326 1360 376 1376 asibus
381 1360 489 1376 conscientiae.
498 1360 510 1376 Α
516 1360 607 1376 lectionibus
614 1362 667 1376 autem

326 1389 330 1399 ι
340 1384 394 1400 nullus
405 1384 452 1403 possit
464 1383 541 1402 excusari,
553 1387 604 1403 neque
614 1388 622 1398 a
633 1384 667 1399 red-

326 1408 342 1423 da
359 1408 419 1423 ratione
429 1407 448 1423 de
462 1407 525 1423 materia
542 1407 618 1426 lectionis,
632 1407 645 1423 si
659 1411 667 1422 a

326 1431 379 1446 rdiano
390 1431 414 1446 vel
425 1430 455 1446 alio
465 1431 484 1446 ab
495 1431 526 1450 ipso
536 1430 608 1450 deputato
619 1431 667 1446 iuter·

326 1456 363 1469 etur*
375 1454 415 1469 Cum
426 1456 478 1469 autem
489 1454 505 1469 in
516 1454 597 1470 audiendis
609 1454 667 1470 conses-

328 1477 363 1493 ihus
373 1476 398 1493 vel
409 1477 442 1493 aliis
452 1477 540 1493 utilioribus
547 1478 625 1493 exercitiis
633 1482 667 1497 per-

326 1500 357 1516 idis
371 1501 463 1516 missionarii
478 1501 535 1516 luerint
549 1502 627 1520 occupati,
642 1501 666 1517 vel

557 162 590 173 tun.
602 162 648 173 ΡΟΝΤ.
659 161 680 173 nt:
690 161 705 173 tv-
717 162 731 173 ι’,
744 162 785 174 tuns
796 162 807 173 ι.

696 192 766 211 occupari
777 192 863 211 indigeant,
871 192 916 208 lectio
927 192 1003 209 matutina
1010 198 1018 209 a
1026 197 1071 213 guar-

696 214 742 231 diauo
756 215 776 231 de
787 215 851 231 consilio
866 216 968 232 discretorum
984 217 1071 233 abbreviari

696 242 723 253 seu
734 238 819 258 dispensari
830 239 884 254 valeat.
895 239 993 259 Missionarii,
1004 240 1043 256 dum
1054 241 1070 256 in

696 261 780 277 seminario
790 264 833 281 suut,
844 262 950 282 spiritualibus
960 264 1038 280 exercitiis
1045 265 1071 280 vel

696 284 747 300 studio
762 285 853 305 impendere
868 286 926 302 debent
941 288 992 302 totum
1008 289 1071 307 tempus

696 307 737 327 quod
748 309 851 328 corporalibus
858 310 940 329 superfluit
948 310 1046 330 indigentiis:
1057 312 1070 327 si

696 332 731 351 quis
741 336 778 348 vero
788 333 832 348 vanis
839 333 989 350 confabulationibus
999 337 1026 351 aut
1036 340 1071 351 cur-

696 355 793 371 sitationibus
799 356 859 371 deditus
866 356 962 376 inveniatur,
968 357 1028 377 publica
1036 363 1071 378 poe-

697 379 763 394 nitentia
771 379 787 394 in
797 380 911 395 communitate
918 380 997 400 puniatur:
1006 385 1035 397 uec
1042 382 1070 398 ulli

697 402 790 418 concedatur·
803 403 864 419 lioentia
875 407 884 418 e
894 404 941 419 domo
953 405 1029 424 exeundi,
1041 406 1071 421 nisi

697 425 779 445 aliquando
795 426 894 442 recreationis
910 427 954 442 causa
970 431 997 447 per
1009 432 1071 449 campos

697 452 732 464 cum
743 449 783 465 socio
793 450 899 469 expatiaturus
909 450 935 469 sit.
946 453 973 466 aut
983 455 1011 471 pro
1022 452 1071 468 inevi-

698 472 739 487 tabili
755 473 862 492 pertractando
879 474 944 493 negocio
959 475 977 490 ad
991 475 1071 491 civitatem

698 495 722 511 vel
729 496 804 515 oppidum
811 496 864 516 egredi
872 497 934 513 debeat:
943 497 990 517 idque
997 503 1031 514 raro
1039 499 1070 518 ssat,

697 520 720 537 ut,
727 521 785 538 quanto
792 519 808 535 in
818 520 901 536 monastica
907 520 998 540 solitudine.
1006 522 1071 538 humani

697 543 785 558 commercii
800 545 899 563 contemptu,
917 544 1024 563 vigilantiores
1038 545 1071 561 tue-

697 565 735 584 rint,
743 569 761 581 eo
769 565 786 581 ad
797 566 932 586 reprehendendas
943 567 1012 583 fidelium
1020 569 1072 585 diver-

697 588 748 604 siones
760 589 826 609 aptiores
839 590 929 606 reddantur,
945 591 1051 607 Communitas
1062 596 1071 608 e

697 612 781 628 seminario
792 617 824 628 non
835 615 887 632 exeat,
899 614 928 629 nisi
939 618 975 630 raro
987 616 1002 630 et
1013 615 1071 634 gravis-

697 635 735 651 sima
746 635 766 651 de
776 637 826 655 causa,
835 639 852 652 ut
860 637 878 652 ad
889 638 961 657 exequias
969 638 1036 657 religiosi
1044 639 1072 654 ali-

697 659 741 674 cuius
755 660 803 675 nostri
817 660 887 679 Ordinis,
899 663 925 676 aut
938 661 1025 681 apostolici,
1039 666 1070 678 non

697 685 749 698 autem
760 683 777 698 ad
788 683 868 699 sociandos
875 683 912 699 alios
919 684 1000 700 defunctos
1011 685 1036 701 vel
1044 690 1071 705 pu-

697 706 743 721 blicas
756 707 865 726 processiones.
881 707 982 723 Feminarum
995 708 1071 729 colloquia

697 730 799 748 quantumvis
815 730 904 746 brevissima
920 731 978 751 ubique
991 732 1070 751 vitentur,

697 752 780 772 solumque
790 753 857 773 ipsarum
868 753 979 773 confessiones,
987 755 1031 770 nullo
1041 755 1071 770 alio

682 795 684 800 Ι
697 775 786 791 intermisso
797 776 879 796 colloquio,
890 777 944 793 audire
956 777 1012 793 licebit.
1024 778 1071 794 Nullo

697 799 743 814 modo
753 802 853 819 acceptentur
863 801 946 816 conciones
954 801 1017 817 festivae
1024 801 1040 817 in
1048 806 1071 817 se-

697 822 772 841 minario,
786 823 868 843 solumque
882 824 925 842 fiant,
940 828 979 843 quae
993 825 1071 840 occasione

697 848 789 860 missionum
800 846 894 862 necessariae
904 849 1002 862 censeantur.

716 868 739 884 Ad
750 868 856 888 eleemosynas
868 871 920 885 autern
934 870 1007 889 petendas
1017 874 1071 886 omnes

696 891 730 907 sine
741 892 832 912 exceptione
845 893 935 912 mittentur;
951 893 990 909 itaut
1001 894 1016 909 in
1027 894 1071 910 omni

696 915 760 930 servitio
770 916 891 934 communitatis,
903 920 963 935 omnesy
971 917 1020 932 etiarn
1026 921 1071 936 guar-

697 938 760 957 dianus,
774 936 851 958 quantum
863 939 896 954 sseri
911 940 966 959 possit,
978 940 1010 956 sint
1020 944 1069 960 pares⁴

696 961 747 980 Quoad
761 961 867 981 eleemosynas
881 963 1012 982 praedicatorum,
1023 963 1070 979 libros

696 984 806 1001 detunctorum
812 987 827 1001 et
834 985 962 1001 bibliothecarum
968 989 1071 1005 augmentum

697 1010 711 1023 ot
722 1009 861 1027 conservationem,
870 1009 886 1024 in
894 1009 966 1025 omnibus
976 1010 1070 1029 seminariis,

696 1032 735 1047 sicut
746 1034 761 1047 et
772 1032 788 1047 in
799 1032 871 1048 omnibus
885 1032 919 1048 aliis
929 1033 1033 1049 conventibus
1044 1038 1071 1049 no-

696 1057 737 1070 strae
747 1055 843 1071 obedientiae
853 1055 932 1075 subiectis,
943 1058 1015 1072 servetur
1022 1057 1071 1073 Breve

697 1078 761 1098 Eoepmtt'
772 1078 817 1094 nom}
828 1083 836 1094 a
847 1079 873 1095 SS.
886 1079 902 1094 Ι)4
911 1079 930 1095 N.
942 1079 1033 1096 Innocentio
1044 1080 1069 1096 xt.

697 1101 792 1121 expeditum.

717 1124 760 1141 Nulli
770 1125 844 1141 saeculari
855 1126 956 1145 permittatur
966 1126 1045 1146 ingressus
1052 1126 1071 1142 ad

697 1148 772 1164 interiora
782 1150 876 1168 conventus,
887 1149 914 1165 sed
925 1149 940 1165 in
952 1149 1019 1165 claustro
1032 1149 1071 1165 inte-

697 1171 734 1187 riori
745 1172 835 1191 disponatur
845 1172 896 1192 aliqua
907 1168 966 1188 cameia
981 1173 1045 1189 honesta
1055 1175 1071 1189 et

696 1195 750 1211 devota
766 1196 902 1211 cum‘humilibus
918 1196 988 1216 sedibus,
1004 1196 1030 1212 ubi
1041 1197 1071 1212 viri

696 1219 781 1235 saeculares
792 1221 883 1238 quaerentes
894 1220 962 1239 aliquem
972 1224 991 1235 ex
1002 1220 1071 1240 patribus

696 1246 724 1262 pro
734 1243 761 1258 sua
771 1242 847 1262 spirituali
857 1243 963 1258 consolatione
974 1243 1071 1263 excipiantur

695 1267 712 1280 et
722 1265 826 1281 consolentur.
843 1266 862 1281 Et
877 1268 908 1281 tam
918 1266 968 1285 quoad
982 1266 1071 1286 ingressum

696 1291 711 1304 et
722 1293 781 1305 moram
792 1293 809 1304 ac
820 1290 950 1309 pernoctationem
963 1290 1070 1310 saecularium,

696 1318 741 1333 quam
753 1314 802 1334 quoad
813 1313 934 1333 supellectilium
945 1315 960 1329 et
971 1316 1070 1330 ornamento-

696 1341 731 1352 rum
742 1337 890 1355 oommodationem.
904 1339 988 1353 set-ventur
998 1337 1014 1353 in
1027 1337 1071 1353 dictis

695 1360 788 1379 seminariis,
796 1360 841 1376 sicuti
852 1360 891 1376 etin
899 1360 972 1376 omnibus
982 1360 1016 1375 aliis
1026 1360 1071 1376 dictis

696 1384 784 1403 provinciae
794 1384 919 1399 ultramontanae
929 1383 1038 1402 conventibus,
1045 1383 1070 1399 de-

695 1409 736 1423 creta
741 1412 792 1423 sacrae
797 1407 932 1426 Congregationis,
938 1407 1030 1422 auctoritate
1036 1411 1071 1427 apo-

695 1431 748 1446 stolica
758 1431 857 1449 contii-mata,
869 1430 885 1446 in
896 1430 935 1446 dicta
950 1430 1006 1446 familia
1019 1430 1071 1446 obser-

696 1454 728 1469 vari
739 1456 823 1474 praecepta⁴

715 1477 772 1493 Omnes
778 1477 858 1493 seminarii
866 1479 922 1497 patres,
930 1477 964 1493 sine
971 1477 1021 1497 aliqud
1029 1472 1070 1493 inter

696 1501 736 1521 ipsos
747 1500 810 1516 notabili
821 1500 913 1519 differentia.
924 1500 990 1516 induant
999 1500 1070 1516 habitum

1086 159 1113 172 Au.
1120 159 1136 172 C.
1147 159 1188 172 1686
