4848 6990
105 627 304 683 An.c.1eoa
968 641 1177 688 innueramus
1200 644 1257 690 xn.
1537 633 1546 642 ‘
1810 627 1865 690 lbi}
1917 627 1970 682 nu.
1984 629 2014 684 0·
2037 629 2104 680 1692

337 759 453 826 ltilccto
475 759 540 826 tilio
556 758 705 827 Antonino
721 757 888 827 lientimilia
908 760 1083 844 congrega·
1108 761 1112 819 l
1178 763 1197 836 5
1226 763 1254 825 b.
1279 762 1347 826 Nun
1375 763 1567 826 obstantibus
1595 763 1768 843 apostolicis
1792 781 1826 826 ac
1852 764 1884 826 in

376 853 466 922 tinnio
489 851 672 922 clericorum
703 851 891 938 llcpularium
921 849 1083 920 Tbcatino-
1109 833 1111 911 ἶ
1139 855 1375 931 universalibus,
1388 855 1629 935 provincialibus
1643 863 1674 918 et
1688 856 1886 936 synodalibus

376 965 438 1016 rum
461 953 695 1030 nuncupatorum
718 948 897 1031 protestorl,
1109 930 1111 1053 i
1139 950 1276 1012 conciliis
1296 950 1396 1025 editis,
1419 951 1615 1026 generalibus
1634 950 1684 1012 vel
1703 949 1885 1030 specialibus

1109 1066 1111 1089 ι
1138 1043 1412 1106 constitutionibus
1434 1052 1465 1105 et
1486 1043 1744 1119 ordinationibus
1762 1057 1884 1108 necnon

499 1133 754 1204 innectamus
777 1136 837 1202 ΡΡ.
862 1135 918 1203 ΧΙΙ.
1109 1134 1111 1153 “
1138 1136 1309 1216 quibusvis,
1326 1137 1418 1199 etiarn
1439 1137 1628 1212 iuramento,
1651 1138 1886 1200 confirmatione

1109 1224 1111 1233 '
1139 1231 1315 1310 apostolica,
1351 1231 1400 1292 vel
1424 1232 1532 1309 quavis
1552 1231 1608 1294 alia
1629 1231 1776 1296 tirmitate
1798 1232 1887 1294 robu-

608 1325 725 1392 lllloole
748 1325 807 1404 titt,
1139 1325 1228 1400 ratis,
1251 1325 1374 1388 statutis
1395 1332 1425 1386 et
1447 1325 1734 1400 consuetudinibus,
1761 1325 1886 1404 privile·

370 1420 499 1489 saturant
522 1424 554 1487 ct
574 1419 771 1504 apostolicum
799 1418 1049 1488 benedictionem.
1139 1418 1197 1494 giis
1218 1435 1354 1497 quoque,
1381 1418 1551 1480 indultiset
1566 1419 1678 1482 litteris
1700 1419 1884 1498 apostolicis,

1139 1512 1171 1573 in
1193 1511 1385 1574 contrarium
1401 1511 1640 1590 praemissorum
1656 1512 1885 1590 quomodolibet

374 1611 544 1676 Commissa
567 1610 656 1673 nobis
680 1609 830 1672 divinitus
857 1609 1016 1690 pastoralis
1040 1607 1083 1670 ot·
1109 1640 1112 1711 3
1139 1605 1302 1680 concessis,
1326 1605 1515 1668 confirmatis
1537 1613 1567 1668 et
1589 1606 1754 1668 innovatis.
1770 1607 1899 1681 Quibus,

336 1706 395 1769 nait
422 1705 499 1768 ratio
520 1703 665 1783 postulat,
690 1711 724 1766 ut
750 1703 810 1766 illis
838 1721 917 1783 quae
939 1691 1085 1766 ad'cbrt-
1110 1720 1112 1775 p
1139 1695 1283 1760 omnibus
1299 1705 1329 1760 et
1343 1698 1488 1774 singulis,
1511 1698 1637 1760 illorum
1662 1710 1784 1760 tenores
1801 1713 1888 1778 prae-

334 1800 449 1861 stianac
474 1797 644 1874 Religionis
671 1797 900 1876 catholicaeque
921 1797 992 1859 ddei
1014 1811 1084 1875 pro
1110 1794 1112 1849 ἰ
1138 1792 1278 1854 sentibus
1294 1807 1349 1870 pro
1366 1791 1455 1870 plene
1470 1799 1500 1853 et
1515 1791 1707 1854 sufficienter
1721 1792 1885 1871 expressis,

336 1893 531 1971 pagationem
545 1891 660 1954 luriunt
676 1893 836 1970 propensis
850 1891 970 1965 studiis,
987 1907 1085 1970 quan·
1109 1898 1112 1909 ·
1139 1893 1170 1946 et
1191 1902 1206 1945 a
1228 1885 1322 1946 verbo
1351 1886 1386 1946 ad
1413 1885 1545 1946 verbum
1574 1884 1698 1946 insertis
1727 1885 1885 1960 trabentes,

335 1995 403 2049 tuna
425 1987 514 2048 nobis
535 2001 573 2048 ex
599 1985 661 2048 altu
682 1985 876 2059 conceditur,
899 1984 1015 2062 iugiter
1036 1985 1083 2045 in·
1109 1970 1111 1983 '
1140 1978 1200 2040 illis
1228 1979 1300 2040 alias
1319 1979 1352 2038 in
1386 1993 1443 2040 suo
1464 1978 1575 2041 robore
1601 1979 1828 2056 permansuris,
1850 1981 1886 2040 ad

335 2079 508 2143 tendamus.
1110 2106 1111 2129 t
1139 2072 1380 2150 praemissorum
1395 2071 1552 2145 ellectum,
1569 2071 1625 2132 hac
1645 2071 1712 2134 vice
1727 2073 1886 2135 dumtaxat

374 2173 394 2247 ἓ
418 2173 445 2234 l.
469 2172 548 2235 Cum
572 2171 693 2250 itaque,
716 2172 797 2234 sicut
818 2173 1006 2250 accepimus,
1036 2178 1081 2244 tu,
1110 2168 1111 2179 ¹
1138 2163 1312 2242 specialiter
1326 2171 1356 2226 ct
1377 2179 1519 2242 expresse
1540 2163 1741 2242 derogamus
1764 2165 1887 2228 ceteris-

335 2266 612 2346 quimissinnarius
626 2265 808 2343 apostolicus
824 2266 854 2326 in
871 2264 1081 2328 lndiisOrien-
1109 2284 1112 2298 ·
1138 2273 1199 2336 que
1219 2258 1381 2320 contrariis
1403 2257 1663 2337 quibuscumque.

336 2359 447 2422 talibus
477 2359 605 2432 existis,
639 2358 774 2420 insulam
806 2360 941 2433 Burnei,
969 2357 1083 2436 inqua
1179 2351 1290 2414 [tatum
1304 2351 1430 2426 Romae,
1443 2349 1522 2430 apud
1539 2349 1570 2413 S.
1587 2351 1713 2412 Mariam
1728 2351 1886 2426 Maiorem,

335 2453 477 2515 nondum
499 2451 552 2513 lux
575 2451 736 2527 Evangelii
752 2459 948 2528 pervenerat,
966 2452 1111 2528 ingres-t
1143 2446 1201 2506 sub
1230 2445 1347 2507 annulo
1379 2444 1554 2520 Piscatoris,
1581 2444 1631 2506 die
1657 2461 1724 2506 xix.
1756 2447 1886 2508 ianuarii

334 2561 387 2608 sus
401 2543 508 2618 tueris,
525 2544 628 2622 ibique
643 2545 762 2622 primus
777 2544 992 2607 sacrosanctae
1007 2545 1083 2608 Cru—
1139 2555 1300 2613 xncxnn,
1323 2539 1518 2616 pontificatus
1539 2539 1635 2600 nostri
1659 2555 1740 2602 anno
1763 2555 1784 2600 ι.

335 2638 377 2699 cis
398 2637 551 2700 vexillum
574 2637 689 2710 fixeris,
710 2651 766 2698 nus
788 2637 826 2699 de
848 2637 899 2698 tul
921 2638 992 2712 side,
1014 2653 1084 2716 pro-
1110 2637 1112 2699 l
1562 2654 1566 2662 ’

336 2731 440 2804 bitate,
453 2729 630 2809 prudentia,
642 2729 1083 2808 pietate,canitate,vigilantia
1110 2727 1112 2769 ἲ

336 2833 367 2886 et
388 2823 554 2886 catholicae
575 2823 746 2900 Religionis
768 2823 834 2885 zelo
855 2823 1028 2902 plurimum
1051 2825 1082 2886 in

335 2917 468 2980 [turnino
490 2917 608 2991 conlisi,
625 2925 844 2996 sperantesque
860 2917 940 2995 quod
957 2933 991 2978 ca
1005 2933 1084 2996 quae
1490 2913 1539 2976 lll.

337 3009 392 3072 tibi
413 3009 595 3072 duxerimus
616 3009 836 3072 committenda
864 3009 1021 3072 cumulate
1042 3010 1084 3072 sis

336 3103 983 3182 expleturusacquomaturisaucturttatis
999 3117 1085 3182 prae-
1140 3101 1298 3166 Ectcndit
1326 3101 1493 3164 senarium
1519 3117 1691 3163 nnmerum
1717 3101 1887 3182 magistro-

335 3198 412 3260 sidio
434 3197 576 3260 munitus
597 3196 705 3270 tueris,
728 3212 765 3258 co
786 3195 944 3260 uberiores
965 3196 1084 3260 tructus
1110 3214 1112 3227 ·
1180 3213 1254 3258 rum
1276 3198 1423 3275 [rotroni
1446 3195 1657 3258 cremitarum
1679 3193 1710 3258 S.
1730 3194 1888 3275 Augusti·

336 3292 367 3352 in
391 3291 470 3353 nora
492 3290 582 3351 vineat
595 3290 647 3352 illa
668 3290 835 3352 excolenda
855 3289 1002 3365 colligere
1017 3306 1085 3368 pos·
1181 3291 1216 3352 ni
1239 3288 1427 3352 Moniccncc
1452 3287 1638 3365 prouinciae
1659 3287 1701 3350 cd
1728 3287 1888 3350 duodenu-

336 3386 391 3458 sis,
414 3385 451 3447 de
480 3383 707 3445 nonnullorum
740 3399 779 3444 ex
808 3399 903 3444 venn.
938 3381 1084 3444 lintribus
1180 3385 1267 3446 rium
1288 3381 1344 3462 (l).

338 3479 451 3542 nostris
466 3478 497 3541 S.
514 3477 549 3540 li.
568 3477 603 3538 Ε.
627 3476 841 3540 cardinalibus
864 3477 1083 3554 congregatio-

337 3571 384 3632 nis
396 3570 529 3648 negotiis
541 3569 756 3648 Propagandac
768 3569 852 3631 Fidei
864 3570 1036 3648 propositae
1047 3571 1084 3632 ad
1315 3549 1564 3620 ΙΝΝὓῦῈΝῘΙυ3
1581 3552 1642 3618 ΡΡ·
1659 3549 1719 3618 χΙΙ·

337 3665 365 3726 id
395 3663 569 3743 specialiter
589 3663 809 3742 deputatorum
836 3662 975 3737 consiliu,
999 3671 1028 3724 tc
1052 3663 1083 3725 in
1280 3674 1316 3741 ap
1337 3675 1467 3742 futuram
1495 3674 1539 3740 pap
1566 3673 1745 3740 memoriam,

337 3756 469 3837 praelata
491 3755 590 3818 lusuli
617 3755 727 3816 Bornei
751 3754 906 3818 Vicarium
933 3755 1083 3834 apostuli-

336 3867 408 3913 cum
429 3865 502 3912 curn
522 3849 620 3911 solitis
641 3847 761 3912 iuribus
782 3857 814 3910 et
834 3847 1028 3911 facultatibus
1048 3849 1083 3910 orl
1180 3855 1198 3928 ἓ
1223 3853 1249 3913 l.
1276 3852 1365 3926 Cum,
1388 3851 1467 3914 sicut
1499 3851 1601 3913 dilecti
1624 3851 1680 3912 nui
1706 3851 1791 3930 prior
1817 3865 1887 3930 pro·
1925 3867 2054 3928 numanus
2068 3875 2118 3912 aaa·

337 3951 480 4006 nostrum
502 3951 533 4004 et
550 3941 636 4006 Sedis
651 3942 840 4022 apostolicae
855 3941 1084 4020 beneplacitum
1111 3980 1113 4006 a
1141 3945 1280 4008 vinclalis
1301 3951 1332 4006 et
1352 3945 1531 4006 definitores
1556 3943 1733 4023 provinciae
1761 3943 1888 4006 blexica-
1906 3923 2120 4020 ἕὲῗέοῑᾞῗιξὲξζ

336 4037 515 4099 auctoritate
545 4035 707 4114 apostolica
737 4045 846 4097 tenure
874 4037 1084 4114 praesentium
1141 4055 1198 4101 nae
1221 4039 1251 4100 in
1281 4037 1374 4100 lndiis
1405 4037 1651 4107 Occidentalibus
1680 4037 1802 4100 Ordinis
1830 4025 2119 4126 fs³·a¹ii²u¹¹a¹fx'1³3.¹¹⁸f³¹i

337 4130 477 4204 lacimuS,
500 4128 721 4191 constituimus
749 4137 780 4190 et
795 4128 997 4204 declaramus,
1028 4127 1084 4190 sat·
1111 4163 1114 4201 t
1142 4139 1227 4194 trum
1248 4131 1449 4194 eremitarum
1479 4129 1583 4193 Sancti
1609 4131 1777 4207 Augustini
1799 4130 1888 4192 nobis

337 4225 375 4286 vi
395 4231 499 4285 umen
519 4237 643 4300 semper
663 4223 695 4282 in
718 4223 891 4299 praemissis
905 4223 1086 4284 auctoritate
1112 4222 1114 4281 ἱ
1142 4241 1244 4304 nuper
1265 4224 1377 4304 exponi
1393 4225 1545 4299 lecerunt,
1558 4223 1729 4302 capitulum
1744 4223 1889 4300 generale

337 4316 487 4396 praelatae
509 4315 765 4392 Congregatinnis
786 4315 1007 4379 cardinalium.
1113 4369 1114 4383 ,
1142 4319 1214 4384 dicti
1236 4317 1368 4392 Ordinis,
1391 4333 1472 4380 anno
1489 4333 1672 4382 nncnxxxv.
1691 4317 1722 4380 in
1738 4317 1817 4380 alma
1832 4317 1889 4380 Ur-

377 4409 444 4484 §2
470 4408 650 4470 blandantes
665 4415 824 4487 propterea
841 4408 873 4470 in
885 4409 1004 4471 virtute
1017 4424 1086 4470 san·
1113 4468 1114 4479 ,
1142 4413 1179 4474 be
1201 4411 1303 4473 nostrl
1325 4410 1524 4485 celebratum,
1547 4411 1706 4472 senarium
1728 4411 1891 4488 magistru-

337 4500 944 4578 otaeobedientiaeomnibusetsingulis
959 4504 995 4566 ad
1010 4519 1087 4580 quos
1113 4498 1114 4509 ’
1143 4521 1213 4568 rum
1235 4519 1404 4567 numerum
1427 4505 1460 4566 in
1481 4505 1638 4584 provincii
1659 4504 1821 4582 praedicta,
1839 4504 1890 4566 be·

337 4605 451 4677 spectat
478 4603 509 4657 et
534 4593 684 4674 spectabit
710 4595 743 4656 in
766 4594 920 4670 loturam,
942 4603 977 4657 ut
999 4603 1030 4656 tc
1051 4597 1085 4658 ad
1142 4599 1305 4662 bedicentc
1334 4599 1465 4660 Domino
1494 4597 1630 4662 multum
1657 4597 1748 4660 terris
1770 4597 1889 4672 diltust,

338 4689 557 4754 demandatum
580 4689 636 4750 tibi
651 4705 705 4768 per
719 4696 896 4768 praesentes
917 4688 1087 4751 vicariatus
1142 4708 1241 4770 usque
1262 4691 1297 4752 ad
1319 4690 1544 4754 duodenarium
1570 4692 1804 4755 extendendum
1825 4707 1890 4752 esse

339 4783 504 4864 apostolici
525 4782 661 4844 officium
684 4783 829 4861 illiusque
851 4783 984 4845 liberum
999 4799 1088 4844 exer·
1114 4770 1115 4797 ³
1143 4784 1309 4858 censuerit,
1332 4785 1358 4845 si
1380 4792 1483 4846 nostra
1498 4793 1529 4847 et
1545 4785 1638 4846 buius
1654 4783 1783 4847 Sanctae
1805 4783 1890 4846 Sedis

337 4878 445 4940 citium
468 4877 554 4938 iuxta
576 4877 756 4938 earumdem
782 4885 924 4938 tenorem
945 4891 1089 4954 praescn-
1143 4879 1269 4940 lacnltas
1283 4879 1415 4956 desuper
1431 4879 1603 4954 accederet3
1626 4877 1737 4940 similis
1751 4893 1890 4938 verbex-

339 4972 418 5033 tium
451 4971 599 5048 recipiant
628 4979 658 5032 et
690 4969 874 5044 admittant,
908 4970 1026 5050 tibique
1053 4970 1111 5031 in·
1145 4971 1243 5033 tensio
1266 4971 1390 5032 numeri
1421 4971 1644 5048 magistrorum
1671 4986 1727 5048 pro
1753 4969 1891 5032 Pennana

338 5065 482 5126 omnibus
503 5065 538 5124 ad
561 5064 643 5126 idem
665 5062 801 5125 cilicium
822 5063 1031 5141 spectantibus
1045 5063 1087 5124 la·
1114 5114 1116 5123 ,
1143 5072 1174 5126 et
1195 5065 1314 5126 Baetica
1347 5063 1515 5142 provinciis
1536 5065 1676 5127 eiusdem
1697 5062 1834 5138 Ordinis,
1857 5064 1889 5125 iu

339 5163 441 5231 veant,
475 5165 602 5236 pareant
623 5161 654 5218 et
674 5155 815 5217 assistant
843 5156 1031 5234 respective,
1054 5173 1087 5218 ac
1143 5158 1223 5221 dictu
1237 5157 1371 5236 capitulo
1392 5157 1529 5233 generali
1544 5157 1660 5232 lacta,a
1678 5157 1775 5219 leliois
1790 5171 1891 5218 recor-

340 5259 389 5312 tua
410 5249 542 5312 salubria
568 5248 685 5311 monita
707 5259 738 5310 et
758 5250 899 5310 mandata
925 5249 1088 5310 humiliter
1143 5250 1274 5312 dationis
1297 5250 1476 5312 innocentio
1499 5251 1549 5312 lll.
1572 5257 1602 5312 et
1620 5250 1795 5312 Alexandro
1811 5249 1889 5312 lllll.

338 5344 503 5422 suscipiant
515 5351 545 5404 et
557 5342 720 5404 cllicaciter
730 5342 897 5420 adimplere
906 5350 1084 5422 procurent:
1143 5343 1291 5405 Romanis
1313 5343 1512 5406 Pontificibus
1531 5343 1815 5423 praedecessoribus
1836 5359 1891 5404 no·
1975 5415 1979 5422 ¹

338 5436 674 5516 alioquinsententiam
689 5435 757 5496 sive
771 5451 903 5514 poenam
919 5451 1012 5515 quarn
1027 5436 1087 5496 rite
1142 5438 1226 5511 stris,
1252 5453 1307 5516 per
1321 5435 1468 5514 quasdam
1493 5452 1602 5500 eorum
1624 5435 1655 5498 in
1675 5436 1770 5498 simili
1791 5435 1890 5497 lornvai

341 5529 447 5592 tuleris
468 5545 523 5591 seu
545 5527 687 5591 statueris
709 5529 740 5590 in
763 5527 905 5602 rebelles,
922 5537 1019 5590 ratam
1034 5528 1086 5588 ba·
1144 5531 1250 5592 Brevis
1275 5530 1394 5592 litteras
1419 5531 1467 5592 die
1490 5545 1571 5591 xxn.
1590 5531 1649 5591 ian.
1669 5546 1890 5592 nncrmxxvnv.

341 5623 480 5686 bebimus
501 5631 531 5684 et
553 5623 699 5684 iaciemus
727 5629 852 5684 anctore
884 5622 1016 5683 Domino
1037 5639 1088 5686 us-
1144 5632 1174 5686 et
1196 5623 1245 5684 dic
1268 5638 1334 5684 xxi.
1355 5624 1485 5686 ianuarii
1507 5641 1627 5686 xncxc.
1647 5625 1819 5702 respective
1840 5639 1891 5684 ex-

338 5733 399 5794 que
413 5719 448 5778 ad
459 5716 697 5778 satisfactionem
719 5717 906 5792 condignam
928 5715 1087 5778 inviolabi·
1144 5717 1271 5796 perlitas,
1287 5717 1449 5795 approlnnta
1465 5727 1495 5780 ct
1510 5719 1691 5780 confirmata
1707 5717 1819 5778 luerit:
1837 5733 1891 5778 no-

340 5819 387 5872 ter
408 5810 578 5872 observari.
1114 5858 1117 5883 ,
1143 5811 1188 5872 bis
1203 5819 1365 5890 propterea
1380 5819 1570 5890 exponentes
1588 5810 1714 5888 praelati
1729 5809 1892 5872 humiliter

986 5951 1186 5959 ..fian-...n-
1200 5951 1305 5958 m
1319 5951 1378 5958 ...-

380 6027 410 6083 (1)
426 6029 463 6073 ux
476 6028 581 6084 Rogest.
597 6025 624 6072 in
640 6025 715 6072 arch.
731 6029 804 6071 Brea.
