<?xml version="1.0" encoding="UTF-8"?>
<!DOCTYPE html PUBLIC "-//W3C//DTD XHTML 1.0 Transitional//EN"
    "http://www.w3.org/TR/xhtml1/DTD/xhtml1-transitional.dtd">
<html xmlns="http://www.w3.org/1999/xhtml" xml:lang="en" lang="en">
 <head>
  <title>
</title>
<meta http-equiv="Content-Type" content="text/html;charset=utf-8" />
  <meta name='ocr-system' content='tesseract 3.04.00' />
  <meta name='ocr-capabilities' content='ocr_page ocr_carea ocr_par ocr_line ocrx_word'/>
</head>
<body>
  <div class='ocr_page' id='page_1' title='image "./iurispontificii04martgoog_0245.png"; bbox 0 0 4878 6982; ppageno 0'>
   <div class='ocr_carea' id='block_1_1' title="bbox 20 9 300 212">
    <p class='ocr_par' dir='ltr' id='par_1_1' title="bbox 20 9 300 212">
     <span class='ocr_line' id='line_1_1' title="bbox 20 9 300 212; baseline -0.007 -1"><span class='ocrx_word' id='word_1_1' title='bbox 20 9 300 212; x_wconf 68' lang='grc' dir='ltr'><strong>Ἴ</strong></span> 
     </span>
    </p>
   </div>
   <div class='ocr_carea' id='block_1_2' title="bbox 118 581 312 638">
    <p class='ocr_par' dir='ltr' id='par_1_2' title="bbox 118 581 312 638">
     <span class='ocr_line' id='line_1_2' title="bbox 118 581 312 638; baseline 0.015 -5"><span class='ocrx_word' id='word_1_2' title='bbox 118 581 173 634; x_wconf 76' lang='lat' dir='ltr'>An.</span> <span class='ocrx_word' id='word_1_3' title='bbox 189 581 221 636; x_wconf 80' lang='grc'>0.</span> <span class='ocrx_word' id='word_1_4' title='bbox 244 583 312 638; x_wconf 82' lang='grc'>1704</span> 
     </span>
    </p>
   </div>
   <div class='ocr_carea' id='block_1_3' title="bbox 105 3043 319 3410">
    <p class='ocr_par' dir='ltr' id='par_1_3' title="bbox 105 3043 319 3410">
     <span class='ocr_line' id='line_1_3' title="bbox 129 3043 318 3091; baseline 0.011 -3"><span class='ocrx_word' id='word_1_5' title='bbox 129 3043 170 3089; x_wconf 85' lang='lat' dir='ltr'>Lis</span> <span class='ocrx_word' id='word_1_6' title='bbox 191 3044 263 3091; x_wconf 83' lang='lat' dir='ltr'>inter</span> <span class='ocrx_word' id='word_1_7' title='bbox 282 3055 318 3090; x_wconf 87' lang='lat' dir='ltr'>re·</span> 
     </span>
     <span class='ocr_line' id='line_1_4' title="bbox 106 3096 317 3158; baseline 0.019 -18"><span class='ocrx_word' id='word_1_8' title='bbox 106 3096 208 3158; x_wconf 82' lang='lat' dir='ltr'>ligiosos</span> <span class='ocrx_word' id='word_1_9' title='bbox 230 3101 257 3144; x_wconf 87' lang='lat' dir='ltr'>et</span> <span class='ocrx_word' id='word_1_10' title='bbox 273 3101 317 3144; x_wconf 87' lang='lat' dir='ltr'>Or·</span> 
     </span>
     <span class='ocr_line' id='line_1_5' title="bbox 105 3149 319 3212; baseline 0.014 -18"><span class='ocrx_word' id='word_1_11' title='bbox 105 3149 218 3212; x_wconf 79' lang='lat' dir='ltr'>dinarios</span> <span class='ocrx_word' id='word_1_12' title='bbox 241 3151 319 3198; x_wconf 87' lang='lat' dir='ltr'>dicta·</span> 
     </span>
     <span class='ocr_line' id='line_1_6' title="bbox 105 3205 318 3265; baseline 0.009 -17"><span class='ocrx_word' id='word_1_13' title='bbox 105 3205 318 3265; x_wconf 85' lang='lat' dir='ltr'>rnmrnsulurum</span> 
     </span>
     <span class='ocr_line' id='line_1_7' title="bbox 106 3255 319 3304; baseline 0.005 -3"><span class='ocrx_word' id='word_1_14' title='bbox 106 3255 133 3302; x_wconf 89' lang='lat' dir='ltr'>de</span> <span class='ocrx_word' id='word_1_15' title='bbox 165 3257 319 3304; x_wconf 84' lang='lat' dir='ltr'>visitatione</span> 
     </span>
     <span class='ocr_line' id='line_1_8' title="bbox 106 3309 319 3372; baseline 0.019 -19"><span class='ocrx_word' id='word_1_16' title='bbox 106 3309 319 3372; x_wconf 71' lang='lat' dir='ltr'>ecclosiarnmpa·</span> 
     </span>
     <span class='ocr_line' id='line_1_9' title="bbox 106 3363 268 3410; baseline 0.012 -2"><span class='ocrx_word' id='word_1_17' title='bbox 106 3363 268 3410; x_wconf 88' lang='lat' dir='ltr'>rochralium.</span> 
     </span>
    </p>
   </div>
   <div class='ocr_carea' id='block_1_4' title="bbox 1013 594 1219 642">
    <p class='ocr_par' dir='ltr' id='par_1_4' title="bbox 1013 594 1219 642">
     <span class='ocr_line' id='line_1_10' title="bbox 1013 594 1219 642; baseline 0.01 -2"><span class='ocrx_word' id='word_1_18' title='bbox 1013 594 1153 642; x_wconf 69' lang='lat' dir='ltr'>causus</span> <span class='ocrx_word' id='word_1_19' title='bbox 1175 596 1219 642; x_wconf 84' lang='lat' dir='ltr'>lli.</span> 
     </span>
    </p>
   </div>
   <div class='ocr_carea' id='block_1_5' title="bbox 337 713 1087 1986">
    <p class='ocr_par' dir='ltr' id='par_1_5' title="bbox 337 713 1087 1626">
     <span class='ocr_line' id='line_1_11' title="bbox 341 713 1087 792; baseline -0.007 -12"><span class='ocrx_word' id='word_1_20' title='bbox 341 717 411 792; x_wconf 91' lang='lat' dir='ltr'>tuti,</span> <span class='ocrx_word' id='word_1_21' title='bbox 432 716 527 780; x_wconf 92' lang='lat' dir='ltr'>etiam</span> <span class='ocrx_word' id='word_1_22' title='bbox 549 715 708 780; x_wconf 87' lang='lat' dir='ltr'>Societatis</span> <span class='ocrx_word' id='word_1_23' title='bbox 729 716 809 790; x_wconf 85' lang='lat' dir='ltr'>lesu,</span> <span class='ocrx_word' id='word_1_24' title='bbox 826 729 949 776; x_wconf 84' lang='lat' dir='ltr'>necnon</span> <span class='ocrx_word' id='word_1_25' title='bbox 964 713 1002 776; x_wconf 91' lang='lat' dir='ltr'>ab</span> <span class='ocrx_word' id='word_1_26' title='bbox 1016 713 1087 776; x_wconf 89' lang='lat' dir='ltr'>uni·</span> 
     </span>
     <span class='ocr_line' id='line_1_12' title="bbox 340 806 1083 883; baseline -0.004 -12"><span class='ocrx_word' id='word_1_27' title='bbox 340 809 437 872; x_wconf 88' lang='lat' dir='ltr'>versis</span> <span class='ocrx_word' id='word_1_28' title='bbox 457 807 708 871; x_wconf 84' lang='lat' dir='ltr'>christifidelibus</span> <span class='ocrx_word' id='word_1_29' title='bbox 736 806 915 870; x_wconf 86' lang='lat' dir='ltr'>earumdem</span> <span class='ocrx_word' id='word_1_30' title='bbox 937 807 1083 883; x_wconf 90' lang='lat' dir='ltr'>partium,</span> 
     </span>
     <span class='ocr_line' id='line_1_13' title="bbox 337 898 1086 980; baseline -0.005 -16"><span class='ocrx_word' id='word_1_31' title='bbox 337 903 396 964; x_wconf 94' lang='lat' dir='ltr'>sub</span> <span class='ocrx_word' id='word_1_32' title='bbox 415 902 522 980; x_wconf 91' lang='lat' dir='ltr'>poenis</span> <span class='ocrx_word' id='word_1_33' title='bbox 543 899 708 975; x_wconf 92' lang='lat' dir='ltr'>canonicis,</span> <span class='ocrx_word' id='word_1_34' title='bbox 730 915 790 977; x_wconf 91' lang='lat' dir='ltr'>qua</span> <span class='ocrx_word' id='word_1_35' title='bbox 811 899 898 962; x_wconf 90' lang='lat' dir='ltr'>decet</span> <span class='ocrx_word' id='word_1_36' title='bbox 913 898 1086 962; x_wconf 85' lang='lat' dir='ltr'>obedientia</span> 
     </span>
     <span class='ocr_line' id='line_1_14' title="bbox 338 992 1084 1071; baseline 0 -17"><span class='ocrx_word' id='word_1_37' title='bbox 338 994 494 1057; x_wconf 82' lang='lat' dir='ltr'>observari</span> <span class='ocrx_word' id='word_1_38' title='bbox 507 1000 620 1056; x_wconf 90' lang='lat' dir='ltr'>curent</span> <span class='ocrx_word' id='word_1_39' title='bbox 634 999 665 1054; x_wconf 90' lang='lat' dir='ltr'>et</span> <span class='ocrx_word' id='word_1_40' title='bbox 678 992 807 1068; x_wconf 87' lang='lat' dir='ltr'>iaciant;</span> <span class='ocrx_word' id='word_1_41' title='bbox 823 993 970 1071; x_wconf 83' lang='lat' dir='ltr'>suspensi</span> <span class='ocrx_word' id='word_1_42' title='bbox 981 999 1084 1054; x_wconf 90' lang='lat' dir='ltr'>tamen</span> 
     </span>
     <span class='ocr_line' id='line_1_15' title="bbox 338 1084 1085 1160; baseline -0.003 -12"><span class='ocrx_word' id='word_1_43' title='bbox 338 1085 468 1160; x_wconf 87' lang='lat' dir='ltr'>interea,</span> <span class='ocrx_word' id='word_1_44' title='bbox 485 1086 575 1148; x_wconf 90' lang='lat' dir='ltr'>iustis</span> <span class='ocrx_word' id='word_1_45' title='bbox 594 1091 625 1148; x_wconf 90' lang='lat' dir='ltr'>et</span> <span class='ocrx_word' id='word_1_46' title='bbox 641 1084 840 1148; x_wconf 77' lang='lat' dir='ltr'>rationalibus</span> <span class='ocrx_word' id='word_1_47' title='bbox 855 1101 894 1146; x_wconf 85' lang='lat' dir='ltr'>ex</span> <span class='ocrx_word' id='word_1_48' title='bbox 909 1086 1006 1146; x_wconf 89' lang='lat' dir='ltr'>causis</span> <span class='ocrx_word' id='word_1_49' title='bbox 1020 1085 1085 1146; x_wconf 93' lang='lat' dir='ltr'>ani-</span> 
     </span>
     <span class='ocr_line' id='line_1_16' title="bbox 337 1176 1087 1251; baseline -0.004 -10"><span class='ocrx_word' id='word_1_50' title='bbox 337 1195 424 1242; x_wconf 91' lang='lat' dir='ltr'>mum</span> <span class='ocrx_word' id='word_1_51' title='bbox 446 1177 621 1242; x_wconf 78' lang='lat' dir='ltr'>sanctitatis</span> <span class='ocrx_word' id='word_1_52' title='bbox 640 1177 720 1241; x_wconf 91' lang='lat' dir='ltr'>Suae</span> <span class='ocrx_word' id='word_1_53' title='bbox 734 1176 945 1251; x_wconf 90' lang='lat' dir='ltr'>moventibus,</span> <span class='ocrx_word' id='word_1_54' title='bbox 961 1193 1087 1240; x_wconf 90' lang='lat' dir='ltr'>eorum·</span> 
     </span>
     <span class='ocr_line' id='line_1_17' title="bbox 337 1269 1085 1351; baseline -0.004 -17"><span class='ocrx_word' id='word_1_55' title='bbox 337 1273 410 1335; x_wconf 87' lang='lat' dir='ltr'>dem</span> <span class='ocrx_word' id='word_1_56' title='bbox 429 1285 650 1351; x_wconf 80' lang='lat' dir='ltr'>responsorum</span> <span class='ocrx_word' id='word_1_57' title='bbox 671 1269 890 1348; x_wconf 81' lang='lat' dir='ltr'>publicatione,</span> <span class='ocrx_word' id='word_1_58' title='bbox 905 1285 961 1332; x_wconf 89' lang='lat' dir='ltr'>seu</span> <span class='ocrx_word' id='word_1_59' title='bbox 976 1269 1085 1348; x_wconf 92' lang='lat' dir='ltr'>quavis</span> 
     </span>
     <span class='ocr_line' id='line_1_18' title="bbox 338 1361 1085 1442; baseline -0.003 -16"><span class='ocrx_word' id='word_1_60' title='bbox 338 1363 552 1442; x_wconf 90' lang='lat' dir='ltr'>evulgatione,</span> <span class='ocrx_word' id='word_1_61' title='bbox 582 1371 644 1424; x_wconf 91' lang='lat' dir='ltr'>tam</span> <span class='ocrx_word' id='word_1_62' title='bbox 671 1363 705 1423; x_wconf 93' lang='lat' dir='ltr'>in</span> <span class='ocrx_word' id='word_1_63' title='bbox 734 1361 816 1424; x_wconf 90' lang='lat' dir='ltr'>Urbe</span> <span class='ocrx_word' id='word_1_64' title='bbox 844 1377 938 1440; x_wconf 91' lang='lat' dir='ltr'>quam</span> <span class='ocrx_word' id='word_1_65' title='bbox 958 1361 992 1424; x_wconf 92' lang='lat' dir='ltr'>in</span> <span class='ocrx_word' id='word_1_66' title='bbox 1018 1362 1085 1424; x_wconf 87' lang='lat' dir='ltr'>aliis</span> 
     </span>
     <span class='ocr_line' id='line_1_19' title="bbox 338 1454 1085 1536; baseline -0.007 -16"><span class='ocrx_word' id='word_1_67' title='bbox 338 1457 479 1536; x_wconf 81' lang='lat' dir='ltr'>Europae</span> <span class='ocrx_word' id='word_1_68' title='bbox 504 1456 653 1534; x_wconf 93' lang='lat' dir='ltr'>partibus.</span> <span class='ocrx_word' id='word_1_69' title='bbox 676 1455 712 1518; x_wconf 93' lang='lat' dir='ltr'>ln</span> <span class='ocrx_word' id='word_1_70' title='bbox 734 1455 927 1518; x_wconf 88' lang='lat' dir='ltr'>contrarium</span> <span class='ocrx_word' id='word_1_71' title='bbox 947 1454 1085 1518; x_wconf 90' lang='lat' dir='ltr'>iacienti-</span> 
     </span>
     <span class='ocr_line' id='line_1_20' title="bbox 338 1548 971 1626; baseline -0.008 -14"><span class='ocrx_word' id='word_1_72' title='bbox 338 1551 395 1614; x_wconf 90' lang='lat' dir='ltr'>bus</span> <span class='ocrx_word' id='word_1_73' title='bbox 416 1565 480 1612; x_wconf 92' lang='lat' dir='ltr'>non</span> <span class='ocrx_word' id='word_1_74' title='bbox 501 1548 693 1610; x_wconf 85' lang='lat' dir='ltr'>obstantibus</span> <span class='ocrx_word' id='word_1_75' title='bbox 714 1548 971 1626; x_wconf 91' lang='lat' dir='ltr'>quibuscumque.</span> 
     </span>
    </p>

    <p class='ocr_par' dir='ltr' id='par_1_6' title="bbox 338 1639 1085 1814">
     <span class='ocr_line' id='line_1_21' title="bbox 380 1639 1085 1706; baseline 0 -2"><span class='ocrx_word' id='word_1_76' title='bbox 380 1644 491 1706; x_wconf 80' lang='lat' dir='ltr'>losmu</span> <span class='ocrx_word' id='word_1_77' title='bbox 518 1642 687 1704; x_wconf 83' lang='lat' dir='ltr'>anrocus</span> <span class='ocrx_word' id='word_1_78' title='bbox 714 1640 843 1704; x_wconf 80' lang='lat' dir='ltr'>Sanctae</span> <span class='ocrx_word' id='word_1_79' title='bbox 869 1639 1026 1702; x_wconf 85' lang='lat' dir='ltr'>Romanae</span> <span class='ocrx_word' id='word_1_80' title='bbox 1053 1647 1085 1704; x_wconf 89' lang='lat' dir='ltr'>et</span> 
     </span>
     <span class='ocr_line' id='line_1_22' title="bbox 338 1733 924 1814; baseline -0.012 -15"><span class='ocrx_word' id='word_1_81' title='bbox 338 1736 522 1800; x_wconf 89' lang='lat' dir='ltr'>universalis</span> <span class='ocrx_word' id='word_1_82' title='bbox 544 1733 751 1814; x_wconf 88' lang='lat' dir='ltr'>inquisitionis</span> <span class='ocrx_word' id='word_1_83' title='bbox 774 1733 924 1796; x_wconf 91' lang='lat' dir='ltr'>notarius.</span> 
     </span>
    </p>

    <p class='ocr_par' dir='ltr' id='par_1_7' title="bbox 338 1825 1083 1986">
     <span class='ocr_line' id='line_1_23' title="bbox 378 1825 1083 1906; baseline -0.003 -14"><span class='ocrx_word' id='word_1_84' title='bbox 378 1831 491 1892; x_wconf 86' lang='lat' dir='ltr'>Datum</span> <span class='ocrx_word' id='word_1_85' title='bbox 510 1828 560 1891; x_wconf 87' lang='lat' dir='ltr'>die</span> <span class='ocrx_word' id='word_1_86' title='bbox 580 1841 634 1888; x_wconf 87' lang='lat' dir='ltr'>xx.</span> <span class='ocrx_word' id='word_1_87' title='bbox 652 1825 830 1890; x_wconf 90' lang='lat' dir='ltr'>novembris</span> <span class='ocrx_word' id='word_1_88' title='bbox 846 1842 991 1902; x_wconf 78' lang='lat' dir='ltr'>vincern,</span> <span class='ocrx_word' id='word_1_89' title='bbox 1007 1843 1083 1906; x_wconf 93' lang='lat' dir='ltr'>pon·</span> 
     </span>
     <span class='ocr_line' id='line_1_24' title="bbox 338 1923 553 1986; baseline -0.019 -2"><span class='ocrx_word' id='word_1_90' title='bbox 338 1923 384 1985; x_wconf 91' lang='lat' dir='ltr'>tii.</span> <span class='ocrx_word' id='word_1_91' title='bbox 408 1937 490 1986; x_wconf 91' lang='lat' dir='ltr'>anno</span> <span class='ocrx_word' id='word_1_92' title='bbox 512 1937 553 1982; x_wconf 90' lang='lat' dir='ltr'>vv.</span> 
     </span>
    </p>
   </div>
   <div class='ocr_carea' id='block_1_6' title="bbox 672 2204 754 2268">
    <p class='ocr_par' dir='ltr' id='par_1_8' title="bbox 672 2204 754 2268">
     <span class='ocr_line' id='line_1_25' title="bbox 672 2204 754 2268; baseline -0.024 0"><span class='ocrx_word' id='word_1_93' title='bbox 672 2204 754 2268; x_wconf 81' lang='lat' dir='ltr'>XVI.</span> 
     </span>
    </p>
   </div>
   <div class='ocr_carea' id='block_1_7' title="bbox 338 2391 1085 2659">
    <p class='ocr_par' dir='ltr' id='par_1_9' title="bbox 338 2391 1085 2659">
     <span class='ocr_line' id='line_1_26' title="bbox 338 2391 1085 2470; baseline -0.008 -12"><span class='ocrx_word' id='word_1_94' title='bbox 338 2395 503 2467; x_wconf 72' lang='lat' dir='ltr'>declarat,</span> <span class='ocrx_word' id='word_1_95' title='bbox 536 2395 588 2457; x_wconf 80' lang='lat' dir='ltr'>ies</span> <span class='ocrx_word' id='word_1_96' title='bbox 620 2393 779 2456; x_wconf 82' lang='lat' dir='ltr'>visitandi</span> <span class='ocrx_word' id='word_1_97' title='bbox 809 2391 1009 2470; x_wconf 81' lang='lat' dir='ltr'>parochiales</span> <span class='ocrx_word' id='word_1_98' title='bbox 1037 2407 1085 2452; x_wconf 83' lang='lat' dir='ltr'>ec·</span> 
     </span>
     <span class='ocr_line' id='line_1_27' title="bbox 377 2485 1084 2566; baseline -0.004 -17"><span class='ocrx_word' id='word_1_99' title='bbox 377 2489 489 2550; x_wconf 77' lang='lat' dir='ltr'>clenica</span> <span class='ocrx_word' id='word_1_100' title='bbox 511 2487 714 2566; x_wconf 74' lang='lat' dir='ltr'>regularium</span> <span class='ocrx_word' id='word_1_101' title='bbox 736 2487 771 2548; x_wconf 85' lang='lat' dir='ltr'>in</span> <span class='ocrx_word' id='word_1_102' title='bbox 792 2487 912 2548; x_wconf 78' lang='lat' dir='ltr'>taceatis</span> <span class='ocrx_word' id='word_1_103' title='bbox 927 2485 1084 2561; x_wconf 84' lang='lat' dir='ltr'>Philippi·</span> 
     </span>
     <span class='ocr_line' id='line_1_28' title="bbox 376 2576 1081 2659; baseline -0.01 -15"><span class='ocrx_word' id='word_1_104' title='bbox 376 2582 429 2644; x_wconf 84' lang='lat' dir='ltr'>aia</span> <span class='ocrx_word' id='word_1_105' title='bbox 450 2587 622 2659; x_wconf 86' lang='lat' dir='ltr'>competere</span> <span class='ocrx_word' id='word_1_106' title='bbox 649 2581 791 2642; x_wconf 86' lang='lat' dir='ltr'>locorum</span> <span class='ocrx_word' id='word_1_107' title='bbox 817 2578 1004 2642; x_wconf 81' lang='lat' dir='ltr'>ordinariis</span> <span class='ocrx_word' id='word_1_108' title='bbox 1025 2576 1081 2658; x_wconf 81' lang='lat' dir='ltr'>(i).</span> 
     </span>
    </p>
   </div>
   <div class='ocr_carea' id='block_1_8' title="bbox 477 2747 941 2940">
    <p class='ocr_par' dir='ltr' id='par_1_10' title="bbox 477 2747 941 2940">
     <span class='ocr_line' id='line_1_29' title="bbox 547 2747 880 2818; baseline 0 -2"><span class='ocrx_word' id='word_1_109' title='bbox 547 2747 732 2818; x_wconf 68' lang='lat' dir='ltr'>utibilis</span> <span class='ocrx_word' id='word_1_110' title='bbox 755 2749 815 2816; x_wconf 90' lang='grc' dir='ltr'>ΡΡ.</span> <span class='ocrx_word' id='word_1_111' title='bbox 836 2748 880 2816; x_wconf 85' lang='lat' dir='ltr'>ill.</span> 
     </span>
     <span class='ocr_line' id='line_1_30' title="bbox 477 2870 941 2940; baseline -0.009 -1"><span class='ocrx_word' id='word_1_112' title='bbox 477 2870 941 2940; x_wconf 63' lang='lat' dir='ltr'>mmmmmmm</span> 
     </span>
    </p>
   </div>
   <div class='ocr_carea' id='block_1_9' title="bbox 334 3047 1085 3780">
    <p class='ocr_par' dir='ltr' id='par_1_11' title="bbox 334 3047 1085 3780">
     <span class='ocr_line' id='line_1_31' title="bbox 376 3047 1084 3124; baseline -0.004 -15"><span class='ocrx_word' id='word_1_113' title='bbox 376 3049 446 3124; x_wconf 73' lang='lat'>51.</span> <span class='ocrx_word' id='word_1_114' title='bbox 469 3048 561 3124; x_wconf 84' lang='lat' dir='ltr'>Cum,</span> <span class='ocrx_word' id='word_1_115' title='bbox 582 3049 663 3111; x_wconf 93' lang='lat' dir='ltr'>sicut</span> <span class='ocrx_word' id='word_1_116' title='bbox 694 3047 878 3110; x_wconf 89' lang='lat' dir='ltr'>venerabilis</span> <span class='ocrx_word' id='word_1_117' title='bbox 904 3047 999 3108; x_wconf 87' lang='lat' dir='ltr'>irater</span> <span class='ocrx_word' id='word_1_118' title='bbox 1019 3059 1084 3106; x_wconf 91' lang='lat' dir='ltr'>mo·</span> 
     </span>
     <span class='ocr_line' id='line_1_32' title="bbox 335 3137 1085 3220; baseline -0.008 -16"><span class='ocrx_word' id='word_1_119' title='bbox 335 3141 452 3204; x_wconf 88' lang='lat' dir='ltr'>demus</span> <span class='ocrx_word' id='word_1_120' title='bbox 472 3141 726 3220; x_wconf 67' lang='lat' dir='ltr'>archiepiscopus</span> <span class='ocrx_word' id='word_1_121' title='bbox 756 3139 976 3202; x_wconf 86' lang='lat' dir='ltr'>illanilanensis</span> <span class='ocrx_word' id='word_1_122' title='bbox 998 3137 1085 3200; x_wconf 89' lang='lat' dir='ltr'>nobis</span> 
     </span>
     <span class='ocr_line' id='line_1_33' title="bbox 336 3229 1084 3312; baseline -0.004 -17"><span class='ocrx_word' id='word_1_123' title='bbox 336 3251 438 3312; x_wconf 81' lang='lat' dir='ltr'>nuper</span> <span class='ocrx_word' id='word_1_124' title='bbox 459 3236 570 3312; x_wconf 87' lang='lat' dir='ltr'>exponi</span> <span class='ocrx_word' id='word_1_125' title='bbox 592 3234 676 3308; x_wconf 89' lang='lat' dir='ltr'>lecit,</span> <span class='ocrx_word' id='word_1_126' title='bbox 699 3233 802 3296; x_wconf 92' lang='lat' dir='ltr'>dilecti</span> <span class='ocrx_word' id='word_1_127' title='bbox 824 3233 878 3294; x_wconf 80' lang='lat' dir='ltr'>salii</span> <span class='ocrx_word' id='word_1_128' title='bbox 901 3232 1009 3294; x_wconf 88' lang='lat' dir='ltr'>iratres</span> <span class='ocrx_word' id='word_1_129' title='bbox 1030 3229 1084 3294; x_wconf 85' lang='lat' dir='ltr'>Or·</span> 
     </span>
     <span class='ocr_line' id='line_1_34' title="bbox 336 3325 1084 3404; baseline -0.008 -14"><span class='ocrx_word' id='word_1_130' title='bbox 336 3329 448 3390; x_wconf 91' lang='lat' dir='ltr'>diuum</span> <span class='ocrx_word' id='word_1_131' title='bbox 469 3327 728 3404; x_wconf 76' lang='lat' dir='ltr'>praedicatorum,</span> <span class='ocrx_word' id='word_1_132' title='bbox 751 3327 908 3388; x_wconf 86' lang='lat' dir='ltr'>ilinorum</span> <span class='ocrx_word' id='word_1_133' title='bbox 935 3325 965 3388; x_wconf 82' lang='lat' dir='ltr'>S·</span> <span class='ocrx_word' id='word_1_134' title='bbox 989 3325 1084 3386; x_wconf 82' lang='lat' dir='ltr'>Fran·</span> 
     </span>
     <span class='ocr_line' id='line_1_35' title="bbox 334 3419 1084 3499; baseline -0.003 -17"><span class='ocrx_word' id='word_1_135' title='bbox 334 3421 405 3483; x_wconf 90' lang='lat' dir='ltr'>cisci</span> <span class='ocrx_word' id='word_1_136' title='bbox 437 3419 474 3481; x_wconf 91' lang='lat' dir='ltr'>de</span> <span class='ocrx_word' id='word_1_137' title='bbox 504 3419 706 3483; x_wconf 79' lang='lat' dir='ltr'>Obseruantia</span> <span class='ocrx_word' id='word_1_138' title='bbox 741 3427 1014 3499; x_wconf 84' lang='lat' dir='ltr'>nuncupatorum,</span> <span class='ocrx_word' id='word_1_139' title='bbox 1051 3435 1084 3481; x_wconf 93' lang='lat' dir='ltr'>ac</span> 
     </span>
     <span class='ocr_line' id='line_1_36' title="bbox 336 3513 1084 3590; baseline -0.003 -14"><span class='ocrx_word' id='word_1_140' title='bbox 336 3513 548 3576; x_wconf 86' lang='lat' dir='ltr'>Eremitarnm</span> <span class='ocrx_word' id='word_1_141' title='bbox 569 3513 601 3578; x_wconf 87' lang='lat' dir='ltr'>S.</span> <span class='ocrx_word' id='word_1_142' title='bbox 624 3513 802 3590; x_wconf 77' lang='lat' dir='ltr'>Augustini,</span> <span class='ocrx_word' id='word_1_143' title='bbox 836 3529 958 3576; x_wconf 91' lang='lat' dir='ltr'>necnon</span> <span class='ocrx_word' id='word_1_144' title='bbox 981 3513 1084 3575; x_wconf 90' lang='lat' dir='ltr'>clerici</span> 
     </span>
     <span class='ocr_line' id='line_1_37' title="bbox 335 3602 1085 3684; baseline 0 -16"><span class='ocrx_word' id='word_1_145' title='bbox 335 3621 390 3668; x_wconf 92' lang='lat' dir='ltr'>seu</span> <span class='ocrx_word' id='word_1_146' title='bbox 412 3602 583 3684; x_wconf 75' lang='lat' dir='ltr'>presbyteri</span> <span class='ocrx_word' id='word_1_147' title='bbox 604 3607 761 3683; x_wconf 78' lang='lat' dir='ltr'>regulares</span> <span class='ocrx_word' id='word_1_148' title='bbox 777 3606 938 3669; x_wconf 88' lang='lat' dir='ltr'>Societatis</span> <span class='ocrx_word' id='word_1_149' title='bbox 953 3607 1020 3669; x_wconf 91' lang='lat' dir='ltr'>lesu</span> <span class='ocrx_word' id='word_1_150' title='bbox 1036 3623 1085 3668; x_wconf 89' lang='lat' dir='ltr'>er-</span> 
     </span>
     <span class='ocr_line' id='line_1_38' title="bbox 336 3699 1084 3780; baseline 0.004 -20"><span class='ocrx_word' id='word_1_151' title='bbox 336 3699 488 3762; x_wconf 88' lang='lat' dir='ltr'>dinariam</span> <span class='ocrx_word' id='word_1_152' title='bbox 518 3700 729 3762; x_wconf 89' lang='lat' dir='ltr'>visitationem</span> <span class='ocrx_word' id='word_1_153' title='bbox 760 3701 794 3762; x_wconf 92' lang='lat' dir='ltr'>in</span> <span class='ocrx_word' id='word_1_154' title='bbox 822 3701 1028 3780; x_wconf 78' lang='lat' dir='ltr'>septingentis</span> <span class='ocrx_word' id='word_1_155' title='bbox 1053 3707 1084 3763; x_wconf 91' lang='lat' dir='ltr'>et</span> 
     </span>
    </p>
   </div>
   <div class='ocr_carea' id='block_1_10' title="bbox 319 3783 1084 3871">
    <p class='ocr_par' dir='ltr' id='par_1_12' title="bbox 319 3783 1084 3871">
     <span class='ocr_line' id='line_1_39' title="bbox 319 3783 1084 3871; baseline -0.003 -15"><span class='ocrx_word' id='word_1_156' title='bbox 319 3783 467 3871; x_wconf 76' lang='lat' dir='ltr'>&#39;amptius</span> <span class='ocrx_word' id='word_1_157' title='bbox 488 3791 712 3870; x_wconf 86' lang='lat' dir='ltr'>parochialibus</span> <span class='ocrx_word' id='word_1_158' title='bbox 733 3791 879 3868; x_wconf 92' lang='lat' dir='ltr'>ecclesiis,</span> <span class='ocrx_word' id='word_1_159' title='bbox 897 3808 964 3868; x_wconf 90' lang='lat' dir='ltr'>seu,</span> <span class='ocrx_word' id='word_1_160' title='bbox 982 3801 1084 3855; x_wconf 79' lang='lat' dir='ltr'>utve</span> 
     </span>
    </p>
   </div>
   <div class='ocr_carea' id='block_1_11' title="bbox 106 5011 315 5112">
    <p class='ocr_par' dir='ltr' id='par_1_13' title="bbox 106 5011 315 5112">
     <span class='ocr_line' id='line_1_40' title="bbox 154 5011 315 5062; baseline 0.031 -5"><span class='ocrx_word' id='word_1_161' title='bbox 154 5011 271 5060; x_wconf 86' lang='lat' dir='ltr'>beclarat</span> <span class='ocrx_word' id='word_1_162' title='bbox 285 5019 315 5062; x_wconf 89' lang='lat' dir='ltr'>ut</span> 
     </span>
     <span class='ocr_line' id='line_1_41' title="bbox 106 5065 254 5112; baseline 0 -2"><span class='ocrx_word' id='word_1_163' title='bbox 106 5065 130 5110; x_wconf 93' lang='lat' dir='ltr'>in</span> <span class='ocrx_word' id='word_1_164' title='bbox 144 5065 254 5112; x_wconf 80' lang='lat' dir='ltr'>cubrici.</span> 
     </span>
    </p>
   </div>
   <div class='ocr_carea' id='block_1_12' title="bbox 332 3883 1086 5636">
    <p class='ocr_par' dir='ltr' id='par_1_14' title="bbox 332 3883 1086 5636">
     <span class='ocr_line' id='line_1_42' title="bbox 335 3883 1086 3962; baseline -0.003 -14"><span class='ocrx_word' id='word_1_165' title='bbox 335 3893 421 3960; x_wconf 87' lang='lat' dir='ltr'>cant,</span> <span class='ocrx_word' id='word_1_166' title='bbox 453 3883 618 3958; x_wconf 89' lang='lat' dir='ltr'>doctrinis,</span> <span class='ocrx_word' id='word_1_167' title='bbox 650 3899 726 3962; x_wconf 93' lang='lat' dir='ltr'>quas</span> <span class='ocrx_word' id='word_1_168' title='bbox 753 3885 786 3945; x_wconf 95' lang='lat' dir='ltr'>in</span> <span class='ocrx_word' id='word_1_169' title='bbox 807 3885 939 3948; x_wconf 88' lang='lat' dir='ltr'>dioecesi</span> <span class='ocrx_word' id='word_1_170' title='bbox 960 3884 1086 3947; x_wconf 90' lang='lat' dir='ltr'>llanila-</span> 
     </span>
     <span class='ocr_line' id='line_1_43' title="bbox 336 3977 1084 4056; baseline -0.003 -15"><span class='ocrx_word' id='word_1_171' title='bbox 336 3979 425 4041; x_wconf 90' lang='lat' dir='ltr'>nensi</span> <span class='ocrx_word' id='word_1_172' title='bbox 445 3985 475 4040; x_wconf 91' lang='lat' dir='ltr'>et</span> <span class='ocrx_word' id='word_1_173' title='bbox 490 3977 557 4038; x_wconf 89' lang='lat' dir='ltr'>aliis</span> <span class='ocrx_word' id='word_1_174' title='bbox 569 3977 741 4040; x_wconf 87' lang='lat' dir='ltr'>insularum</span> <span class='ocrx_word' id='word_1_175' title='bbox 755 3977 1000 4056; x_wconf 87' lang='lat' dir='ltr'>Philippinarum</span> <span class='ocrx_word' id='word_1_176' title='bbox 1013 3979 1084 4056; x_wconf 81' lang='lat' dir='ltr'>lipi-</span> 
     </span>
     <span class='ocr_line' id='line_1_44' title="bbox 334 4069 1082 4150; baseline 0.001 -17"><span class='ocrx_word' id='word_1_177' title='bbox 334 4069 507 4150; x_wconf 88' lang='lat' dir='ltr'>scopatibus</span> <span class='ocrx_word' id='word_1_178' title='bbox 527 4075 653 4147; x_wconf 89' lang='lat' dir='ltr'>regunt,</span> <span class='ocrx_word' id='word_1_179' title='bbox 676 4077 707 4131; x_wconf 89' lang='lat' dir='ltr'>et</span> <span class='ocrx_word' id='word_1_180' title='bbox 728 4070 900 4150; x_wconf 82' lang='lat' dir='ltr'>respective</span> <span class='ocrx_word' id='word_1_181' title='bbox 924 4079 1082 4148; x_wconf 90' lang='lat' dir='ltr'>exercent,</span> 
     </span>
     <span class='ocr_line' id='line_1_45' title="bbox 334 4165 1083 4243; baseline 0.001 -18"><span class='ocrx_word' id='word_1_182' title='bbox 334 4165 499 4228; x_wconf 89' lang='lat' dir='ltr'>admittere</span> <span class='ocrx_word' id='word_1_183' title='bbox 519 4171 666 4238; x_wconf 90' lang='lat' dir='ltr'>renuant,</span> <span class='ocrx_word' id='word_1_184' title='bbox 682 4179 777 4243; x_wconf 89' lang='lat' dir='ltr'>seque</span> <span class='ocrx_word' id='word_1_185' title='bbox 791 4165 892 4243; x_wconf 89' lang='lat' dir='ltr'>potius</span> <span class='ocrx_word' id='word_1_186' title='bbox 907 4165 1083 4227; x_wconf 91' lang='lat' dir='ltr'>animarum</span> 
     </span>
     <span class='ocr_line' id='line_1_46' title="bbox 334 4256 1085 4335; baseline 0 -15"><span class='ocrx_word' id='word_1_187' title='bbox 334 4273 440 4320; x_wconf 91' lang='lat' dir='ltr'>curam</span> <span class='ocrx_word' id='word_1_188' title='bbox 461 4256 618 4335; x_wconf 89' lang='lat' dir='ltr'>dictasque</span> <span class='ocrx_word' id='word_1_189' title='bbox 638 4257 828 4334; x_wconf 86' lang='lat' dir='ltr'>parochiales</span> <span class='ocrx_word' id='word_1_190' title='bbox 843 4257 985 4320; x_wconf 91' lang='lat' dir='ltr'>ecclesias</span> <span class='ocrx_word' id='word_1_191' title='bbox 1000 4258 1085 4320; x_wconf 88' lang='lat' dir='ltr'>dese·</span> 
     </span>
     <span class='ocr_line' id='line_1_47' title="bbox 334 4349 1083 4428; baseline 0 -17"><span class='ocrx_word' id='word_1_192' title='bbox 334 4364 416 4424; x_wconf 88' lang='lat' dir='ltr'>rere,</span> <span class='ocrx_word' id='word_1_193' title='bbox 431 4363 526 4426; x_wconf 91' lang='lat' dir='ltr'>quam</span> <span class='ocrx_word' id='word_1_194' title='bbox 539 4365 606 4411; x_wconf 89' lang='lat' dir='ltr'>sese</span> <span class='ocrx_word' id='word_1_195' title='bbox 619 4349 791 4411; x_wconf 83' lang='lat' dir='ltr'>visitationi</span> <span class='ocrx_word' id='word_1_196' title='bbox 806 4349 976 4428; x_wconf 85' lang='lat' dir='ltr'>praedictae</span> <span class='ocrx_word' id='word_1_197' title='bbox 990 4351 1083 4413; x_wconf 91' lang='lat' dir='ltr'>subii-</span> 
     </span>
     <span class='ocr_line' id='line_1_48' title="bbox 334 4441 1084 4522; baseline 0.003 -18"><span class='ocrx_word' id='word_1_198' title='bbox 334 4459 404 4504; x_wconf 87' lang='lat' dir='ltr'>cere</span> <span class='ocrx_word' id='word_1_199' title='bbox 424 4442 508 4505; x_wconf 87' lang='lat' dir='ltr'>velle</span> <span class='ocrx_word' id='word_1_200' title='bbox 529 4441 697 4518; x_wconf 87' lang='lat' dir='ltr'>declarent,</span> <span class='ocrx_word' id='word_1_201' title='bbox 712 4441 783 4504; x_wconf 92' lang='lat' dir='ltr'>inde</span> <span class='ocrx_word' id='word_1_202' title='bbox 805 4459 879 4504; x_wconf 91' lang='lat' dir='ltr'>vero</span> <span class='ocrx_word' id='word_1_203' title='bbox 894 4443 982 4522; x_wconf 88' lang='lat' dir='ltr'>plura</span> <span class='ocrx_word' id='word_1_204' title='bbox 996 4461 1084 4506; x_wconf 91' lang='lat' dir='ltr'>scan-</span> 
     </span>
     <span class='ocr_line' id='line_1_49' title="bbox 333 4535 1083 4612; baseline 0.005 -16"><span class='ocrx_word' id='word_1_205' title='bbox 333 4535 399 4596; x_wconf 87' lang='lat' dir='ltr'>dala</span> <span class='ocrx_word' id='word_1_206' title='bbox 420 4545 452 4596; x_wconf 89' lang='lat' dir='ltr'>et</span> <span class='ocrx_word' id='word_1_207' title='bbox 473 4535 725 4598; x_wconf 88' lang='lat' dir='ltr'>inconvenientia</span> <span class='ocrx_word' id='word_1_208' title='bbox 746 4551 819 4597; x_wconf 93' lang='lat' dir='ltr'>cum</span> <span class='ocrx_word' id='word_1_209' title='bbox 840 4536 986 4612; x_wconf 90' lang='lat' dir='ltr'>neglectu</span> <span class='ocrx_word' id='word_1_210' title='bbox 1011 4553 1083 4600; x_wconf 89' lang='lat' dir='ltr'>con-</span> 
     </span>
     <span class='ocr_line' id='line_1_50' title="bbox 333 4628 1082 4706; baseline 0.003 -16"><span class='ocrx_word' id='word_1_211' title='bbox 333 4628 533 4692; x_wconf 89' lang='lat' dir='ltr'>stitutionum</span> <span class='ocrx_word' id='word_1_212' title='bbox 563 4628 799 4706; x_wconf 91' lang='lat' dir='ltr'>apostolicarum</span> <span class='ocrx_word' id='word_1_213' title='bbox 830 4637 862 4691; x_wconf 90' lang='lat' dir='ltr'>et</span> <span class='ocrx_word' id='word_1_214' title='bbox 883 4631 1082 4692; x_wconf 88' lang='lat' dir='ltr'>decretorum</span> 
     </span>
     <span class='ocr_line' id='line_1_51' title="bbox 333 4721 1081 4801; baseline 0.001 -18"><span class='ocrx_word' id='word_1_215' title='bbox 333 4721 465 4784; x_wconf 74' lang='lat' dir='ltr'>concilii</span> <span class='ocrx_word' id='word_1_216' title='bbox 486 4721 663 4783; x_wconf 83' lang='lat' dir='ltr'>Tridentini</span> <span class='ocrx_word' id='word_1_217' title='bbox 684 4723 882 4798; x_wconf 89' lang='lat' dir='ltr'>exoriantur;</span> <span class='ocrx_word' id='word_1_218' title='bbox 905 4739 938 4786; x_wconf 91' lang='lat' dir='ltr'>ac</span> <span class='ocrx_word' id='word_1_219' title='bbox 953 4725 1081 4801; x_wconf 91' lang='lat' dir='ltr'>proinde</span> 
     </span>
     <span class='ocr_line' id='line_1_52' title="bbox 332 4813 1082 4894; baseline 0.004 -20"><span class='ocrx_word' id='word_1_220' title='bbox 332 4813 397 4892; x_wconf 93' lang='lat' dir='ltr'>ipse</span> <span class='ocrx_word' id='word_1_221' title='bbox 416 4814 671 4892; x_wconf 79' lang='lat' dir='ltr'>archiepiscopus</span> <span class='ocrx_word' id='word_1_222' title='bbox 692 4816 730 4876; x_wconf 90' lang='lat' dir='ltr'>de</span> <span class='ocrx_word' id='word_1_223' title='bbox 750 4825 925 4893; x_wconf 91' lang='lat' dir='ltr'>opportuno</span> <span class='ocrx_word' id='word_1_224' title='bbox 950 4815 1082 4894; x_wconf 90' lang='lat' dir='ltr'>desuper</span> 
     </span>
     <span class='ocr_line' id='line_1_53' title="bbox 332 4905 1083 4987; baseline 0.001 -19"><span class='ocrx_word' id='word_1_225' title='bbox 332 4907 470 4970; x_wconf 88' lang='lat' dir='ltr'>remedio</span> <span class='ocrx_word' id='word_1_226' title='bbox 492 4924 508 4968; x_wconf 95' lang='lat' dir='ltr'>a</span> <span class='ocrx_word' id='word_1_227' title='bbox 529 4905 618 4970; x_wconf 89' lang='lat' dir='ltr'>nobis</span> <span class='ocrx_word' id='word_1_228' title='bbox 639 4907 795 4986; x_wconf 90' lang='lat' dir='ltr'>provideri</span> <span class='ocrx_word' id='word_1_229' title='bbox 816 4907 989 4987; x_wconf 91' lang='lat' dir='ltr'>plurimum</span> <span class='ocrx_word' id='word_1_230' title='bbox 1004 4908 1083 4970; x_wconf 90' lang='lat' dir='ltr'>desi-</span> 
     </span>
     <span class='ocr_line' id='line_1_54' title="bbox 332 4997 1082 5079; baseline 0.003 -18"><span class='ocrx_word' id='word_1_231' title='bbox 332 4998 433 5062; x_wconf 87' lang='lat' dir='ltr'>deret:</span> <span class='ocrx_word' id='word_1_232' title='bbox 452 5015 518 5074; x_wconf 93' lang='lat' dir='ltr'>nos,</span> <span class='ocrx_word' id='word_1_233' title='bbox 535 4999 674 5063; x_wconf 90' lang='lat' dir='ltr'>eiusdem</span> <span class='ocrx_word' id='word_1_234' title='bbox 689 4997 917 5079; x_wconf 68' lang='lat' dir='ltr'>archiepiscopi</span> <span class='ocrx_word' id='word_1_235' title='bbox 933 5002 1012 5062; x_wconf 86' lang='lat' dir='ltr'>votis</span> <span class='ocrx_word' id='word_1_236' title='bbox 1026 5001 1082 5063; x_wconf 91' lang='lat' dir='ltr'>hac</span> 
     </span>
     <span class='ocr_line' id='line_1_55' title="bbox 332 5093 1081 5171; baseline 0.003 -17"><span class='ocrx_word' id='word_1_237' title='bbox 332 5093 365 5154; x_wconf 93' lang='lat' dir='ltr'>in</span> <span class='ocrx_word' id='word_1_238' title='bbox 386 5109 431 5168; x_wconf 90' lang='lat' dir='ltr'>re,</span> <span class='ocrx_word' id='word_1_239' title='bbox 447 5101 601 5170; x_wconf 89' lang='lat' dir='ltr'>qnantum</span> <span class='ocrx_word' id='word_1_240' title='bbox 615 5109 687 5154; x_wconf 92' lang='lat' dir='ltr'>cnm</span> <span class='ocrx_word' id='word_1_241' title='bbox 703 5093 833 5154; x_wconf 83' lang='lat' dir='ltr'>Domino</span> <span class='ocrx_word' id='word_1_242' title='bbox 849 5109 1023 5171; x_wconf 86' lang='lat' dir='ltr'>possumus,</span> <span class='ocrx_word' id='word_1_243' title='bbox 1039 5094 1081 5156; x_wconf 91' lang='lat' dir='ltr'>ia-</span> 
     </span>
     <span class='ocr_line' id='line_1_56' title="bbox 332 5184 1083 5265; baseline 0.005 -20"><span class='ocrx_word' id='word_1_244' title='bbox 332 5184 513 5246; x_wconf 91' lang='lat' dir='ltr'>vorabiliter</span> <span class='ocrx_word' id='word_1_245' title='bbox 523 5200 664 5246; x_wconf 88' lang='lat' dir='ltr'>annuere</span> <span class='ocrx_word' id='word_1_246' title='bbox 674 5185 827 5262; x_wconf 74' lang='lat' dir='ltr'>volentes,</span> <span class='ocrx_word' id='word_1_247' title='bbox 840 5201 976 5265; x_wconf 92' lang='lat' dir='ltr'>eumque</span> <span class='ocrx_word' id='word_1_248' title='bbox 987 5205 1003 5248; x_wconf 89' lang='lat' dir='ltr'>a</span> <span class='ocrx_word' id='word_1_249' title='bbox 1014 5189 1083 5265; x_wconf 92' lang='lat' dir='ltr'>qui-</span> 
     </span>
     <span class='ocr_line' id='line_1_57' title="bbox 332 5277 1081 5358; baseline 0.005 -20"><span class='ocrx_word' id='word_1_250' title='bbox 332 5277 437 5339; x_wconf 89' lang='lat' dir='ltr'>busvis</span> <span class='ocrx_word' id='word_1_251' title='bbox 457 5279 799 5354; x_wconf 77' lang='lat' dir='ltr'>excommunicationis,</span> <span class='ocrx_word' id='word_1_252' title='bbox 821 5280 1032 5358; x_wconf 89' lang='lat' dir='ltr'>suspensionis</span> <span class='ocrx_word' id='word_1_253' title='bbox 1050 5288 1081 5342; x_wconf 95' lang='lat' dir='ltr'>et</span> 
     </span>
     <span class='ocr_line' id='line_1_58' title="bbox 332 5369 1079 5449; baseline 0.007 -21"><span class='ocrx_word' id='word_1_254' title='bbox 332 5369 502 5445; x_wconf 88' lang='lat' dir='ltr'>interdicti,</span> <span class='ocrx_word' id='word_1_255' title='bbox 524 5369 654 5449; x_wconf 89' lang='lat' dir='ltr'>aliisque</span> <span class='ocrx_word' id='word_1_256' title='bbox 674 5369 884 5433; x_wconf 88' lang='lat' dir='ltr'>ecclesiasticis</span> <span class='ocrx_word' id='word_1_257' title='bbox 905 5373 1079 5449; x_wconf 89' lang='lat' dir='ltr'>sententiis,</span> 
     </span>
     <span class='ocr_line' id='line_1_59' title="bbox 332 5463 1080 5542; baseline 0.001 -19"><span class='ocrx_word' id='word_1_258' title='bbox 332 5463 471 5525; x_wconf 91' lang='lat' dir='ltr'>censuris</span> <span class='ocrx_word' id='word_1_259' title='bbox 493 5471 524 5525; x_wconf 91' lang='lat' dir='ltr'>et</span> <span class='ocrx_word' id='word_1_260' title='bbox 546 5464 663 5542; x_wconf 93' lang='lat' dir='ltr'>poenis,</span> <span class='ocrx_word' id='word_1_261' title='bbox 684 5481 701 5525; x_wconf 93' lang='lat' dir='ltr'>a</span> <span class='ocrx_word' id='word_1_262' title='bbox 722 5465 790 5526; x_wconf 89' lang='lat' dir='ltr'>iure</span> <span class='ocrx_word' id='word_1_263' title='bbox 811 5463 862 5525; x_wconf 91' lang='lat' dir='ltr'>vel</span> <span class='ocrx_word' id='word_1_264' title='bbox 883 5463 920 5526; x_wconf 92' lang='lat' dir='ltr'>ab</span> <span class='ocrx_word' id='word_1_265' title='bbox 941 5463 1080 5540; x_wconf 91' lang='lat' dir='ltr'>homine,</span> 
     </span>
     <span class='ocr_line' id='line_1_60' title="bbox 334 5557 1082 5636; baseline 0.003 -18"><span class='ocrx_word' id='word_1_266' title='bbox 334 5557 443 5636; x_wconf 91' lang='lat' dir='ltr'>quavis</span> <span class='ocrx_word' id='word_1_267' title='bbox 464 5557 623 5619; x_wconf 89' lang='lat' dir='ltr'>occasione</span> <span class='ocrx_word' id='word_1_268' title='bbox 644 5558 693 5620; x_wconf 93' lang='lat' dir='ltr'>vel</span> <span class='ocrx_word' id='word_1_269' title='bbox 715 5559 803 5620; x_wconf 86' lang='lat' dir='ltr'>causai</span> <span class='ocrx_word' id='word_1_270' title='bbox 825 5557 903 5633; x_wconf 90' lang='lat' dir='ltr'>latis,</span> <span class='ocrx_word' id='word_1_271' title='bbox 922 5557 948 5618; x_wconf 91' lang='lat' dir='ltr'>si</span> <span class='ocrx_word' id='word_1_272' title='bbox 969 5559 1082 5636; x_wconf 92' lang='lat' dir='ltr'>quibus</span> 
     </span>
    </p>
   </div>
   <div class='ocr_carea' id='block_1_13' title="bbox 331 5755 1079 6016">
    <p class='ocr_par' dir='ltr' id='par_1_15' title="bbox 331 5755 1079 6016">
     <span class='ocr_line' id='line_1_61' title="bbox 373 5755 1078 5812; baseline 0.004 -13"><span class='ocrx_word' id='word_1_273' title='bbox 373 5755 402 5810; x_wconf 81' lang='lat' dir='ltr'>(l)</span> <span class='ocrx_word' id='word_1_274' title='bbox 419 5757 455 5800; x_wconf 79' lang='lat' dir='ltr'>Ex</span> <span class='ocrx_word' id='word_1_275' title='bbox 469 5758 574 5812; x_wconf 86' lang='lat' dir='ltr'>Regest.</span> <span class='ocrx_word' id='word_1_276' title='bbox 590 5756 617 5801; x_wconf 91' lang='lat' dir='ltr'>in</span> <span class='ocrx_word' id='word_1_277' title='bbox 632 5758 707 5802; x_wconf 77' lang='lat' dir='ltr'>Arch.</span> <span class='ocrx_word' id='word_1_278' title='bbox 723 5759 795 5801; x_wconf 86' lang='lat' dir='ltr'>Brev.</span> <span class='ocrx_word' id='word_1_279' title='bbox 812 5759 845 5802; x_wconf 77' lang='lat' dir='ltr'>lie</span> <span class='ocrx_word' id='word_1_280' title='bbox 859 5757 1025 5802; x_wconf 82' lang='lat' dir='ltr'>confessariis</span> <span class='ocrx_word' id='word_1_281' title='bbox 1039 5769 1078 5803; x_wconf 89' lang='lat' dir='ltr'>re·</span> 
     </span>
     <span class='ocr_line' id='line_1_62' title="bbox 331 5825 1079 5881; baseline 0 -12"><span class='ocrx_word' id='word_1_282' title='bbox 331 5825 469 5880; x_wconf 81' lang='lat' dir='ltr'>galeribus</span> <span class='ocrx_word' id='word_1_283' title='bbox 483 5825 517 5870; x_wconf 89' lang='lat' dir='ltr'>ab</span> <span class='ocrx_word' id='word_1_284' title='bbox 531 5825 670 5870; x_wconf 85' lang='lat' dir='ltr'>ordinario</span> <span class='ocrx_word' id='word_1_285' title='bbox 685 5825 860 5881; x_wconf 85' lang='lat' dir='ltr'>approbandis</span> <span class='ocrx_word' id='word_1_286' title='bbox 875 5827 947 5870; x_wconf 87' lang='lat' dir='ltr'>extat</span> <span class='ocrx_word' id='word_1_287' title='bbox 959 5828 1079 5869; x_wconf 86' lang='lat' dir='ltr'>Innocen-</span> 
     </span>
     <span class='ocr_line' id='line_1_63' title="bbox 331 5891 1078 5948; baseline 0.003 -13"><span class='ocrx_word' id='word_1_288' title='bbox 331 5891 363 5936; x_wconf 89' lang='lat' dir='ltr'>tii</span> <span class='ocrx_word' id='word_1_289' title='bbox 377 5894 430 5936; x_wconf 88' lang='lat' dir='ltr'>xli.</span> <span class='ocrx_word' id='word_1_290' title='bbox 445 5891 549 5937; x_wconf 90' lang='lat' dir='ltr'>constit.</span> <span class='ocrx_word' id='word_1_291' title='bbox 565 5891 626 5936; x_wconf 90' lang='lat' dir='ltr'>edit.</span> <span class='ocrx_word' id='word_1_292' title='bbox 643 5892 851 5946; x_wconf 82' lang='lat' dir='ltr'>nncxcv111.,die</span> <span class='ocrx_word' id='word_1_293' title='bbox 866 5903 901 5936; x_wconf 88' lang='lat' dir='ltr'>vr.</span> <span class='ocrx_word' id='word_1_294' title='bbox 913 5892 1078 5948; x_wconf 84' lang='lat' dir='ltr'>septembris,</span> 
     </span>
     <span class='ocr_line' id='line_1_64' title="bbox 331 5957 1077 6016; baseline 0 -12"><span class='ocrx_word' id='word_1_295' title='bbox 331 5957 421 6016; x_wconf 84' lang='lat' dir='ltr'>pontit.</span> <span class='ocrx_word' id='word_1_296' title='bbox 437 5969 502 6014; x_wconf 86' lang='lat' dir='ltr'>v111.;</span> <span class='ocrx_word' id='word_1_297' title='bbox 517 5961 544 6005; x_wconf 90' lang='lat' dir='ltr'>et</span> <span class='ocrx_word' id='word_1_298' title='bbox 558 5959 586 6004; x_wconf 91' lang='lat' dir='ltr'>in</span> <span class='ocrx_word' id='word_1_299' title='bbox 605 5959 749 6005; x_wconf 85' lang='lat' dir='ltr'>innocentii</span> <span class='ocrx_word' id='word_1_300' title='bbox 770 5962 834 6004; x_wconf 84' lang='lat' dir='ltr'>xl11.</span> <span class='ocrx_word' id='word_1_301' title='bbox 857 5959 993 6006; x_wconf 88' lang='lat' dir='ltr'>constitut.</span> <span class='ocrx_word' id='word_1_302' title='bbox 1016 5959 1077 6006; x_wconf 87' lang='lat' dir='ltr'>edit.</span> 
     </span>
    </p>
   </div>
   <div class='ocr_carea' id='block_1_14' title="bbox 1140 713 1890 1073">
    <p class='ocr_par' dir='ltr' id='par_1_16' title="bbox 1140 713 1890 1073">
     <span class='ocr_line' id='line_1_65' title="bbox 1141 713 1890 792; baseline 0 -16"><span class='ocrx_word' id='word_1_303' title='bbox 1141 714 1373 792; x_wconf 85' lang='lat' dir='ltr'>quomodolibet</span> <span class='ocrx_word' id='word_1_304' title='bbox 1399 715 1565 782; x_wconf 90' lang='lat' dir='ltr'>innodatus</span> <span class='ocrx_word' id='word_1_305' title='bbox 1593 715 1713 791; x_wconf 81' lang='lat' dir='ltr'>existit,</span> <span class='ocrx_word' id='word_1_306' title='bbox 1742 714 1778 777; x_wconf 93' lang='lat' dir='ltr'>ad</span> <span class='ocrx_word' id='word_1_307' title='bbox 1800 713 1890 776; x_wconf 84' lang='lat' dir='ltr'>ellec-</span> 
     </span>
     <span class='ocr_line' id='line_1_66' title="bbox 1141 807 1887 886; baseline 0.001 -19"><span class='ocrx_word' id='word_1_308' title='bbox 1141 815 1207 868; x_wconf 90' lang='lat' dir='ltr'>tum</span> <span class='ocrx_word' id='word_1_309' title='bbox 1223 809 1434 884; x_wconf 91' lang='lat' dir='ltr'>praesentium</span> <span class='ocrx_word' id='word_1_310' title='bbox 1449 809 1608 872; x_wconf 76' lang='lat' dir='ltr'>dumtaxat</span> <span class='ocrx_word' id='word_1_311' title='bbox 1622 807 1887 886; x_wconf 89' lang='lat' dir='ltr'>consequendum,</span> 
     </span>
     <span class='ocr_line' id='line_1_67' title="bbox 1142 899 1889 964; baseline 0.003 -4"><span class='ocrx_word' id='word_1_312' title='bbox 1142 899 1252 962; x_wconf 89' lang='lat' dir='ltr'>harum</span> <span class='ocrx_word' id='word_1_313' title='bbox 1273 901 1351 962; x_wconf 92' lang='lat' dir='ltr'>serie</span> <span class='ocrx_word' id='word_1_314' title='bbox 1373 902 1567 964; x_wconf 79' lang='lat' dir='ltr'>absolventes</span> <span class='ocrx_word' id='word_1_315' title='bbox 1586 909 1618 963; x_wconf 93' lang='lat' dir='ltr'>et</span> <span class='ocrx_word' id='word_1_316' title='bbox 1633 900 1809 964; x_wconf 91' lang='lat' dir='ltr'>ahsolutum</span> <span class='ocrx_word' id='word_1_317' title='bbox 1824 899 1889 962; x_wconf 91' lang='lat' dir='ltr'>lore</span> 
     </span>
     <span class='ocr_line' id='line_1_68' title="bbox 1140 993 1889 1073; baseline 0.001 -21"><span class='ocrx_word' id='word_1_318' title='bbox 1140 999 1314 1068; x_wconf 82' lang='lat' dir='ltr'>censentes,</span> <span class='ocrx_word' id='word_1_319' title='bbox 1336 995 1613 1073; x_wconf 85' lang='lat' dir='ltr'>supplicationibus</span> <span class='ocrx_word' id='word_1_320' title='bbox 1634 1009 1745 1056; x_wconf 90' lang='lat' dir='ltr'>eornm</span> <span class='ocrx_word' id='word_1_321' title='bbox 1766 993 1811 1071; x_wconf 74' lang='grc'>(2)</span> <span class='ocrx_word' id='word_1_322' title='bbox 1834 1008 1889 1054; x_wconf 91' lang='lat' dir='ltr'>no·</span> 
     </span>
    </p>
   </div>
   <div class='ocr_carea' id='block_1_15' title="bbox 1809 571 2108 641">
    <p class='ocr_par' dir='ltr' id='par_1_17' title="bbox 1809 571 2108 641">
     <span class='ocr_line' id='line_1_69' title="bbox 1809 571 2108 641; baseline -0.057 0"><span class='ocrx_word' id='word_1_323' title='bbox 1809 575 1869 641; x_wconf 74' lang='lat'>237</span> <span class='ocrx_word' id='word_1_324' title='bbox 1919 571 2017 626; x_wconf 64' lang='lat' dir='ltr'>Aac.</span> <span class='ocrx_word' id='word_1_325' title='bbox 2038 571 2108 624; x_wconf 82' lang='lat' dir='ltr'>aros</span> 
     </span>
    </p>
   </div>
   <div class='ocr_carea' id='block_1_16' title="bbox 1140 1083 1932 1164">
    <p class='ocr_par' dir='ltr' id='par_1_18' title="bbox 1140 1083 1932 1164">
     <span class='ocr_line' id='line_1_70' title="bbox 1140 1083 1932 1164; baseline 0 -18"><span class='ocrx_word' id='word_1_326' title='bbox 1140 1084 1225 1146; x_wconf 92' lang='lat' dir='ltr'>mine</span> <span class='ocrx_word' id='word_1_327' title='bbox 1246 1085 1335 1148; x_wconf 93' lang='lat' dir='ltr'>nobis</span> <span class='ocrx_word' id='word_1_328' title='bbox 1355 1101 1450 1164; x_wconf 92' lang='lat' dir='ltr'>super</span> <span class='ocrx_word' id='word_1_329' title='bbox 1469 1089 1527 1148; x_wconf 93' lang='lat' dir='ltr'>hoc</span> <span class='ocrx_word' id='word_1_330' title='bbox 1551 1086 1713 1150; x_wconf 89' lang='lat' dir='ltr'>humiliter</span> <span class='ocrx_word' id='word_1_331' title='bbox 1740 1083 1889 1164; x_wconf 90' lang='lat' dir='ltr'>porrectis</span> <span class='ocrx_word' id='word_1_332' title='bbox 1930 1099 1932 1102; x_wconf 85' lang='lat'>·</span> 
     </span>
    </p>
   </div>
   <div class='ocr_carea' id='block_1_17' title="bbox 1137 1176 1889 4217">
    <p class='ocr_par' dir='ltr' id='par_1_19' title="bbox 1139 1176 1889 2822">
     <span class='ocr_line' id='line_1_71' title="bbox 1140 1176 1888 1254; baseline 0 -16"><span class='ocrx_word' id='word_1_333' title='bbox 1140 1177 1291 1254; x_wconf 92' lang='lat' dir='ltr'>inclinati,</span> <span class='ocrx_word' id='word_1_334' title='bbox 1315 1179 1351 1240; x_wconf 92' lang='lat' dir='ltr'>de</span> <span class='ocrx_word' id='word_1_335' title='bbox 1379 1178 1608 1240; x_wconf 90' lang='lat' dir='ltr'>nonnullorum</span> <span class='ocrx_word' id='word_1_336' title='bbox 1638 1193 1677 1240; x_wconf 91' lang='lat' dir='ltr'>ex</span> <span class='ocrx_word' id='word_1_337' title='bbox 1704 1176 1888 1240; x_wconf 88' lang='lat' dir='ltr'>venerabili-</span> 
     </span>
     <span class='ocr_line' id='line_1_72' title="bbox 1140 1268 1888 1337; baseline -0.003 -5"><span class='ocrx_word' id='word_1_338' title='bbox 1140 1269 1197 1332; x_wconf 89' lang='lat' dir='ltr'>bus</span> <span class='ocrx_word' id='word_1_339' title='bbox 1217 1269 1363 1332; x_wconf 89' lang='lat' dir='ltr'>iratribus</span> <span class='ocrx_word' id='word_1_340' title='bbox 1384 1272 1497 1332; x_wconf 91' lang='lat' dir='ltr'>nostris</span> <span class='ocrx_word' id='word_1_341' title='bbox 1519 1271 1551 1334; x_wconf 90' lang='lat' dir='ltr'>S.</span> <span class='ocrx_word' id='word_1_342' title='bbox 1568 1271 1603 1332; x_wconf 86' lang='lat' dir='ltr'>it.</span> <span class='ocrx_word' id='word_1_343' title='bbox 1622 1271 1658 1333; x_wconf 84' lang='lat' dir='ltr'>E.</span> <span class='ocrx_word' id='word_1_344' title='bbox 1674 1268 1888 1337; x_wconf 84' lang='lat' dir='ltr'>Cardinalibus</span> 
     </span>
     <span class='ocr_line' id='line_1_73' title="bbox 1139 1361 1888 1442; baseline 0.001 -20"><span class='ocrx_word' id='word_1_345' title='bbox 1139 1361 1212 1424; x_wconf 93' lang='lat' dir='ltr'>dicti</span> <span class='ocrx_word' id='word_1_346' title='bbox 1234 1363 1364 1426; x_wconf 81' lang='lat' dir='ltr'>Concilii</span> <span class='ocrx_word' id='word_1_347' title='bbox 1393 1365 1568 1427; x_wconf 77' lang='lat' dir='ltr'>Tridentini</span> <span class='ocrx_word' id='word_1_348' title='bbox 1596 1363 1817 1442; x_wconf 88' lang='lat' dir='ltr'>interpretibus</span> <span class='ocrx_word' id='word_1_349' title='bbox 1837 1379 1888 1424; x_wconf 85' lang='lat' dir='ltr'>su·</span> 
     </span>
     <span class='ocr_line' id='line_1_74' title="bbox 1140 1456 1888 1536; baseline 0.001 -20"><span class='ocrx_word' id='word_1_350' title='bbox 1140 1470 1195 1532; x_wconf 91' lang='lat' dir='ltr'>per</span> <span class='ocrx_word' id='word_1_351' title='bbox 1215 1457 1272 1519; x_wconf 90' lang='lat' dir='ltr'>hoc</span> <span class='ocrx_word' id='word_1_352' title='bbox 1293 1458 1417 1534; x_wconf 90' lang='lat' dir='ltr'>negotio</span> <span class='ocrx_word' id='word_1_353' title='bbox 1438 1474 1455 1518; x_wconf 92' lang='lat' dir='ltr'>a</span> <span class='ocrx_word' id='word_1_354' title='bbox 1476 1458 1565 1520; x_wconf 90' lang='lat' dir='ltr'>nobis</span> <span class='ocrx_word' id='word_1_355' title='bbox 1586 1458 1817 1536; x_wconf 88' lang='lat' dir='ltr'>deputatorum,</span> <span class='ocrx_word' id='word_1_356' title='bbox 1833 1456 1888 1535; x_wconf 91' lang='lat' dir='ltr'>qui</span> 
     </span>
     <span class='ocr_line' id='line_1_75' title="bbox 1140 1547 1889 1630; baseline 0.001 -21"><span class='ocrx_word' id='word_1_357' title='bbox 1140 1547 1271 1610; x_wconf 90' lang='lat' dir='ltr'>iratrum</span> <span class='ocrx_word' id='word_1_358' title='bbox 1293 1556 1324 1612; x_wconf 91' lang='lat' dir='ltr'>et</span> <span class='ocrx_word' id='word_1_359' title='bbox 1344 1550 1529 1614; x_wconf 82' lang='lat' dir='ltr'>clericorum</span> <span class='ocrx_word' id='word_1_360' title='bbox 1559 1566 1614 1614; x_wconf 89' lang='lat' dir='ltr'>seu</span> <span class='ocrx_word' id='word_1_361' title='bbox 1635 1550 1889 1630; x_wconf 87' lang='lat' dir='ltr'>presbyterorum</span> 
     </span>
     <span class='ocr_line' id='line_1_76' title="bbox 1139 1642 1889 1722; baseline 0 -20"><span class='ocrx_word' id='word_1_362' title='bbox 1139 1642 1331 1718; x_wconf 81' lang='lat' dir='ltr'>regularium</span> <span class='ocrx_word' id='word_1_363' title='bbox 1352 1643 1583 1720; x_wconf 89' lang='lat' dir='ltr'>praedictorum</span> <span class='ocrx_word' id='word_1_364' title='bbox 1601 1649 1833 1722; x_wconf 87' lang='lat' dir='ltr'>procuratorem</span> <span class='ocrx_word' id='word_1_365' title='bbox 1848 1642 1889 1704; x_wconf 92' lang='lat' dir='ltr'>ci·</span> 
     </span>
     <span class='ocr_line' id='line_1_77' title="bbox 1140 1733 1888 1815; baseline 0 -21"><span class='ocrx_word' id='word_1_366' title='bbox 1140 1741 1239 1796; x_wconf 87' lang='lat' dir='ltr'>tatum</span> <span class='ocrx_word' id='word_1_367' title='bbox 1269 1741 1301 1796; x_wconf 93' lang='lat' dir='ltr'>et</span> <span class='ocrx_word' id='word_1_368' title='bbox 1331 1735 1554 1799; x_wconf 78' lang='lat' dir='ltr'>informantem</span> <span class='ocrx_word' id='word_1_369' title='bbox 1588 1751 1682 1815; x_wconf 88' lang='lat' dir='ltr'>super</span> <span class='ocrx_word' id='word_1_370' title='bbox 1713 1733 1888 1814; x_wconf 90' lang='lat' dir='ltr'>praemissis</span> 
     </span>
     <span class='ocr_line' id='line_1_78' title="bbox 1139 1825 1889 1904; baseline 0.001 -18"><span class='ocrx_word' id='word_1_371' title='bbox 1139 1825 1339 1902; x_wconf 89' lang='lat' dir='ltr'>audiverunt,</span> <span class='ocrx_word' id='word_1_372' title='bbox 1361 1829 1502 1904; x_wconf 92' lang='lat' dir='ltr'>consilio,</span> <span class='ocrx_word' id='word_1_373' title='bbox 1524 1829 1572 1892; x_wconf 90' lang='lat' dir='ltr'>ius</span> <span class='ocrx_word' id='word_1_374' title='bbox 1601 1827 1746 1890; x_wconf 90' lang='lat' dir='ltr'>visitandi</span> <span class='ocrx_word' id='word_1_375' title='bbox 1767 1827 1889 1902; x_wconf 89' lang='lat' dir='ltr'>regula-</span> 
     </span>
     <span class='ocr_line' id='line_1_79' title="bbox 1140 1919 1887 2000; baseline 0.005 -20"><span class='ocrx_word' id='word_1_376' title='bbox 1140 1935 1200 1994; x_wconf 86' lang='lat' dir='ltr'>res,</span> <span class='ocrx_word' id='word_1_377' title='bbox 1223 1919 1256 1982; x_wconf 93' lang='lat' dir='ltr'>in</span> <span class='ocrx_word' id='word_1_378' title='bbox 1278 1921 1314 1982; x_wconf 90' lang='lat' dir='ltr'>iis</span> <span class='ocrx_word' id='word_1_379' title='bbox 1335 1937 1414 2000; x_wconf 92' lang='lat' dir='ltr'>quae</span> <span class='ocrx_word' id='word_1_380' title='bbox 1434 1929 1630 1984; x_wconf 90' lang='lat' dir='ltr'>concernunt</span> <span class='ocrx_word' id='word_1_381' title='bbox 1651 1937 1757 1984; x_wconf 91' lang='lat' dir='ltr'>curam</span> <span class='ocrx_word' id='word_1_382' title='bbox 1771 1921 1887 1984; x_wconf 88' lang='lat' dir='ltr'>anima-</span> 
     </span>
     <span class='ocr_line' id='line_1_80' title="bbox 1140 2014 1886 2088; baseline 0.005 -16"><span class='ocrx_word' id='word_1_383' title='bbox 1140 2028 1212 2074; x_wconf 91' lang='lat' dir='ltr'>rum</span> <span class='ocrx_word' id='word_1_384' title='bbox 1233 2029 1267 2075; x_wconf 92' lang='lat' dir='ltr'>ac</span> <span class='ocrx_word' id='word_1_385' title='bbox 1287 2021 1553 2078; x_wconf 88' lang='lat' dir='ltr'>sacramentorum</span> <span class='ocrx_word' id='word_1_386' title='bbox 1573 2014 1886 2088; x_wconf 86' lang='lat' dir='ltr'>administrationem,</span> 
     </span>
     <span class='ocr_line' id='line_1_81' title="bbox 1140 2106 1887 2187; baseline -0.001 -20"><span class='ocrx_word' id='word_1_387' title='bbox 1140 2106 1374 2185; x_wconf 80' lang='lat' dir='ltr'>drobiepiscopo</span> <span class='ocrx_word' id='word_1_388' title='bbox 1395 2108 1599 2170; x_wconf 90' lang='lat' dir='ltr'>llanilanensi</span> <span class='ocrx_word' id='word_1_389' title='bbox 1621 2108 1749 2187; x_wconf 91' lang='lat' dir='ltr'>aliisque</span> <span class='ocrx_word' id='word_1_390' title='bbox 1764 2107 1887 2186; x_wconf 86' lang='lat' dir='ltr'>Episco-</span> 
     </span>
     <span class='ocr_line' id='line_1_82' title="bbox 1140 2199 1887 2280; baseline 0.003 -20"><span class='ocrx_word' id='word_1_391' title='bbox 1140 2199 1186 2276; x_wconf 91' lang='lat' dir='ltr'>pis</span> <span class='ocrx_word' id='word_1_392' title='bbox 1207 2199 1240 2260; x_wconf 94' lang='lat' dir='ltr'>in</span> <span class='ocrx_word' id='word_1_393' title='bbox 1262 2200 1371 2262; x_wconf 91' lang='lat' dir='ltr'>insulis</span> <span class='ocrx_word' id='word_1_394' title='bbox 1390 2201 1571 2280; x_wconf 90' lang='lat' dir='ltr'>Philippinis</span> <span class='ocrx_word' id='word_1_395' title='bbox 1587 2201 1790 2264; x_wconf 88' lang='lat' dir='ltr'>existentibus</span> <span class='ocrx_word' id='word_1_396' title='bbox 1805 2216 1887 2262; x_wconf 92' lang='lat' dir='ltr'>com-</span> 
     </span>
     <span class='ocr_line' id='line_1_83' title="bbox 1141 2293 1888 2372; baseline 0.001 -19"><span class='ocrx_word' id='word_1_397' title='bbox 1141 2299 1264 2370; x_wconf 90' lang='lat' dir='ltr'>petere,</span> <span class='ocrx_word' id='word_1_398' title='bbox 1297 2309 1355 2356; x_wconf 91' lang='lat' dir='ltr'>nec</span> <span class='ocrx_word' id='word_1_399' title='bbox 1383 2294 1509 2357; x_wconf 91' lang='lat' dir='ltr'>eosdem</span> <span class='ocrx_word' id='word_1_400' title='bbox 1540 2294 1700 2371; x_wconf 85' lang='lat' dir='ltr'>regulares</span> <span class='ocrx_word' id='word_1_401' title='bbox 1730 2293 1888 2372; x_wconf 90' lang='lat' dir='ltr'>parochias</span> 
     </span>
     <span class='ocr_line' id='line_1_84' title="bbox 1139 2386 1887 2466; baseline 0.003 -20"><span class='ocrx_word' id='word_1_402' title='bbox 1139 2401 1195 2448; x_wconf 91' lang='lat' dir='ltr'>seu</span> <span class='ocrx_word' id='word_1_403' title='bbox 1216 2387 1381 2462; x_wconf 90' lang='lat' dir='ltr'>doctrinas,</span> <span class='ocrx_word' id='word_1_404' title='bbox 1404 2387 1574 2466; x_wconf 90' lang='lat' dir='ltr'>dequibus</span> <span class='ocrx_word' id='word_1_405' title='bbox 1600 2387 1715 2464; x_wconf 91' lang='lat' dir='ltr'>agitur,</span> <span class='ocrx_word' id='word_1_406' title='bbox 1737 2386 1795 2449; x_wconf 90' lang='lat' dir='ltr'>sub</span> <span class='ocrx_word' id='word_1_407' title='bbox 1816 2401 1887 2448; x_wconf 90' lang='lat' dir='ltr'>cen·</span> 
     </span>
     <span class='ocr_line' id='line_1_85' title="bbox 1139 2480 1887 2558; baseline 0.003 -18"><span class='ocrx_word' id='word_1_408' title='bbox 1139 2494 1297 2555; x_wconf 90' lang='lat' dir='ltr'>surarum,</span> <span class='ocrx_word' id='word_1_409' title='bbox 1320 2480 1494 2542; x_wconf 91' lang='lat' dir='ltr'>amissionis</span> <span class='ocrx_word' id='word_1_410' title='bbox 1515 2482 1682 2558; x_wconf 92' lang='lat' dir='ltr'>bonorum,</span> <span class='ocrx_word' id='word_1_411' title='bbox 1696 2481 1826 2558; x_wconf 91' lang='lat' dir='ltr'>aliisque</span> <span class='ocrx_word' id='word_1_412' title='bbox 1840 2496 1887 2542; x_wconf 91' lang='lat' dir='ltr'>ar·</span> 
     </span>
     <span class='ocr_line' id='line_1_86' title="bbox 1140 2571 1887 2652; baseline 0.003 -20"><span class='ocrx_word' id='word_1_413' title='bbox 1140 2571 1275 2634; x_wconf 86' lang='lat' dir='ltr'>hitrariis</span> <span class='ocrx_word' id='word_1_414' title='bbox 1290 2574 1408 2652; x_wconf 90' lang='lat' dir='ltr'>poenis,</span> <span class='ocrx_word' id='word_1_415' title='bbox 1420 2573 1579 2636; x_wconf 90' lang='lat' dir='ltr'>dimittere</span> <span class='ocrx_word' id='word_1_416' title='bbox 1593 2589 1692 2652; x_wconf 88' lang='lat' dir='ltr'>posse,</span> <span class='ocrx_word' id='word_1_417' title='bbox 1704 2573 1887 2636; x_wconf 91' lang='lat' dir='ltr'>auctoritate</span> 
     </span>
     <span class='ocr_line' id='line_1_87' title="bbox 1139 2665 1886 2746; baseline 0.003 -20"><span class='ocrx_word' id='word_1_418' title='bbox 1139 2665 1311 2744; x_wconf 79' lang='lat' dir='ltr'>apostolica,</span> <span class='ocrx_word' id='word_1_419' title='bbox 1329 2672 1437 2729; x_wconf 90' lang='lat' dir='ltr'>tenore</span> <span class='ocrx_word' id='word_1_420' title='bbox 1451 2667 1674 2746; x_wconf 87' lang='lat' dir='ltr'>praesentium,</span> <span class='ocrx_word' id='word_1_421' title='bbox 1690 2666 1886 2730; x_wconf 87' lang='lat' dir='ltr'>decernimus</span> 
     </span>
     <span class='ocr_line' id='line_1_88' title="bbox 1140 2757 1391 2822; baseline 0.004 -4"><span class='ocrx_word' id='word_1_422' title='bbox 1140 2764 1170 2818; x_wconf 91' lang='lat' dir='ltr'>et</span> <span class='ocrx_word' id='word_1_423' title='bbox 1191 2757 1391 2822; x_wconf 90' lang='lat' dir='ltr'>declaramus.</span> 
     </span>
    </p>

    <p class='ocr_par' dir='ltr' id='par_1_20' title="bbox 1137 2853 1889 4217">
     <span class='ocr_line' id='line_1_89' title="bbox 1179 2853 1888 2933; baseline 0 -19"><span class='ocrx_word' id='word_1_424' title='bbox 1179 2853 1248 2926; x_wconf 61' lang='grc' dir='ltr'>ἓξ.</span> <span class='ocrx_word' id='word_1_425' title='bbox 1272 2853 1478 2916; x_wconf 77' lang='lat' dir='ltr'>Decernuntes</span> <span class='ocrx_word' id='word_1_426' title='bbox 1506 2853 1633 2932; x_wconf 89' lang='lat' dir='ltr'>pariter,</span> <span class='ocrx_word' id='word_1_427' title='bbox 1658 2855 1781 2917; x_wconf 89' lang='lat' dir='ltr'>easdem</span> <span class='ocrx_word' id='word_1_428' title='bbox 1801 2869 1888 2933; x_wconf 91' lang='lat' dir='ltr'>prae·</span> 
     </span>
     <span class='ocr_line' id='line_1_90' title="bbox 1139 2944 1886 3026; baseline 0.001 -20"><span class='ocrx_word' id='word_1_429' title='bbox 1139 2956 1243 3006; x_wconf 90' lang='lat' dir='ltr'>sentes</span> <span class='ocrx_word' id='word_1_430' title='bbox 1271 2944 1403 3021; x_wconf 89' lang='lat' dir='ltr'>litteras,</span> <span class='ocrx_word' id='word_1_431' title='bbox 1432 2961 1558 3026; x_wconf 90' lang='lat' dir='ltr'>semper</span> <span class='ocrx_word' id='word_1_432' title='bbox 1578 2948 1694 3023; x_wconf 86' lang='lat' dir='ltr'>firmas,</span> <span class='ocrx_word' id='word_1_433' title='bbox 1720 2947 1834 3010; x_wconf 93' lang='lat' dir='ltr'>validas</span> <span class='ocrx_word' id='word_1_434' title='bbox 1854 2953 1886 3007; x_wconf 89' lang='lat' dir='ltr'>et</span> 
     </span>
     <span class='ocr_line' id='line_1_91' title="bbox 1140 3037 1886 3119; baseline 0 -19"><span class='ocrx_word' id='word_1_435' title='bbox 1140 3037 1275 3100; x_wconf 85' lang='lat' dir='ltr'>efficaces</span> <span class='ocrx_word' id='word_1_436' title='bbox 1295 3039 1427 3101; x_wconf 90' lang='lat' dir='ltr'>existere</span> <span class='ocrx_word' id='word_1_437' title='bbox 1452 3048 1484 3102; x_wconf 90' lang='lat' dir='ltr'>et</span> <span class='ocrx_word' id='word_1_438' title='bbox 1512 3039 1595 3116; x_wconf 90' lang='lat' dir='ltr'>lore,</span> <span class='ocrx_word' id='word_1_439' title='bbox 1623 3056 1758 3119; x_wconf 91' lang='lat' dir='ltr'>suosque</span> <span class='ocrx_word' id='word_1_440' title='bbox 1783 3039 1886 3117; x_wconf 88' lang='lat' dir='ltr'>plena-</span> 
     </span>
     <span class='ocr_line' id='line_1_92' title="bbox 1140 3131 1886 3209; baseline 0.005 -18"><span class='ocrx_word' id='word_1_441' title='bbox 1140 3131 1201 3192; x_wconf 90' lang='lat' dir='ltr'>rios</span> <span class='ocrx_word' id='word_1_442' title='bbox 1225 3139 1256 3192; x_wconf 90' lang='lat' dir='ltr'>et</span> <span class='ocrx_word' id='word_1_443' title='bbox 1278 3132 1416 3209; x_wconf 89' lang='lat' dir='ltr'>integros</span> <span class='ocrx_word' id='word_1_444' title='bbox 1440 3133 1566 3197; x_wconf 79' lang='lat' dir='ltr'>effectus</span> <span class='ocrx_word' id='word_1_445' title='bbox 1587 3134 1691 3195; x_wconf 90' lang='lat' dir='ltr'>sortiri</span> <span class='ocrx_word' id='word_1_446' title='bbox 1712 3141 1743 3196; x_wconf 91' lang='lat' dir='ltr'>et</span> <span class='ocrx_word' id='word_1_447' title='bbox 1767 3133 1886 3195; x_wconf 89' lang='lat' dir='ltr'>obtine-</span> 
     </span>
     <span class='ocr_line' id='line_1_93' title="bbox 1140 3223 1888 3306; baseline 0.003 -20"><span class='ocrx_word' id='word_1_448' title='bbox 1140 3241 1185 3299; x_wconf 89' lang='lat' dir='ltr'>re,</span> <span class='ocrx_word' id='word_1_449' title='bbox 1207 3239 1241 3286; x_wconf 91' lang='lat' dir='ltr'>ac</span> <span class='ocrx_word' id='word_1_450' title='bbox 1262 3223 1334 3298; x_wconf 90' lang='lat' dir='ltr'>illis,</span> <span class='ocrx_word' id='word_1_451' title='bbox 1350 3225 1387 3287; x_wconf 90' lang='lat' dir='ltr'>ad</span> <span class='ocrx_word' id='word_1_452' title='bbox 1408 3241 1485 3303; x_wconf 90' lang='lat' dir='ltr'>quos</span> <span class='ocrx_word' id='word_1_453' title='bbox 1499 3233 1614 3305; x_wconf 86' lang='lat' dir='ltr'>spectat</span> <span class='ocrx_word' id='word_1_454' title='bbox 1628 3233 1659 3288; x_wconf 90' lang='lat' dir='ltr'>et</span> <span class='ocrx_word' id='word_1_455' title='bbox 1676 3243 1730 3304; x_wconf 90' lang='lat' dir='ltr'>pro</span> <span class='ocrx_word' id='word_1_456' title='bbox 1747 3233 1888 3306; x_wconf 90' lang='lat' dir='ltr'>tempore</span> 
     </span>
     <span class='ocr_line' id='line_1_94' title="bbox 1140 3319 1888 3396; baseline 0 -14"><span class='ocrx_word' id='word_1_457' title='bbox 1140 3319 1400 3396; x_wconf 85' lang='lat' dir='ltr'>quandocumque</span> <span class='ocrx_word' id='word_1_458' title='bbox 1430 3319 1596 3395; x_wconf 91' lang='lat' dir='ltr'>spectabit,</span> <span class='ocrx_word' id='word_1_459' title='bbox 1626 3319 1660 3380; x_wconf 92' lang='lat' dir='ltr'>in</span> <span class='ocrx_word' id='word_1_460' title='bbox 1689 3320 1834 3382; x_wconf 90' lang='lat' dir='ltr'>omnibus</span> <span class='ocrx_word' id='word_1_461' title='bbox 1856 3326 1888 3382; x_wconf 93' lang='lat' dir='ltr'>et</span> 
     </span>
     <span class='ocr_line' id='line_1_95' title="bbox 1139 3411 1888 3490; baseline 0.001 -18"><span class='ocrx_word' id='word_1_462' title='bbox 1139 3426 1195 3490; x_wconf 91' lang='lat' dir='ltr'>per</span> <span class='ocrx_word' id='word_1_463' title='bbox 1216 3412 1319 3474; x_wconf 88' lang='lat' dir='ltr'>omnia</span> <span class='ocrx_word' id='word_1_464' title='bbox 1340 3412 1520 3490; x_wconf 89' lang='lat' dir='ltr'>plenissime</span> <span class='ocrx_word' id='word_1_465' title='bbox 1540 3411 1712 3490; x_wconf 73' lang='lat' dir='ltr'>suflragari,</span> <span class='ocrx_word' id='word_1_466' title='bbox 1733 3419 1764 3474; x_wconf 90' lang='lat' dir='ltr'>et</span> <span class='ocrx_word' id='word_1_467' title='bbox 1786 3413 1823 3474; x_wconf 90' lang='lat' dir='ltr'>ab</span> <span class='ocrx_word' id='word_1_468' title='bbox 1844 3413 1888 3474; x_wconf 91' lang='lat' dir='ltr'>eis</span> 
     </span>
     <span class='ocr_line' id='line_1_96' title="bbox 1140 3504 1888 3584; baseline 0.004 -20"><span class='ocrx_word' id='word_1_469' title='bbox 1140 3505 1311 3582; x_wconf 88' lang='lat' dir='ltr'>respective</span> <span class='ocrx_word' id='word_1_470' title='bbox 1337 3504 1558 3568; x_wconf 89' lang='lat' dir='ltr'>inviolabiliter</span> <span class='ocrx_word' id='word_1_471' title='bbox 1585 3505 1757 3580; x_wconf 89' lang='lat' dir='ltr'>observari,</span> <span class='ocrx_word' id='word_1_472' title='bbox 1781 3505 1888 3584; x_wconf 91' lang='lat' dir='ltr'>sicque</span> 
     </span>
     <span class='ocr_line' id='line_1_97' title="bbox 1140 3597 1888 3677; baseline 0.003 -19"><span class='ocrx_word' id='word_1_473' title='bbox 1140 3597 1173 3658; x_wconf 94' lang='lat' dir='ltr'>in</span> <span class='ocrx_word' id='word_1_474' title='bbox 1195 3598 1369 3676; x_wconf 88' lang='lat' dir='ltr'>praemissis</span> <span class='ocrx_word' id='word_1_475' title='bbox 1390 3613 1446 3676; x_wconf 90' lang='lat' dir='ltr'>per</span> <span class='ocrx_word' id='word_1_476' title='bbox 1466 3610 1680 3677; x_wconf 89' lang='lat' dir='ltr'>quoscumque</span> <span class='ocrx_word' id='word_1_477' title='bbox 1701 3597 1817 3660; x_wconf 89' lang='lat' dir='ltr'>indices</span> <span class='ocrx_word' id='word_1_478' title='bbox 1838 3614 1888 3660; x_wconf 95' lang='lat' dir='ltr'>or·</span> 
     </span>
     <span class='ocr_line' id='line_1_98' title="bbox 1139 3691 1888 3771; baseline -0.003 -17"><span class='ocrx_word' id='word_1_479' title='bbox 1139 3691 1273 3754; x_wconf 87' lang='lat' dir='ltr'>dinarios</span> <span class='ocrx_word' id='word_1_480' title='bbox 1294 3698 1325 3753; x_wconf 93' lang='lat' dir='ltr'>et</span> <span class='ocrx_word' id='word_1_481' title='bbox 1345 3691 1511 3769; x_wconf 84' lang='lat' dir='ltr'>delegatae,</span> <span class='ocrx_word' id='word_1_482' title='bbox 1534 3692 1629 3754; x_wconf 89' lang='lat' dir='ltr'>etiam</span> <span class='ocrx_word' id='word_1_483' title='bbox 1654 3708 1815 3754; x_wconf 90' lang='lat' dir='ltr'>causarum</span> <span class='ocrx_word' id='word_1_484' title='bbox 1837 3708 1888 3771; x_wconf 93' lang='lat' dir='ltr'>pa·</span> 
     </span>
     <span class='ocr_line' id='line_1_99' title="bbox 1140 3783 1889 3862; baseline 0.003 -18"><span class='ocrx_word' id='word_1_485' title='bbox 1140 3783 1205 3844; x_wconf 88' lang='lat' dir='ltr'>latii</span> <span class='ocrx_word' id='word_1_486' title='bbox 1227 3784 1382 3862; x_wconf 87' lang='lat' dir='ltr'>apostolici</span> <span class='ocrx_word' id='word_1_487' title='bbox 1408 3785 1579 3859; x_wconf 76' lang='lat' dir='ltr'>auditoreS,</span> <span class='ocrx_word' id='word_1_488' title='bbox 1608 3783 1735 3848; x_wconf 90' lang='lat' dir='ltr'>iudicari</span> <span class='ocrx_word' id='word_1_489' title='bbox 1762 3791 1794 3846; x_wconf 85' lang='lat' dir='ltr'>et</span> <span class='ocrx_word' id='word_1_490' title='bbox 1815 3785 1889 3846; x_wconf 87' lang='lat' dir='ltr'>detl-</span> 
     </span>
     <span class='ocr_line' id='line_1_100' title="bbox 1140 3877 1887 3953; baseline 0.004 -16"><span class='ocrx_word' id='word_1_491' title='bbox 1140 3877 1203 3938; x_wconf 90' lang='lat' dir='ltr'>niri</span> <span class='ocrx_word' id='word_1_492' title='bbox 1229 3877 1360 3953; x_wconf 89' lang='lat' dir='ltr'>debere,</span> <span class='ocrx_word' id='word_1_493' title='bbox 1382 3893 1416 3940; x_wconf 92' lang='lat' dir='ltr'>ac</span> <span class='ocrx_word' id='word_1_494' title='bbox 1437 3878 1562 3940; x_wconf 91' lang='lat' dir='ltr'>irritum</span> <span class='ocrx_word' id='word_1_495' title='bbox 1584 3885 1615 3940; x_wconf 90' lang='lat' dir='ltr'>et</span> <span class='ocrx_word' id='word_1_496' title='bbox 1635 3878 1729 3940; x_wconf 93' lang='lat' dir='ltr'>inane</span> <span class='ocrx_word' id='word_1_497' title='bbox 1750 3878 1775 3938; x_wconf 92' lang='lat' dir='ltr'>si</span> <span class='ocrx_word' id='word_1_498' title='bbox 1799 3894 1887 3940; x_wconf 88' lang='lat' dir='ltr'>secus</span> 
     </span>
     <span class='ocr_line' id='line_1_101' title="bbox 1138 3971 1885 4050; baseline 0.003 -19"><span class='ocrx_word' id='word_1_499' title='bbox 1138 3985 1233 4047; x_wconf 90' lang='lat' dir='ltr'>super</span> <span class='ocrx_word' id='word_1_500' title='bbox 1257 3971 1305 4031; x_wconf 93' lang='lat' dir='ltr'>his</span> <span class='ocrx_word' id='word_1_501' title='bbox 1327 3986 1343 4032; x_wconf 92' lang='lat' dir='ltr'>a</span> <span class='ocrx_word' id='word_1_502' title='bbox 1364 3985 1531 4049; x_wconf 93' lang='lat' dir='ltr'>quoquam,</span> <span class='ocrx_word' id='word_1_503' title='bbox 1558 3971 1667 4050; x_wconf 89' lang='lat' dir='ltr'>quavis</span> <span class='ocrx_word' id='word_1_504' title='bbox 1691 3971 1885 4045; x_wconf 90' lang='lat' dir='ltr'>auctoritate,</span> 
     </span>
     <span class='ocr_line' id='line_1_102' title="bbox 1137 4061 1887 4140; baseline 0.003 -17"><span class='ocrx_word' id='word_1_505' title='bbox 1137 4063 1272 4125; x_wconf 89' lang='lat' dir='ltr'>scienter</span> <span class='ocrx_word' id='word_1_506' title='bbox 1298 4061 1349 4124; x_wconf 92' lang='lat' dir='ltr'>vel</span> <span class='ocrx_word' id='word_1_507' title='bbox 1378 4062 1573 4140; x_wconf 89' lang='lat' dir='ltr'>ignoranter,</span> <span class='ocrx_word' id='word_1_508' title='bbox 1600 4062 1767 4140; x_wconf 90' lang='lat' dir='ltr'>contigerit</span> <span class='ocrx_word' id='word_1_509' title='bbox 1787 4069 1887 4126; x_wconf 89' lang='lat' dir='ltr'>atten-</span> 
     </span>
     <span class='ocr_line' id='line_1_103' title="bbox 1139 4156 1207 4217; baseline -0.015 0"><span class='ocrx_word' id='word_1_510' title='bbox 1139 4156 1207 4217; x_wconf 91' lang='lat' dir='ltr'>tari.</span> 
     </span>
    </p>
   </div>
   <div class='ocr_carea' id='block_1_18' title="bbox 1931 2849 2077 2899">
    <p class='ocr_par' dir='ltr' id='par_1_21' title="bbox 1931 2849 2077 2899">
     <span class='ocr_line' id='line_1_104' title="bbox 1931 2849 2077 2899; baseline -0.014 -1"><span class='ocrx_word' id='word_1_511' title='bbox 1931 2849 2077 2899; x_wconf 77' lang='lat' dir='ltr'>Clausulas.</span> 
     </span>
    </p>
   </div>
   <div class='ocr_carea' id='block_1_19' title="bbox 1178 4244 2118 4330">
    <p class='ocr_par' dir='ltr' id='par_1_22' title="bbox 1178 4244 2118 4330">
     <span class='ocr_line' id='line_1_105' title="bbox 1178 4244 2118 4330; baseline -0.009 -17"><span class='ocrx_word' id='word_1_512' title='bbox 1178 4249 1197 4324; x_wconf 69' lang='grc' dir='ltr'><strong>ἓ</strong></span> <span class='ocrx_word' id='word_1_513' title='bbox 1218 4249 1247 4312; x_wconf 87' lang='grc'>3.</span> <span class='ocrx_word' id='word_1_514' title='bbox 1272 4248 1341 4312; x_wconf 91' lang='lat' dir='ltr'>Non</span> <span class='ocrx_word' id='word_1_515' title='bbox 1357 4251 1549 4314; x_wconf 90' lang='lat' dir='ltr'>obstantibus</span> <span class='ocrx_word' id='word_1_516' title='bbox 1564 4251 1751 4330; x_wconf 89' lang='lat' dir='ltr'>praemissis,</span> <span class='ocrx_word' id='word_1_517' title='bbox 1767 4269 1800 4315; x_wconf 91' lang='lat' dir='ltr'>ac</span> <span class='ocrx_word' id='word_1_518' title='bbox 1814 4267 1886 4313; x_wconf 93' lang='lat' dir='ltr'>con·</span> <span class='ocrx_word' id='word_1_519' title='bbox 1925 4244 2118 4292; x_wconf 78' lang='lat' dir='ltr'>contrariorum</span> 
     </span>
    </p>
   </div>
   <div class='ocr_carea' id='block_1_20' title="bbox 1136 4343 1886 4703">
    <p class='ocr_par' dir='ltr' id='par_1_23' title="bbox 1136 4343 1886 4703">
     <span class='ocr_line' id='line_1_106' title="bbox 1137 4343 1885 4424; baseline 0.003 -20"><span class='ocrx_word' id='word_1_520' title='bbox 1137 4343 1352 4406; x_wconf 90' lang='lat' dir='ltr'>stitutionibus</span> <span class='ocrx_word' id='word_1_521' title='bbox 1373 4351 1404 4405; x_wconf 93' lang='lat' dir='ltr'>et</span> <span class='ocrx_word' id='word_1_522' title='bbox 1431 4343 1674 4408; x_wconf 91' lang='lat' dir='ltr'>ordinationibus</span> <span class='ocrx_word' id='word_1_523' title='bbox 1702 4345 1885 4424; x_wconf 90' lang='lat' dir='ltr'>apostolicis,</span> 
     </span>
     <span class='ocr_line' id='line_1_107' title="bbox 1138 4437 1886 4516; baseline 0.007 -21"><span class='ocrx_word' id='word_1_524' title='bbox 1138 4449 1273 4512; x_wconf 93' lang='lat' dir='ltr'>necnon,</span> <span class='ocrx_word' id='word_1_525' title='bbox 1305 4445 1459 4516; x_wconf 90' lang='lat' dir='ltr'>quatenus</span> <span class='ocrx_word' id='word_1_526' title='bbox 1490 4453 1566 4516; x_wconf 93' lang='lat' dir='ltr'>opus</span> <span class='ocrx_word' id='word_1_527' title='bbox 1594 4437 1647 4512; x_wconf 89' lang='lat' dir='ltr'>sit,</span> <span class='ocrx_word' id='word_1_528' title='bbox 1676 4438 1829 4502; x_wconf 88' lang='lat' dir='ltr'>Ordinum</span> <span class='ocrx_word' id='word_1_529' title='bbox 1856 4445 1886 4500; x_wconf 92' lang='lat' dir='ltr'>et</span> 
     </span>
     <span class='ocr_line' id='line_1_108' title="bbox 1139 4527 1885 4610; baseline 0.003 -20"><span class='ocrx_word' id='word_1_530' title='bbox 1139 4527 1298 4591; x_wconf 89' lang='lat' dir='ltr'>Societatis</span> <span class='ocrx_word' id='word_1_531' title='bbox 1328 4529 1547 4608; x_wconf 90' lang='lat' dir='ltr'>praelatorum,</span> <span class='ocrx_word' id='word_1_532' title='bbox 1579 4530 1685 4592; x_wconf 90' lang='lat' dir='ltr'>aliisve</span> <span class='ocrx_word' id='word_1_533' title='bbox 1713 4532 1885 4610; x_wconf 88' lang='lat' dir='ltr'>quibusvis,</span> 
     </span>
     <span class='ocr_line' id='line_1_109' title="bbox 1136 4623 1884 4703; baseline 0.009 -22"><span class='ocrx_word' id='word_1_534' title='bbox 1136 4623 1231 4684; x_wconf 89' lang='lat' dir='ltr'>etiam</span> <span class='ocrx_word' id='word_1_535' title='bbox 1252 4623 1439 4699; x_wconf 90' lang='lat' dir='ltr'>iuramento,</span> <span class='ocrx_word' id='word_1_536' title='bbox 1456 4623 1692 4688; x_wconf 75' lang='lat' dir='ltr'>confirmatione</span> <span class='ocrx_word' id='word_1_537' title='bbox 1711 4625 1884 4703; x_wconf 83' lang='lat' dir='ltr'>apostolica,</span> 
     </span>
    </p>
   </div>
   <div class='ocr_carea' id='block_1_21' title="bbox 1905 4297 2044 4355">
    <p class='ocr_par' dir='ltr' id='par_1_24' title="bbox 1905 4297 2044 4355">
     <span class='ocr_line' id='line_1_110' title="bbox 1905 4297 2044 4355; baseline 0 -11"><span class='ocrx_word' id='word_1_538' title='bbox 1905 4297 2044 4355; x_wconf 84' lang='lat' dir='ltr'>derogatio.</span> 
     </span>
    </p>
   </div>
   <div class='ocr_carea' id='block_1_22' title="bbox 1138 4715 1953 4804">
    <p class='ocr_par' dir='ltr' id='par_1_25' title="bbox 1138 4715 1953 4804">
     <span class='ocr_line' id='line_1_111' title="bbox 1138 4715 1953 4804; baseline 0.009 -29"><span class='ocrx_word' id='word_1_539' title='bbox 1138 4715 1186 4776; x_wconf 90' lang='lat' dir='ltr'>vel</span> <span class='ocrx_word' id='word_1_540' title='bbox 1208 4715 1316 4794; x_wconf 92' lang='lat' dir='ltr'>quavis</span> <span class='ocrx_word' id='word_1_541' title='bbox 1337 4715 1484 4780; x_wconf 86' lang='lat' dir='ltr'>firmitate</span> <span class='ocrx_word' id='word_1_542' title='bbox 1503 4717 1560 4780; x_wconf 82' lang='lat' dir='ltr'>alid</span> <span class='ocrx_word' id='word_1_543' title='bbox 1580 4718 1742 4793; x_wconf 88' lang='lat' dir='ltr'>roboratis,</span> <span class='ocrx_word' id='word_1_544' title='bbox 1763 4719 1886 4781; x_wconf 88' lang='lat' dir='ltr'>statutis</span> <span class='ocrx_word' id='word_1_545' title='bbox 1945 4789 1953 4804; x_wconf 69' lang='lat'>,</span> 
     </span>
    </p>
   </div>
   <div class='ocr_carea' id='block_1_23' title="bbox 1135 4810 1887 5638">
    <p class='ocr_par' dir='ltr' id='par_1_26' title="bbox 1135 4810 1887 5638">
     <span class='ocr_line' id='line_1_112' title="bbox 1137 4810 1887 4892; baseline 0.008 -21"><span class='ocrx_word' id='word_1_546' title='bbox 1137 4817 1168 4872; x_wconf 95' lang='lat' dir='ltr'>et</span> <span class='ocrx_word' id='word_1_547' title='bbox 1188 4810 1666 4892; x_wconf 87' lang='lat' dir='ltr'>consuetudinibus,privilegiis</span> <span class='ocrx_word' id='word_1_548' title='bbox 1687 4829 1822 4892; x_wconf 94' lang='lat' dir='ltr'>quoque,</span> <span class='ocrx_word' id='word_1_549' title='bbox 1839 4815 1887 4877; x_wconf 94' lang='lat' dir='ltr'>in-</span> 
     </span>
     <span class='ocr_line' id='line_1_113' title="bbox 1138 4903 1885 4983; baseline 0.005 -15"><span class='ocrx_word' id='word_1_550' title='bbox 1138 4903 1232 4968; x_wconf 92' lang='lat' dir='ltr'>dultis</span> <span class='ocrx_word' id='word_1_551' title='bbox 1253 4911 1284 4965; x_wconf 92' lang='lat' dir='ltr'>et</span> <span class='ocrx_word' id='word_1_552' title='bbox 1306 4904 1415 4966; x_wconf 91' lang='lat' dir='ltr'>litteris</span> <span class='ocrx_word' id='word_1_553' title='bbox 1447 4906 1618 4983; x_wconf 89' lang='lat' dir='ltr'>apostolicis</span> <span class='ocrx_word' id='word_1_554' title='bbox 1641 4905 1672 4968; x_wconf 95' lang='lat' dir='ltr'>in</span> <span class='ocrx_word' id='word_1_555' title='bbox 1694 4908 1885 4972; x_wconf 91' lang='lat' dir='ltr'>contrarium</span> 
     </span>
     <span class='ocr_line' id='line_1_114' title="bbox 1137 4998 1887 5076; baseline 0.009 -19"><span class='ocrx_word' id='word_1_556' title='bbox 1137 4998 1379 5075; x_wconf 91' lang='lat' dir='ltr'>praemissorum</span> <span class='ocrx_word' id='word_1_557' title='bbox 1394 4999 1624 5076; x_wconf 92' lang='lat' dir='ltr'>quomodolibet</span> <span class='ocrx_word' id='word_1_558' title='bbox 1639 5002 1801 5076; x_wconf 88' lang='lat' dir='ltr'>concessis,</span> <span class='ocrx_word' id='word_1_559' title='bbox 1815 5019 1887 5064; x_wconf 92' lang='lat' dir='ltr'>con-</span> 
     </span>
     <span class='ocr_line' id='line_1_115' title="bbox 1137 5089 1886 5170; baseline 0.009 -20"><span class='ocrx_word' id='word_1_560' title='bbox 1137 5089 1269 5152; x_wconf 87' lang='lat' dir='ltr'>firmatis</span> <span class='ocrx_word' id='word_1_561' title='bbox 1290 5098 1321 5152; x_wconf 93' lang='lat' dir='ltr'>et</span> <span class='ocrx_word' id='word_1_562' title='bbox 1345 5091 1518 5167; x_wconf 90' lang='lat' dir='ltr'>innovatis;</span> <span class='ocrx_word' id='word_1_563' title='bbox 1548 5093 1660 5170; x_wconf 92' lang='lat' dir='ltr'>quibus</span> <span class='ocrx_word' id='word_1_564' title='bbox 1688 5094 1834 5158; x_wconf 91' lang='lat' dir='ltr'>omnihus</span> <span class='ocrx_word' id='word_1_565' title='bbox 1855 5103 1886 5157; x_wconf 90' lang='lat' dir='ltr'>et</span> 
     </span>
     <span class='ocr_line' id='line_1_116' title="bbox 1135 5183 1884 5265; baseline 0.007 -22"><span class='ocrx_word' id='word_1_566' title='bbox 1135 5183 1281 5260; x_wconf 88' lang='lat' dir='ltr'>singulis,</span> <span class='ocrx_word' id='word_1_567' title='bbox 1303 5183 1428 5245; x_wconf 89' lang='lat' dir='ltr'>illorum</span> <span class='ocrx_word' id='word_1_568' title='bbox 1451 5191 1574 5246; x_wconf 91' lang='lat' dir='ltr'>tenores</span> <span class='ocrx_word' id='word_1_569' title='bbox 1595 5187 1808 5262; x_wconf 89' lang='lat' dir='ltr'>praesentibus</span> <span class='ocrx_word' id='word_1_570' title='bbox 1828 5203 1884 5265; x_wconf 91' lang='lat' dir='ltr'>pro</span> 
     </span>
     <span class='ocr_line' id='line_1_117' title="bbox 1136 5276 1886 5356; baseline 0.004 -19"><span class='ocrx_word' id='word_1_571' title='bbox 1136 5276 1227 5355; x_wconf 90' lang='lat' dir='ltr'>plene</span> <span class='ocrx_word' id='word_1_572' title='bbox 1249 5284 1280 5338; x_wconf 92' lang='lat' dir='ltr'>et</span> <span class='ocrx_word' id='word_1_573' title='bbox 1303 5277 1494 5340; x_wconf 90' lang='lat' dir='ltr'>sullicienter</span> <span class='ocrx_word' id='word_1_574' title='bbox 1523 5278 1673 5356; x_wconf 90' lang='lat' dir='ltr'>expressis</span> <span class='ocrx_word' id='word_1_575' title='bbox 1697 5296 1730 5341; x_wconf 91' lang='lat' dir='ltr'>ac</span> <span class='ocrx_word' id='word_1_576' title='bbox 1758 5281 1794 5342; x_wconf 91' lang='lat' dir='ltr'>ad</span> <span class='ocrx_word' id='word_1_577' title='bbox 1816 5295 1886 5340; x_wconf 91' lang='lat' dir='ltr'>ver·</span> 
     </span>
     <span class='ocr_line' id='line_1_118' title="bbox 1136 5371 1885 5446; baseline 0.003 -14"><span class='ocrx_word' id='word_1_578' title='bbox 1136 5371 1212 5432; x_wconf 92' lang='lat' dir='ltr'>bum</span> <span class='ocrx_word' id='word_1_579' title='bbox 1234 5371 1358 5433; x_wconf 90' lang='lat' dir='ltr'>insertis</span> <span class='ocrx_word' id='word_1_580' title='bbox 1380 5371 1544 5446; x_wconf 90' lang='lat' dir='ltr'>habentes,</span> <span class='ocrx_word' id='word_1_581' title='bbox 1576 5371 1640 5432; x_wconf 91' lang='lat' dir='ltr'>illis</span> <span class='ocrx_word' id='word_1_582' title='bbox 1669 5372 1741 5434; x_wconf 76' lang='lat' dir='ltr'>alias</span> <span class='ocrx_word' id='word_1_583' title='bbox 1769 5374 1803 5434; x_wconf 93' lang='lat' dir='ltr'>in</span> <span class='ocrx_word' id='word_1_584' title='bbox 1829 5389 1885 5436; x_wconf 90' lang='lat' dir='ltr'>suo</span> 
     </span>
     <span class='ocr_line' id='line_1_119' title="bbox 1135 5464 1885 5544; baseline 0.005 -19"><span class='ocrx_word' id='word_1_585' title='bbox 1135 5464 1246 5525; x_wconf 90' lang='lat' dir='ltr'>robore</span> <span class='ocrx_word' id='word_1_586' title='bbox 1277 5465 1499 5542; x_wconf 89' lang='lat' dir='ltr'>permansuris,</span> <span class='ocrx_word' id='word_1_587' title='bbox 1522 5464 1559 5525; x_wconf 90' lang='lat' dir='ltr'>ad</span> <span class='ocrx_word' id='word_1_588' title='bbox 1580 5466 1820 5544; x_wconf 89' lang='lat' dir='ltr'>praemissorum</span> <span class='ocrx_word' id='word_1_589' title='bbox 1842 5466 1885 5529; x_wconf 88' lang='lat' dir='ltr'>ei-</span> 
     </span>
     <span class='ocr_line' id='line_1_120' title="bbox 1136 5557 1885 5638; baseline 0.004 -19"><span class='ocrx_word' id='word_1_590' title='bbox 1136 5557 1264 5632; x_wconf 83' lang='lat' dir='ltr'>lactan,</span> <span class='ocrx_word' id='word_1_591' title='bbox 1287 5557 1343 5620; x_wconf 90' lang='lat' dir='ltr'>bac</span> <span class='ocrx_word' id='word_1_592' title='bbox 1364 5558 1431 5620; x_wconf 89' lang='lat' dir='ltr'>vice</span> <span class='ocrx_word' id='word_1_593' title='bbox 1462 5559 1633 5634; x_wconf 88' lang='lat' dir='ltr'>dumtaxat,</span> <span class='ocrx_word' id='word_1_594' title='bbox 1658 5559 1829 5638; x_wconf 89' lang='lat' dir='ltr'>specialiter</span> <span class='ocrx_word' id='word_1_595' title='bbox 1852 5568 1885 5622; x_wconf 91' lang='lat' dir='ltr'>et</span> 
     </span>
    </p>
   </div>
   <div class='ocr_carea' id='block_1_24' title="bbox 1134 5756 1883 5948">
    <p class='ocr_par' dir='ltr' id='par_1_27' title="bbox 1134 5756 1883 5948">
     <span class='ocr_line' id='line_1_121' title="bbox 1134 5756 1883 5813; baseline -0.003 -9"><span class='ocrx_word' id='word_1_596' title='bbox 1134 5757 1336 5812; x_wconf 84' lang='lat' dir='ltr'>noccxx11.,die</span> <span class='ocrx_word' id='word_1_597' title='bbox 1356 5768 1428 5802; x_wconf 85' lang='lat' dir='ltr'>xxva.</span> <span class='ocrx_word' id='word_1_598' title='bbox 1445 5756 1561 5813; x_wconf 85' lang='lat' dir='ltr'>augusti,</span> <span class='ocrx_word' id='word_1_599' title='bbox 1583 5756 1673 5813; x_wconf 88' lang='lat' dir='ltr'>pontis.</span> <span class='ocrx_word' id='word_1_600' title='bbox 1689 5767 1725 5810; x_wconf 82' lang='lat' dir='ltr'>rx,</span> <span class='ocrx_word' id='word_1_601' title='bbox 1747 5757 1838 5812; x_wconf 89' lang='lat' dir='ltr'>agitur</span> <span class='ocrx_word' id='word_1_602' title='bbox 1852 5758 1883 5802; x_wconf 86' lang='lat' dir='ltr'>de</span> 
     </span>
     <span class='ocr_line' id='line_1_122' title="bbox 1135 5823 1814 5880; baseline 0 -12"><span class='ocrx_word' id='word_1_603' title='bbox 1135 5825 1256 5880; x_wconf 84' lang='lat' dir='ltr'>ingressu</span> <span class='ocrx_word' id='word_1_604' title='bbox 1271 5824 1446 5880; x_wconf 85' lang='lat' dir='ltr'>parochorum</span> <span class='ocrx_word' id='word_1_605' title='bbox 1462 5823 1489 5868; x_wconf 93' lang='lat' dir='ltr'>in</span> <span class='ocrx_word' id='word_1_606' title='bbox 1504 5823 1626 5870; x_wconf 87' lang='lat' dir='ltr'>ecclesias</span> <span class='ocrx_word' id='word_1_607' title='bbox 1641 5823 1814 5880; x_wconf 85' lang='lat' dir='ltr'>regularium.</span> 
     </span>
     <span class='ocr_line' id='line_1_123' title="bbox 1175 5891 1562 5948; baseline 0 -12"><span class='ocrx_word' id='word_1_608' title='bbox 1175 5893 1204 5946; x_wconf 78' lang='lat'>(2)</span> <span class='ocrx_word' id='word_1_609' title='bbox 1220 5891 1329 5936; x_wconf 76' lang='lat' dir='ltr'>Videtur</span> <span class='ocrx_word' id='word_1_610' title='bbox 1343 5891 1484 5948; x_wconf 88' lang='lat' dir='ltr'>legendum</span> <span class='ocrx_word' id='word_1_611' title='bbox 1498 5895 1562 5936; x_wconf 75' lang='lat' dir='ltr'>etam.</span> 
     </span>
    </p>
   </div>
   <div class='ocr_carea' id='block_1_25' title="bbox 0 0 2444 6982">
    <p class='ocr_par' dir='ltr' id='par_1_28' title="bbox 0 0 2444 6982">
     <span class='ocr_line' id='line_1_124' title="bbox 0 0 2444 6982; baseline 0 0"><span class='ocrx_word' id='word_1_612' title='bbox 0 0 2444 6982; x_wconf 95' lang='lat' dir='ltr'> </span> 
     </span>
    </p>
   </div>
  </div>
 </body>
</html>
