4844 6990
353 499 407 554 An.
421 503 451 555 O.
474 505 541 557 1738

592 507 651 570 tto
1095 527 1159 575 tun.
1184 531 1388 576 11111111.
1413 535 1441 578 r.
1467 537 1549 580 nans
1571 538 1592 581 r.

573 659 622 704 res
644 645 856 720 praesentibus
884 661 939 724 pro
960 645 1052 725 plene
1071 653 1103 708 et
1128 647 1318 710 sullieienter

573 736 726 814 expressis
746 745 778 798 et
796 738 922 799 insertis
944 739 1102 818 habentes,
1119 740 1178 801 illis
1199 741 1271 802 aliis
1286 741 1316 802 in

572 845 630 890 suo
651 829 761 892 robore
782 833 1004 908 permansuris,
1020 835 1055 894 ad
1078 833 1317 912 praemissorum

573 920 729 994 ellectum,
746 921 801 982 hac
823 922 889 984 vice
910 921 1080 998 dumtaxat,
1100 927 1273 1004 specialiter
1288 933 1318 987 et

540 1017 545 1025 ’
573 1029 717 1090 expresse
738 1013 936 1092 derogamus3
960 1011 1132 1098 ceterisque
1157 1019 1319 1082 contrariis

382 2886 526 2934 Exordium.

573 1104 832 1184 quibuscumque.

614 1197 725 1259 Datum
752 1199 877 1275 Romae,
908 1203 987 1279 apud
1010 1203 1041 1266 S.
1073 1205 1199 1267 illariana
1229 1206 1319 1268 11111-

574 1306 652 1364 rem,
671 1291 729 1352 sub
752 1293 869 1356 annulo
885 1294 1058 1371 Piscatoris,
1082 1299 1131 1360 die
1152 1314 1217 1360 xrv.
1242 1315 1321 1361 mar·

574 1382 608 1443 tii
631 1399 870 1462 spectativae,
893 1389 1003 1465 pontii.
1026 1393 1123 1454 nostri
1145 1408 1226 1454 anno
1242 1409 1311 1454 vnr.

826 1547 1065 1559 ———

913 1669 977 1732 xt.

576 1849 732 1917 hostendit
745 1855 910 1918 indultum
922 1859 1025 1935 quood
1037 1859 1272 1922 ordinationem
1281 1857 1320 1922 ab

620 1946 741 2010 Urbano
767 1948 844 2010 Vlll.
869 1952 1062 2014 1111111111
1085 1950 1320 2015 cortoictoribus

617 2041 741 2120 cellapii
763 2042 992 2120 Propnpertduc
1013 2045 1105 2108 Fidei
1128 2063 1318 2118 concessant,

618 2133 659 2194 uti
680 2134 828 2195 1111111111
850 2144 880 2196 et
896 2138 1091 2200 cortoietorcs
1104 2155 1161 2218 pro
1179 2141 1320 2204 Sidenti-

617 2223 674 2286 bus
697 2233 726 2287 et
750 2227 838 2289 Iridis
865 2227 987 2308 cellapii
1017 2231 1134 2296 Sacrae
1162 2233 1321 2298 Familiae

616 2321 686 2382 lesu
722 2318 845 2382 Christi
878 2322 913 2382 in
945 2324 1079 2387 civitate
1106 2328 1321 2404 nicopolitana

614 2413 711 2474 erecti
733 2412 788 2494 (l).

765 2587 950 2656 ὓιΕΜΕΝὸ
975 2590 1034 2657 ΡΡ.
1061 2591 1118 2658 lili.

695 2707 731 2775 sd
753 2715 924 2793 perpetuata
948 2713 991 2778 rei
1022 2715 1202 2782 memoriam.

614 2888 672 2948 Pro
693 2891 837 2968 supremi
853 2879 1025 2956 Catholicae
1041 2894 1191 2956 Ecclesiae
1212 2910 1323 2973 procu-

575 2983 711 3057 ratione,
744 3000 837 3060 quam
872 2994 1031 3063 pastorum
1063 2988 1204 3065 princeps
1240 2987 1322 3048 lesus

575 3075 717 3138 Christus
728 3076 876 3139 altissimo
888 3080 1012 3141 divinae
1026 3081 1322 3158 providentiaesuae

575 3168 702 3229 consilio
725 3170 811 3231 nobis
833 3170 922 3249 piane
945 3173 1181 3236 immerentibus
1196 3174 1321 3234 credere

576 3259 797 3336 dignatusest,
825 3271 981 3341 tamquam
1009 3265 1115 3328 fideles
1141 3265 1323 3343 prudentes-

576 3371 636 3432 que
657 3353 879 3432 dispensatores
902 3357 1063 3437 praecipua
1078 3360 1257 3438 apostolicae
1271 3359 1322 3420 be·

576 3447 737 3524 dignitatis
757 3452 1008 3530 auctoritatisque
1021 3461 1203 3528 argumenta
1220 3454 1255 3514 iis
1270 3469 1321 3531 po·

576 3541 732 3602 tissimum
755 3543 874 3620 ingenti
889 3561 961 3606 eum
976 3547 1126 3623 pontificii
1147 3547 1246 3608 cordis
1263 3547 1320 3606 lae-

577 3633 641 3694 titia
663 3635 807 3698 exhibere
829 3639 1006 3712 satagimus,
1023 3639 1076 3716 qui
1091 3640 1122 3702 in
1145 3640 1253 3702 diebus
1268 3654 1321 3700 no·

574 3731 648 3791 stris
669 3729 766 3792 veluti
787 3740 1000 3808 cooperatores
1022 3741 1052 3794 et
1077 3733 1266 3796 coadiutores
1288 3735 1320 3794 in

1373 669 1501 716 suorum
1523 654 1767 730 ordinariorum,
1781 664 1811 718 et
1826 657 1920 718 etiam
1940 657 2009 718 sine
2032 656 2122 718 titulo

1374 746 1515 810 beneficii
1546 749 1740 812 ecclesiastici
1770 759 1822 812 aut
1850 750 2046 829 patrimonii,
2069 752 2122 810 sed

1374 840 1408 900 ad
1433 842 1558 904 titulum
1572 851 1693 906 tantum
1710 843 1877 918 missionis,
1893 860 1909 906 a
1925 858 2122 920 quocumque

1374 951 1469 1012 (quem
1492 936 1661 999 maluerint
1675 938 1823 1000 catholico
1838 938 1977 999 antistite
1991 937 2121 1012 gratiam

1374 1036 1405 1090 et
1420 1029 1674 1090 communionem
1687 1029 1773 1093 Sedis
1784 1029 1975 1109 apostelicae
1991 1031 2123 1092 nubente

1374 1128 1405 1182 et
1430 1120 1462 1182 in
1490 1123 1612 1200 propria
1643 1122 1774 1185 dioecesi
1804 1123 1975 1196 residente,
2006 1121 2056 1183 vel
2088 1122 2122 1182 in

1374 1213 1472 1276 aliena
1493 1215 1531 1276 de
1552 1217 1728 1278 llioecesani
1745 1217 1802 1278 loci
1819 1217 1940 1278 licentia
1961 1217 2121 1294 pontifica-

1375 1306 1413 1368 lia
1436 1317 1617 1384 exercente,
1641 1310 1676 1370 ad
1703 1315 1837 1388 quatuor
1864 1310 2000 1371 minores
2028 1309 2122 1370 etiam

1376 1399 1467 1460 unico
1489 1400 1598 1462 lestivo
1620 1403 1670 1463 vel
1692 1401 1811 1476 1111111,
1834 1419 1956 1466 necnon
1978 1402 2122 1464 etiamad

1375 1508 1474 1554 sacros
1495 1501 1526 1554 et
1548 1495 1775 1572 presbyteratus
1803 1497 1927 1558 ordines
1950 1497 2048 1558 tribus
2069 1495 2121 1556 do-

1376 1585 1509 1660 minicis,
1532 1603 1586 1649 seu
1608 1588 1674 1649 aliis
1702 1589 1819 1650 festivis
1841 1597 1872 1650 11
1893 1589 2050 1652 continuis
2072 1588 2121 1648 vel

1377 1678 1569 1757 interpolatis
1601 1679 1726 1757 diebus,
1749 1683 1842 1745 etiam
1869 1691 1953 1744 extra
1983 1691 2122 1761 tempora

1376 1773 1410 1832 ad
1434 1772 1462 1834 id
1484 1789 1498 1832 a
1522 1773 1589 1834 iure
1610 1781 1735 1849 statuta,
1758 1781 1788 1837 et
1810 1791 1873 1837 non
1895 1775 2026 1836 servatis
2047 1791 2123 1835 asa-

1376 1881 1427 1926 cro
1449 1865 1590 1928 Concilio
1618 1867 1801 1930 ‘tridentine
1828 1869 2011 1944 designatis,
2035 1869 2122 1929 anni-

1375 1974 1436 2035 que
1451 1959 1606 2021 curriculo
1621 1978 1684 2022 non
1700 1969 1870 2040 expectato,
1883 1963 2015 2036 etiamsi,
2038 1968 2125 2024 ante-

1376 2067 1469 2130 quam
1491 2055 1528 2114 de
1550 2071 1613 2116 uno
1627 2057 1662 2116 ad
1678 2057 1773 2118 alium
1795 2057 1937 2119 ordinem
1959 2071 2123 2135 promove-

1377 2153 1498 2220 rentur,
1521 2146 1554 2207 in
1576 2149 1677 2226 prime
1705 2165 1829 2227 quoque
1850 2156 1991 2228 suscepto
2012 2151 2123 2211 ordine

1376 2253 1408 2297 se
1431 2239 1562 2300 minime
1579 2241 1801 2314 exercuissent,
1817 2249 1869 2302 aut
1884 2241 2013 2304 alicuius
2028 2242 2123 2304 eecle-

1376 2333 1438 2392 siae
1458 2331 1585 2395 servitio
1607 2335 1751 2412 adscripti
1773 2352 1836 2397 non
1853 2335 2125 2411 1111111111-

1377 2425 1414 2485 do
1436 2431 1540 2486 tamen
1562 2424 1664 2488 terent
1685 2429 1791 2490 aetatis
1813 2429 1980 2505 legitimae,
2003 2446 2037 2492 ac
2051 2429 2124 2490 alias

1378 2517 1491 2592 idonei,
1514 2525 1544 2580 et
1560 2536 1614 2598 per
1630 2521 1803 2584 triennium
1819 2523 2004 2584 continuum
2020 2529 2124 2584 essent

1377 2610 1516 2673 eiusdem
1542 2613 1798 2691 Congregationis
1826 2615 1943 2677 alumni
1972 2631 2027 2678 seu
2052 2633 2123 2678 con-

1377 2704 1521 2780 victores,
1544 2707 1651 2769 autad
1674 2707 1757 2768 illius
1785 2709 1964 2770 instantiam
1986 2708 2119 2782 educati,

1377 2813 1410 2858 ac
1431 2796 1565 2876 denique
1586 2800 1735 2863 baberent
1757 2801 1873 2864 litteras
1902 2803 2125 2872 testimoniales

1377 2899 1534 2954 rectorum
1555 2900 1607 2954 aut
1629 2909 1736 2956 eorum
1759 2897 1838 2974 apud
1853 2912 1935 2978 quos
1957 2895 2124 2958 educaren-

1379 2991 1431 3047 tur
1450 2993 1481 3046 et
1503 2986 1734 3050 instruerentur
1753 2990 1788 3050 de
1811 3004 1920 3050 eurum
1935 2989 1997 3051 viti
2013 2997 2044 3050 et
2059 3005 2123 3050 mo-

1378 3079 1461 3139 ribus
1477 3095 1509 3139 ac
1526 3080 1558 3140 in
1576 3080 1712 3142 scientiis
1728 3081 1925 3160 profectibus,
1942 3097 1999 3144 nec
2013 3082 2056 3144 eis
2071 3083 2124 3144 aii·

1377 3173 1459 3250 quod
1481 3171 1614 3234 obstaret
1640 3174 1912 3251 impedimentum,
1934 3177 2122 3253 promoveri,

1378 3271 1408 3325 et
1430 3265 1563 3342 promoti
1591 3267 1622 3326 in
1646 3266 1707 3328 illis
1729 3267 1822 3328 etiam
1844 3268 1877 3329 in
1906 3267 2009 3329 altaris
2031 3269 2124 3330 mini-

1377 3358 1471 3418 sterio
1493 3357 1671 3420 ministrare
1693 3359 1789 3421 libere
1803 3368 1833 3422 et
1849 3360 1932 3421 licite
1952 3369 2078 3438 possent
2093 3369 2125 3422 11

1377 3451 1530 3526 11111111,
1552 3453 1734 3514 auctoritate
1765 3454 1937 3530 apostoliea,
1959 3455 2017 3516 sub
2031 3455 2124 3516 certis

1378 3543 1467 3606 modo
1489 3554 1519 3605 et
1542 3545 1638 3606 torma
1661 3553 1735 3608 tunc
1751 3547 1913 3624 expressis,
1929 3548 2078 3609 concessit
2092 3556 2123 3609 et

1378 3638 1517 3711 indulsit,
1541 3646 1571 3698 et
1592 3638 1664 3699 aliis
1679 3646 1770 3716 prout
1785 3639 1818 3700 in
1830 3641 1992 3718 praedictis
2007 3640 2121 3702 Urbani

1377 3730 1614 3808 praedecessoris
1631 3731 1740 3792 litteris
1762 3733 1894 3811 desuper
1909 3733 1940 3792 in
1955 3733 2050 3793 simili
2064 3732 2124 3794 ier·

576 3823 742 3884 ministerii
755 3824 969 3904 nostriopusa
986 3827 1073 3888 nobis
1089 3829 1193 3890 adsciti
1207 3836 1238 3889 et
1251 3845 1321 3891 con·
1378 3825 1426 3886 111
1455 3824 1562 3886 Brevis
1584 3824 1632 3886 die
1655 3841 1744 3885 xvrn.
1769 3825 1842 3886 maii
1863 3841 2053 3887 unexxxvn.
2072 3842 2124 3888 ex·

575 3916 675 3978 stituti
697 3916 729 3976 in
751 3918 918 3980 excolenda
934 3919 1023 3980 vinei
1039 3919 1092 3981 liei
1107 3921 1251 3982 sabbaoth
1267 3937 1321 3999 per
1378 3919 1487 3996 peditis
1509 3918 1630 3996 plenius
1652 3919 1840 3980 1111111111.
2158 3921 2160 3923 ’
2411 3917 2412 4010 l

576 4011 760 4072 universum
793 4019 948 4074 terrarum
973 4013 1081 4074 orbem
1107 4014 1321 4094 1111111111-
1417 4011 1731 4086 ι1111111111111,
1758 4013 1838 4074 sicut
1866 4014 1971 4074 eadem
2004 4013 2123 4092 exposi-
2210 4025 2274 4088 ntae
2296 4037 2349 4072 novo
2411 4013 2412 4084 l

575 4103 657 4164 erius
671 4103 846 4164 adlaborare
862 4114 1101 4184 perguntatque
1115 4109 1318 4170 contendunt.
1379 4107 1420 4166 tio
1440 4106 1657 4182 subiungebat,
1681 4108 1779 4168 dictus
1807 4106 1975 4168 llatthaeus
1997 4107 2124 4185 privile-
2142 4077 2281 4188 ffissssffi‘q‘m
2290 4083 2350 4178 ²1¹1}ss

397 4201 557 4258 capitacon·
616 4200 635 4274 ᾗ
659 4199 684 4259 1,
710 4199 829 4278 Exponi
850 4201 1003 4279 siquidem
1019 4204 1108 4266 nobis
1130 4221 1230 4282 nuper
1252 4205 1322 4267 fecit
1378 4199 1426 4275 gia
1450 4215 1506 4260 seu
1532 4199 1651 4260 indulta
1681 4201 1832 4278 praediciti
1861 4200 1894 4261 dd
1924 4201 2066 4262 alumnos
2091 4209 2123 4261 el
2142 4187 2211 4231 ⁰³²⁰
2222 4187 2350 4232 mmm

345 4255 488 4302 eessionum
524 4257 557 4302 ab
2142 4242 2196 4285 tur.

345 4310 446 4356 Urbano
459 4312 521 4356 Vlll.
533 4322 558 4356 a·

346 4363 442 4409 lamnis
457 4363 557 4420 collegii

345 4417 442 4517 ffini
474 4417 558 4464 tacta-

577 4294 707 4357 dilectus
730 4295 811 4356 tilius
832 4295 1001 4356 Matthaeus
1022 4295 1109 4375 llipa,
1132 4298 1322 4360 innecteret

578 4388 744 4449 modernus
765 4389 905 4465 superior
927 4405 959 4450 ac
981 4397 1081 4452 rector
1103 4391 1316 4467 congregatio-

577 4481 626 4542 nis
648 4490 679 4542 et
700 4480 822 4556 collegii
842 4480 901 4542 sub
922 4481 1116 4544 invocatione
1140 4483 1247 4546 Sacrae
1269 4487 1323 4546 Fa·

577 4573 681 4635 miliae
712 4576 779 4636 lesu
808 4574 922 4636 Christi
949 4584 1036 4636 extra
1066 4593 1170 4638 muros
1191 4579 1323 4640 civitatis

578 4677 795 4756 Neapolitanae
822 4690 1015 4755 erectorum,
1043 4699 1177 4759 quorum
1200 4683 1323 4746 institu-

578 4785 644 4837 1111
661 4790 717 4851 per
731 4774 803 4836 alias
815 4783 933 4836 nostras
947 4775 977 4835 in
993 4775 1088 4836 simili
1105 4777 1200 4838 111111
1216 4779 1323 4841 brevis

578 4868 694 4930 litteras
714 4869 846 4947 desuper
866 4869 916 4930 die
936 4885 990 4930 vn.
1009 4869 1113 4946 aprilis
1128 4886 1320 4934 uneexxxn.

577 4965 734 5044 expeditas
755 4963 1002 5042 approbavimus,
1026 4981 1059 5026 ac
1079 4965 1211 5026 subinde
1232 4981 1323 5041 regu-

578 5059 619 5120 las
641 5073 764 5136 quoque
778 5057 1027 5130 cenhmavirnus‚
1045 5059 1124 5134 quod
1141 5057 1212 5118 alias
1227 5057 1324 5120 lelicis

578 5151 798 5214 recordationis
834 5150 975 5212 Urbanus
1008 5149 1084 5211 Vlll.
1113 5152 1324 5228 praedecessor

579 5257 684 5308 noster
713 5244 831 5305 dilectis
858 5243 928 5305 filiis
957 5251 1030 5305 tunc
1056 5252 1086 5305 et
1107 5259 1163 5320 pro
1186 5251 1324 5318 tempore

579 5339 785 5400 existentibus
806 5337 940 5398 alumnis
957 5343 988 5397 11
1003 5335 1230 5397 convictoribus
1246 5337 1324 5397 Con-

579 5431 768 5510 gregationis
789 5430 827 5491 de
850 5428 1044 5505 Propagandi
1074 5427 1167 5502 Fide,
1197 5427 1325 5504 aliisque

579 5526 631 5603 qui
663 5523 882 5603 quoquomodo
912 5522 946 5580 ad
975 5520 1154 5580 instantiam
1186 5519 1324 5580 eiusdem

580 5614 835 5692 Congregationis
857 5613 971 5673 llonrae
993 5612 1042 5673 vel
1064 5613 1135 5673 alibi
1157 5613 1326 5674 educaren-

581 5717 642 5782 tur,
665 5717 700 5771 ut
722 5708 790 5787 ipsi,
806 5707 920 5785 absque
942 5705 1053 5766 litteris
1071 5705 1324 5768 dimissorialibus

620 5924 649 5980 (1)
665 5925 701 5966 Ex
715 5921 805 5965 eodem
820 5919 958 5966 tabulario.

1378 4293 1569 4354 convictores
1600 4293 1720 4369 collegii
1749 4293 1857 4356 Sacrae
1884 4293 2031 4356 Familiae
2058 4295 2124 4356 lesu

1378 4386 1494 4449 Christi
1515 4386 1693 4446 huiusmodi
1721 4403 1775 4464 per
1798 4403 1853 4447 nos
1879 4387 2003 4448 extendi
2032 4395 2124 4465 atque

1378 4481 1488 4542 iisdem
1510 4479 1635 4541 concedi
1649 4495 1848 4558 summopere
1866 4481 2031 4542 desideret:
2056 4496 2123 4555 nos,

1378 4575 1435 4654 piis
1450 4573 1588 4635 eiusdem
1603 4573 1746 4634 Matthaei
1758 4573 1837 4635 votis
1851 4574 1906 4635 hac
1922 4573 1953 4634 in
1969 4590 2014 4645 re,
2031 4589 2126 4650 quan·

1380 4676 1446 4728 tum
1473 4683 1544 4728 cunr
1565 4667 1695 4728 Domino
1720 4683 1893 4744 possumus,
1916 4666 2126 4728 favorabiliter

1379 4776 1518 4822 annuere
1548 4759 1697 4830 volentes,
1722 4775 1856 4836 euntque
1877 4768 1909 4822 et
1930 4760 2072 4822 alumnos
2093 4775 2126 4818 ae

1378 4856 1569 4918 convictores
1584 4853 1792 4914 secundodicti
1812 4853 1933 4930 collegii
1948 4853 2126 4915 huiusmodi

1379 4948 1569 5028 aquibusvis
1591 4947 1931 5019 excommunicationis,
1953 4946 2126 5023 suspensio·

1380 5044 1428 5103 nis
1449 5051 1480 5102 et
1501 5039 1667 5113 interdicti,
1684 5038 1812 5116 aliisque
1826 5037 2038 5100 ecelesiasticis
2057 5053 2128 5098 sen-

1382 5135 1500 5207 tentiis,
1530 5133 1668 5194 eensuris
1693 5142 1724 5193 11
1749 5131 1867 5210 poenis,
1890 5148 1906 5190 a
1928 5131 1996 5192 iure
2017 5130 2067 5190 vel
2089 5133 2127 5191 ab

1380 5229 1524 5301 homine,
1548 5225 1655 5304 quavis
1683 5224 1841 5287 occasione
1863 5223 1913 5284 vel
1934 5225 2023 5285 causa
2044 5223 2124 5297 latis,

1380 5321 1532 5398 siquibus
1555 5319 1786 5398 quomodolibet
1811 5319 1950 5379 innodati
1975 5317 2125 5391 existunt,

1380 5417 1416 5476 ad
1438 5413 1582 5475 ellectum
1605 5413 1816 5491 praesentium
1841 5415 2002 5473 dumtaxat
2022 5425 2126 5471 consc-

1381 5510 1551 5586 quendum‚
1568 5507 1677 5568 harum
1694 5507 1775 5566 serie
1790 5505 1982 5566 absolventes
1998 5512 2027 5564 et
2043 5503 2127 5564 abso-

1381 5603 1462 5662 lutos
1484 5601 1549 5661 iure
1571 5607 1742 5673 censentes,
1764 5597 2039 5676 supplicationibus
2061 5596 2128 5657 eius

1382 5697 1510 5758 nomine
1533 5696 1619 5756 nobis
1641 5711 1733 5772 super
1750 5695 1806 5755 hoc
1821 5693 1984 5754 humiliter
2005 5705 2128 5768 porrec-
