4878 6982
2086 15 2346 180 V

331 543 384 598 Au.
399 549 429 602 c.
452 547 517 599 1701
568 543 627 608 not
1067 560 1129 605 ion.
1155 557 1245 606 nour.
1269 559 1310 604 pu
1331 559 1360 604 r.
1385 559 1413 604 r.
1438 562 1521 607 rans
1543 562 1563 606 1.
2128 547 2181 601 An.
2196 551 2227 602 d.
2250 548 2326 600 1701

548 685 694 763 expedire
714 684 896 759 censuisset,
919 684 1110 762 praedictum
1135 684 1295 746 decretum
1350 679 1480 759 aliisque
1494 681 1705 746 ecclesiasticis
1725 685 1901 761 sententiis,
1913 686 2053 750 censuris
2067 695 2097 750 et

548 779 716 842 delinitorii
728 779 881 856 generalis
896 793 951 856 pro
965 794 1021 840 suo
1035 777 1163 840 arbitrio
1177 785 1209 840 et
1223 793 1297 854 pru·
1351 773 1468 852 poenis,
1492 775 1593 836 aiore
1617 775 1667 837 vel
1692 776 1728 838 ab
1749 777 1889 852 bomine,
1919 778 2028 857 quavis
2048 795 2097 842 oc·

548 872 652 935 denaia
673 872 855 952 approbaret
869 880 961 951 atque
975 873 1183 934 confirmaret.
1206 870 1295 932 Unde
1350 867 1470 930 casione
1494 868 1543 930 vel
1565 868 1654 930 causa
1679 869 1759 946 latis,
1780 871 1807 932 si
1828 872 1942 948 quibus
1967 887 2099 952 quomo-

547 965 613 1044 ipse
633 965 780 1044 Iosephus
794 966 930 1028 lienatus
946 963 1114 1028 cardinalis
1129 971 1160 1024 et
1175 969 1294 1041 protec-
1350 959 1465 1022 delibet
1488 961 1653 1026 innodatus
1666 962 1783 1039 existit,
1799 963 1834 1024 ad
1850 963 1997 1027 ellectum
2012 981 2099 1044 prae·

548 1067 597 1119 tor
607 1058 640 1120 in
656 1057 720 1120 vim
735 1058 886 1120 lacultatis
897 1057 955 1120 sibi
966 1057 1011 1118 sic
1022 1056 1187 1119 attributae
1201 1071 1294 1118 suum
1349 1053 1488 1114 sentium
1511 1055 1669 1117 dumtaxat
1691 1059 1956 1135 consequendum,
1984 1061 2097 1121 barum

548 1167 673 1228 quoque
694 1151 727 1212 iu
748 1149 924 1229 praemissis
950 1151 1111 1213 decretum
1133 1147 1227 1210 edidit
1249 1154 1293 1209 te·
1346 1147 1430 1208 serie
1461 1147 1655 1210 absolventes
1680 1156 1710 1210 el
1735 1149 1912 1214 absolutum
1939 1151 2005 1213 iore
2025 1167 2099 1214 cen·

548 1243 633 1304 noris
654 1243 707 1321 qui
728 1243 881 1322 sequitur,
904 1243 1061 1306 videlicet:
1320 1284 1323 1367 ¹
1350 1245 1465 1314 sentes,
1488 1241 1763 1318 supplicationibus
1778 1243 1844 1304 eius
1860 1245 1989 1306 nomine
2010 1245 2098 1306 nobis

330 1333 529 1378 nacrerumcar-
588 1337 729 1414 «loseph
754 1337 891 1399 Renatus
912 1335 943 1399 S.
954 1334 1078 1411 Georgii
1100 1335 1132 1396 iu
1162 1333 1294 1396 Velabro
1320 1370 1323 1385 ·
1349 1345 1443 1410 super
1464 1333 1521 1395 boc
1539 1333 1701 1396 humiliter
1716 1336 1864 1413 porrectis
1879 1337 2030 1411 inclinati,
2046 1338 2096 1400 de-

317 1386 530 1500 iiiiihsaiiiiiiiss
548 1429 671 1492 s.tt.l3.
696 1429 846 1493 Diaconus
874 1427 1044 1492 cardinalis
1071 1427 1241 1505 imperialis
1263 1431 1294 1488 et
1320 1411 1323 1529 i
1349 1431 1471 1486 cretum
1486 1427 1717 1504 praeinsertum
1738 1445 1754 1488 a
1775 1437 1949 1491 memorato
1970 1431 2097 1509 losepbo

317 1497 370 1590 ξῗὲθ
384 1492 529 1642 ἒὲῖζὶῗθξξζ
548 1521 643 1583 totius
653 1523 775 1586 Ordinis
787 1523 887 1586 Sancti
901 1521 1068 1598 Augustini
1080 1527 1294 1600 protectam·
1320 1532 1322 1599 j
1350 1515 1467 1578 Renato
1489 1517 1643 1582 cardinali
1665 1527 1695 1581 et
1715 1527 1889 1598 protectore
1912 1521 2044 1595 editum,
2061 1527 2095 1582 ut

317 1596 529 1696 ssffiffimdssgffiff
549 1613 663 1690 ligore
694 1615 919 1677 commissionis
943 1623 975 1676 et
1003 1613 1154 1676 facultatis
1175 1629 1190 1672 a
1212 1613 1293 1676 sacra
1320 1610 1323 1688 ζ
1350 1609 1541 1685 praefertur,
1574 1611 1755 1674 auctoritate
1782 1613 1961 1692 apostoliea,
1984 1621 2094 1675 tenore

316 1715 528 1815 papescpffigpq
549 1707 797 1784 Congreganone
811 1707 1032 1787 episcoporum
1046 1707 1293 1784 albegundem
1350 1701 1571 1778 praesentium,
1589 1704 1810 1766 confirmemus
1831 1713 1862 1767 et
1878 1705 2093 1783 approbamus,

316 1810 439 1856 tutorum.
548 1808 719 1877 emanatae,
742 1808 772 1862 et
793 1802 831 1863 de
852 1803 984 1863 varitate
1001 1818 1034 1863 ac
1056 1799 1293 1862 rationabilitate
1351 1792 1458 1871 illique
1474 1795 1662 1857 inviolabilis
1676 1798 1858 1876 apostolicae
1874 1797 2029 1860 firmitatis
2049 1813 2096 1858 ro-

548 1894 759 1972 expositorum
787 1893 859 1956 satis
889 1894 1044 1968 instructi,
1073 1895 1294 1955 confirmamus
1351 1885 1409 1948 bur
1437 1887 1607 1962 adiioirnus,
1630 1906 1664 1950 ac
1685 1895 1794 1952 omnes
1815 1897 1845 1952 et
1866 1889 2005 1968 singulos
2021 1890 2096 1952 iuris

546 1987 757 2063 supradictum
779 1989 937 2050 decretum
953 1987 1078 2065 capituti
1099 1994 1130 2048 et
1150 1985 1294 2047 definite
1320 1982 1322 2071 i
1349 1977 1469 2040 evracri
1491 1979 1637 2052 detectus,
1660 1983 1752 2060 siqui
1773 1983 1905 2062 desuper
1928 1982 2097 2062 quomode

546 2079 585 2139 rii
600 2079 752 2154 generalis
767 2080 1024 2156 Congregationis
1036 2077 1292 2140 Discaleeatorum
1319 2076 1322 2216 f
1349 2069 1423 2132 libet
1438 2072 1679 2150 intervenerint.
1701 2077 1892 2155 seleiemus·

547 2172 578 2235 S·
597 2171 765 2249 Augustini
777 2171 938 2251 llispaniae
948 2178 979 2234 et
993 2172 1163 2245 indiarum,
1179 2178 1210 2232 et
1220 2186 1293 2232 con·
1319 2220 1322 2237 ,
1389 2165 1407 2240 ἓ
1429 2165 1457 2226 3.
1481 2166 1701 2243 Deoernentes,
1715 2169 1835 2231 easdem
1849 2180 2025 2249 praesentes
2047 2172 2096 2234 lit·
2140 2185 2292 2232 clausurae.

546 2265 733 2327 cedimusut
752 2274 965 2344 procuratores
987 2263 1146 2341 generales
1166 2266 1292 2340 provin·
1319 2255 1322 2359 1
1351 2262 1429 2318 ieras
1454 2273 1576 2336 semper
1603 2261 1724 2336 firmas,
1758 2261 1870 2325 validas
1899 2271 1931 2326 et
1959 2265 2096 2328 efficaces

546 2357 664 2420 ciarum
680 2358 711 2422 S.
729 2357 844 2420 Nicolai
866 2357 903 2419 de
918 2358 1084 2420 Tolentino
1100 2358 1132 2418 in
1147 2357 1294 2435 Pbilippi-
1349 2349 1481 2412 existere
1502 2359 1534 2413 et
1554 2351 1637 2427 iore,
1659 2369 1793 2434 suosque
1819 2355 1971 2434 plenarios
1991 2365 2023 2420 et
2044 2358 2094 2421 in-

546 2449 595 2510 nis
616 2458 647 2512 et
678 2449 877 2513 candelariae
904 2449 935 2510 in
965 2447 1150 2512 lerrasrrmd
1178 2449 1292 2512 babere
1350 2449 1452 2520 tegros
1483 2443 1610 2508 ellectus
1633 2447 1737 2510 sortiri
1767 2455 1797 2510 et
1825 2449 1981 2526 obtinere,
2005 2468 2038 2514 ac
2060 2453 2095 2514 il-

546 2557 670 2619 semper
691 2543 808 2618 possint
824 2549 854 2603 et
866 2542 997 2604 habeant
1013 2549 1122 2604 votum
1138 2552 1169 2605 et
1183 2557 1291 2605 vocem
1349 2535 1396 2608 iis,
1409 2536 1445 2598 ad
1467 2552 1543 2614 dues
1564 2545 1679 2616 spectat
1701 2547 1731 2602 et
1746 2541 1779 2602 in
1795 2540 1936 2605 futurum
1958 2546 2097 2622 qnando-

547 2635 579 2696 in
594 2633 740 2698 omnibus
754 2634 897 2713 capitulis
910 2635 1150 2712 provincialibus
1164 2650 1291 2696 suarum
1347 2645 1483 2708 cumque
1503 2632 1661 2708 spectabit,
1684 2632 1717 2694 in
1739 2635 1885 2697 omnibus
1906 2645 1937 2700 et
1958 2653 2013 2716 per
2027 2655 2094 2702 om-

546 2728 789 2806 provinciarom.
822 2729 939 2790 Pariter
966 2729 1187 2790 conlirmamus
1208 2727 1290 2788 aliud
1319 2748 1321 2805 ς
1348 2721 1398 2782 nie
1420 2721 1598 2800 plenissime
1618 2725 1790 2802 suffragari,
1807 2735 1838 2790 et
1859 2729 1896 2790 ab
1911 2731 1953 2792 eis
1976 2747 2097 2810 respec-

546 2819 706 2884 decretum
727 2837 783 2883 seu
804 2821 926 2884 decreta
946 2821 1085 2883 eiusdem
1100 2820 1226 2898 capituli
1241 2833 1292 2896 ge·
1318 2824 1321 2935 ἱ
1348 2813 1411 2876 tire
1426 2815 1647 2879 inviolabiliter
1662 2819 1828 2896 observari,
1843 2823 1948 2901 sicque
1966 2825 1998 2886 in
2012 2841 2095 2902 prae-

547 2913 674 2988 nevalis,
687 2922 718 2977 et
729 2915 928 2977 concedimus
940 2921 974 2975 ut
985 2929 1041 2992 pro
1052 2913 1189 2992 qualibet
1199 2911 1292 2974 dicta·
1349 2907 1449 2968 missis
1471 2923 1526 2986 per
1547 2926 1761 2990 quoscumque
1787 2913 1904 2977 iudices
1926 2916 2096 2980 ordinarios

545 3019 617 3066 rum
632 3005 861 3082 provinciarum
876 3005 906 3068 S.
919 3003 1033 3066 Nicolai
1047 3011 1080 3066 et
1095 3003 1293 3066 Candelariae
1348 3005 1379 3060 et
1393 2999 1559 3079 delegatos,
1574 3003 1669 3064 etiam
1685 3021 1845 3068 causarum
1861 3007 1963 3085 palatii
1978 3019 2096 3087 aposto-

545 3098 679 3175 eligatur
699 3115 782 3161 unus
803 3099 949 3161 delinitor
970 3097 1135 3175 generatis,
1151 3106 1243 3174 prout
1259 3095 1291 3157 in
1348 3090 1399 3152 lici
1420 3095 1590 3170 auditores,
1617 3096 1746 3160 iudicari
1768 3106 1798 3160 et
1820 3101 1943 3162 deliniri
1965 3103 2093 3178 debere,

544 3190 611 3252 aliis
632 3193 800 3270 provinciis
811 3191 983 3269 Hispaniae,
1001 3192 1055 3269 qui
1077 3191 1160 3252 inter
1173 3197 1292 3251 ceteros
1347 3201 1380 3246 ac
1392 3187 1517 3250 irritum
1533 3195 1563 3250 et
1576 3189 1670 3252 inane
1683 3192 1709 3252 si
1722 3207 1809 3255 secus
1824 3211 1917 3272 super
1932 3195 2004 3257 hisa
2020 3213 2095 3274 quo·

545 3287 726 3348 definitores
741 3285 900 3362 generales
914 3290 1153 3358 annumeretur,
1170 3282 1292 3344 iisdem·
1318 3289 1321 3346 ζ
1347 3295 1452 3357 quam,
1475 3283 1583 3360 quavis
1604 3285 1796 3361 auctoritate,
1819 3288 1954 3350 scienter
1975 3289 2026 3350 vel
2047 3289 2093 3350 in-

545 3393 606 3456 que
626 3377 809 3455 privilegiis,
832 3377 952 3439 iuribus
973 3385 1004 3438 et
1022 3376 1218 3439 facultatibus
1239 3391 1291 3454 po·
1318 3364 1320 3373 ’
1348 3382 1529 3450 gnoranter,
1551 3377 1716 3453 contigerit
1738 3382 1893 3442 attentari.
2432 3423 2433 3448 2

544 3469 649 3531 tiatur.
674 3467 827 3532 Volumus
848 3478 954 3531 autem
969 3476 1004 3530 ut
1018 3467 1145 3549 praelati
1164 3469 1225 3530 duo
1241 3469 1320 3549 de-,
1387 3465 1456 3539 §l-
1481 3466 1551 3530 Non
1572 3469 1763 3532 obstantibus
1778 3474 1953 3550 praemissis
1968 3491 2001 3538 ac
2022 3491 2094 3538 con-
2135 3490 2343 3552 canteriorum
2432 3449 2433 3471 ¹

545 3562 685 3624 linitores
717 3562 790 3638 eligi
817 3562 947 3624 debeant
974 3579 1012 3623 ex
1040 3563 1111 3623 filiis
1139 3562 1289 3625 dictarum
1346 3559 1560 3623 stitutionibus
1589 3567 1619 3624 et
1640 3562 1886 3628 ordinationibus
1910 3569 2092 3646 apostolicis,
2112 3541 2253 3598 ‘¹⁰‘⁰⁸¹²¹¹⁰'

544 3653 777 3732 provinciarum
794 3653 824 3717 S.
842 3653 957 3716 Nicolai
979 3663 1011 3716 et
1033 3654 1230 3717 candelariae
1244 3669 1291 3714 re·
1347 3667 1481 3728 necnon,
1497 3663 1650 3732 quatenus
1664 3671 1740 3734 opus
1755 3657 1805 3732 sit,
1819 3659 1951 3724 duarum
1967 3665 2092 3741 provin-

544 3747 697 3826 speetive,
720 3755 875 3825 quatenus
896 3755 1036 3825 tempore
1063 3747 1223 3809 electionis
1244 3761 1293 3808 re·
1318 3784 1320 3795 =
1347 3744 1465 3806 ciarum
1487 3755 1517 3807 et
1539 3747 1660 3811 Ordinis
1681 3750 1871 3828 huiusmodi,
1894 3755 1987 3818 etiam
2013 3756 2093 3820 iura-

544 3839 707 3918 periantur
728 3841 760 3902 in
784 3841 925 3919 Hispania
947 3839 1042 3919 aliqui
1065 3857 1103 3902 ex
1125 3841 1161 3900 iis
1183 3839 1245 3918 apti
1261 3847 1291 3902 et
1348 3845 1466 3913 mento,
1483 3842 1718 3905 confirmatione
1732 3847 1906 3924 apostolica,
1922 3849 1973 3910 vel
1986 3851 2093 3928 quavis

545 3933 648 3996 idonei
664 3935 699 3996 ad
715 3949 831 3996 munus
852 3934 1026 3996 definitoris
1046 3934 1290 4012 suscipiendum3
1349 3931 1495 3995 llrmitate
1515 3935 1571 3995 alia
1594 3935 1753 4012 roboratis,
1777 3941 1899 4002 statutis
1921 3947 1951 4002 et
1966 3959 2094 4005 consue-

544 4026 592 4088 sin
615 4026 730 4102 minus,
746 4027 905 4104 eligantur
919 4027 969 4088 alii
988 4043 1026 4088 ex
1041 4026 1209 4104 provinciis
1225 4025 1291 4088 llis-
1348 4026 1521 4102 tudinihus,
1544 4028 1717 4106 privilegiis
1744 4047 1881 4110 quoque,
1911 4034 2039 4098 indultis
2063 4045 2094 4099 et

545 4119 654 4198 paniae
665 4135 720 4196 pro
730 4120 910 4199 supradictis
922 4119 1288 4198 provinciisdeilnitores.
1348 4117 1460 4179 litteris
1481 4120 1653 4196 apostolicis
1675 4121 1706 4184 in
1732 4125 1924 4187 contrarium
1949 4129 2095 4205 praemis-

544 4211 627 4285 Quae
647 4213 773 4290 quidem
795 4214 928 4286 decreta,
945 4213 987 4274 sic
1003 4219 1144 4289 utsupra
1160 4212 1292 4274 auctori·
1318 4144 1321 4275 i
1347 4225 1454 4271 sorum
1472 4212 1703 4289 quomodolibet
1725 4217 1887 4290 concessis,
1904 4219 2094 4281 confirmatis

545 4310 608 4364 tate
629 4305 688 4364 iam
712 4305 788 4367 dicta
803 4323 818 4366 a
834 4306 923 4368 nobis
944 4305 1125 4368 confirmata
1140 4312 1170 4367 et
1185 4321 1292 4383 appro-
1318 4286 1321 4378 i
1349 4310 1379 4364 et
1401 4303 1574 4380 innovatis,
1598 4306 1711 4382 quibus
1732 4307 1878 4370 omnibus
1900 4317 1929 4372 et
1950 4311 2092 4388 singulis,

545 4396 624 4470 bata,
646 4398 803 4476 perpetuis
819 4399 1011 4477 temporibus
1026 4399 1181 4460 observari
1205 4398 1293 4458 volu·
1318 4409 1321 4420 ⁴
1348 4395 1474 4458 illorum
1497 4403 1620 4458 tenores
1645 4400 1859 4476 praesentibus
1880 4417 1936 4479 pro
1958 4403 2049 4482 plene
2064 4411 2094 4465 et

545 4505 615 4551 mus
637 4498 667 4552 et
689 4493 886 4568 mandamus,
915 4507 978 4553 non
1007 4491 1199 4553 obstantibus
1224 4491 1293 4569 qui·
1319 4526 1320 4587 p
1347 4487 1538 4549 sufficienter
1559 4493 1709 4567 expressis
1721 4507 1754 4552 ac
1766 4491 1802 4552 ad
1823 4495 1955 4556 verbum
1972 4495 2094 4558 insertis

544 4583 749 4662 bnscumque.
784 4583 845 4658 Sic,
875 4594 934 4646 etc.
966 4586 1074 4646 ilatum
1109 4583 1223 4646 Romae
1254 4600 1291 4646 ex
1318 4592 1321 4677 g
1349 4581 1507 4654 babentes,
1525 4580 1584 4642 illis
1600 4583 1671 4642 alias
1693 4583 1725 4643 in
1740 4600 1796 4646 suo
1822 4587 1932 4649 robore
1953 4604 2094 4666 perman·

545 4675 669 4737 aedibus
697 4677 828 4751 nostris,
856 4679 980 4740 baedae
1008 4693 1120 4738 xxvru.
1146 4675 1291 4738 februarii
1318 4739 1320 4749 ,
1347 4673 1439 4747 suris,
1459 4677 1493 4736 ad
1517 4675 1756 4753 praemissorum
1777 4677 1934 4754 ellectum,
1951 4682 2005 4744 bac
2027 4683 2094 4745 vice

546 4789 656 4835 uooor.
679 4773 735 4852 (l).
759 4805 797 4820 -
819 4773 1248 4837 l.ll.Gard.lurraa1xms».
1318 4801 1320 4868 Ι
1348 4767 1524 4841 dumtaxat,
1555 4768 1728 4845 specialiter
1748 4778 1779 4830 et
1800 4787 1945 4848 expresse
1968 4773 2095 4852 deroga-

1318 4906 1320 4925 ,
1347 4875 1433 4936 mus;
1456 4861 1629 4937 ceterisque
1650 4862 1812 4922 contrariis
1834 4863 2091 4945 quibuscumque.

316 4957 527 5056 decffggiffiffiff
585 4959 653 5032 ἓξ.
680 4959 758 5022 Cum
780 4967 901 5033 autem,
924 4960 1003 5021 siout
1034 4958 1133 5020 dictus
1161 4957 1320 5042 loannesi¹
1387 4954 1498 5015 Datum
1520 4953 1635 5014 Romae
1655 4955 1734 5030 apud
1757 4953 1789 5016 S.
1807 4953 1944 5031 Petrum,
1962 4959 2020 5020 sub
2041 4976 2096 5020 an·

316 5061 383 5122 naris
402 5065 526 5118 protecto-
546 5052 701 5127 Antonius
722 5052 810 5112 nobis
830 5051 962 5114 subinde
984 5050 1096 5128 exponi
1117 5049 1200 5124 iecit,
1227 5050 1291 5127 ipse
1317 5049 1320 5112 l
1347 5047 1422 5108 nulo
1444 5046 1565 5121 Piscat,
1586 5047 1636 5109 die
1662 5061 1711 5106 xv.
1737 5046 1842 5124 aprilis
1871 5065 1995 5126 unocu,
2020 5069 2093 5130 pon·

316 5126 356 5160 '¹⁵'
545 5143 706 5205 decretum
720 5144 909 5218 huiusmodi,
926 5160 986 5221 quo
1002 5143 1288 5214 iirmiussubsistat,
1317 5133 1319 5222 3
1348 5140 1478 5201 tibcatus
1501 5139 1598 5201 nostri
1621 5154 1702 5200 anno
1724 5155 1745 5199 1.

545 5237 725 5314 apostolicae
749 5237 992 5300 confirmationis
1018 5244 1141 5299 nostrae
1161 5235 1290 5314 patroci-
1317 5226 1319 5281 l

546 5329 599 5390 nio
612 5329 801 5392 communiri
820 5345 1020 5408 summopere
1035 5329 1203 5391 desideret:
1221 5345 1288 5403 nos,
1316 5343 1319 5409 p

546 5421 642 5498 ipsius
653 5421 773 5483 loannis
789 5422 918 5484 Antonii
930 5423 1009 5484 votis
1020 5421 1075 5482 bac
1090 5421 1122 5482 in
1134 5437 1179 5496 re,
1192 5437 1291 5499 quan·
1316 5433 1319 5493 ζ
1694 5423 1742 5484 lll.

546 5520 615 5574 tum
636 5529 708 5575 cum
730 5515 862 5576 Domino
883 5530 1057 5594 possumus,
1081 5513 1291 5576 favorabiliter
1316 5502 1319 5580 ζ

546 5621 685 5667 annuere
708 5606 858 5682 volentes,
883 5623 1018 5685 eumque
1033 5625 1049 5668 a
1063 5607 1223 5686 quibusvis
1238 5623 1291 5668 ex·
1316 5592 1319 5627 ¹
1348 5605 1569 5684 Confirmotcr
1591 5608 1752 5670 decretum
1769 5608 1957 5675 cardinalis
1971 5619 2093 5688 proteo·

546 5697 1067 5778 communicationis,suspensionis
1078 5707 1109 5759 et
1121 5698 1288 5773 interdicti,
1316 5754 1319 5762 i
1388 5699 1470 5761 toris
1507 5701 1543 5763 de
1577 5703 1761 5783 privilegiis
1799 5705 2092 5769 conspissartorom
2135 5747 2138 5752 -

1604 5299 1842 5308 -——----.-—.-

589 5909 618 5972 (1)
634 5909 701 5956 Edit.
716 5911 793 5958 Mein.
808 5911 874 5970 legit
890 5915 960 5962 17⁰4.
