4848 6990
319 555 373 610 An.
387 557 417 609 O.
440 555 508 609 1690
559 555 616 620 132

537 694 629 771 potiri
651 693 781 756 debeant
802 694 945 758 omuibus
966 693 1097 770 iuribus,
1123 706 1284 772 praeroga·

537 787 608 848 tivis
629 795 660 850 et
681 788 945 866 praeeminentiis,
960 805 993 850 ac
1018 787 1122 850 baberi
1144 795 1174 849 et
1194 801 1284 864 repu-

537 880 594 942 tari
616 881 740 957 debere,
766 881 845 943 acsi
867 882 989 958 integro
1011 882 1136 943 trienno
1157 881 1283 959 provin-

536 973 662 1036 cialatus
684 973 832 1037 313111313
862 975 1087 1050 exercuissent,
1116 974 1148 1036 in
1176 973 1282 1050 eisque

537 1066 722 1142 extitissent,
743 1068 837 1130 etiam
852 1076 993 1147 respectu
1009 1065 1211 1130 intermediae
1232 1081 1283 1126 va-

536 1159 677 1235 cationis,
701 1162 738 1223 de
759 1179 819 1241 qua
846 1163 880 1223 fit
905 1161 1024 1223 mentio
1053 1162 1087 1221 iu
1114 1159 1195 1223 dicto
1216 1175 1279 1238 cap.

537 1267 648 1316 xxxix.
672 1256 931 1318 constitutionum
953 1254 1089 1318 Ordinis:

577 1363 652 1408 «vv.
677 1349 847 1424 Praeterea,
870 1351 906 1411 ad
930 1347 1077 1410 tollendas
1099 1362 1206 1409 omnes
1227 1343 1283 1408 du-

536 1441 659 1506 biorum
686 1459 790 1506 causas
816 1452 907 1522 atque
933 1442 1124 1517 occasiones,
1151 1440 1283 1504 declara·

536 1552 605 1600 mus
626 1551 735 1598 purnes
756 1537 886 1615 priores,
908 1535 1044 1614 aliosque
1061 1535 1208 1596 habentes
1229 1548 1282 1594 vo-

536 1645 603 1692 cem
625 1630 657 1691 13
679 1629 810 1708 capitulo
833 1629 1017 1692 intermedio
1033 1630 1118 1691 iuxta
1139 1635 1281 1690 tenorem

536 1723 718 1785 earumdem
743 1723 1004 1786 constitutionum
1033 1723 1065 1784 in
1091 1722 1179 1784 dictis
1203 1722 1283 1799 capi-

537 1826 568 1880 te
589 1833 699 1878 xxxix.
717 1823 749 1879 et
763 1818 860 1896 capite
882 1833 970 1894 xxv,
994 1818 1142 1880 interesse
1157 1816 1280 1892 debere,

536 1927 569 1972 33
590 1927 699 1973 vocem
721 1910 753 1972 in
768 1910 923 1973 antedicto
938 1912 1080 1989 proximo
1096 1909 1281 1972 intermedio

535 2005 668 2084 capitulo
690 2006 812 2080 habere,
835 2005 954 2069 etiamsi
977 2004 1114 2082 elapsum
1135 2004 1178 2065 311·
1204 2011 1281 2066 tem-

536 2115 593 2177 pus
614 2098 769 2160 triennale
793 2113 902 2161 eorum
930 2098 1033 2172 cilicii,
1055 2105 1086 2158 et
1112 2097 1279 2176 capitulum

535 2191 758 2254 intermedium
792 2199 930 2272 tempore
961 2207 978 2252 a
1008 2191 1281 2253 constitutionibus

535 2284 657 2348 Ordinis
678 2287 866 2366 praescripto
881 2285 1071 2348 celebratum
1088 2301 1151 2346 non
1166 2283 1278 2345 luerit:

326 1354 360 1398 be
377 1351 515 1400 vocatibus.

305 2379 517 2479 trssb⁵3l2ssffiv2³l
576 2395 638 2438 «v.
661 2379 814 2454 Quoniam·
833 2386 949 2454 autem,
968 2389 1004 2439 ut
1025 2378 1209 2457 praefertur,
1232 2393 1280 2456 pa-

304 2444 583 2550 3333133331333133
605 2474 731 2534 loannes
752 2473 789 2534 de
812 2471 957 2536 Cabaleda
987 2471 1138 2549 generalis
1162 2471 1221 2533 luit
1241 2487 1279 2533 ex

304 2551 352 2586 ¹¹¹⁵·
534 2566 751 2628 commissione
768 2566 929 2628 tribunalis
944 2565 1145 2628 nunciaturus
1159 2563 1281 2644 publice

533 2661 836 2735 excommunicatus,
867 2660 1005 2739 privatus
1026 2675 1101 2723 voce
1131 2659 1230 2721 activi
1251 2667 1281 2720 et

533 2756 668 2834 passiva,
693 2763 723 2817 et
745 2755 776 2816 in
799 2755 870 2816 alias
896 2771 1008 2834 poenas
1039 2755 1279 2829 condemnatus;

532 2856 705 2930 propterea,
719 2849 754 2909 ad
769 2864 894 2910 3333333
917 2848 1035 2910 bonum
1056 2849 1153 2908 tinem
1168 2853 1281 2908 31333-

533 2944 639 3018 telam,
662 2945 764 3022 ipsum
784 2951 902 3020 patrem
927 2941 1104 3018 generalem
1122 2939 1281 3002 absolven-

534 3039 609 3102 dum
631 3039 696 3100 lore
711 3045 742 3100 et
757 3053 822 3099 esse
843 3035 1001 3110 duximus
1025 3042 1116 3114 prout
1139 3049 1280 3114 praesen·

535 3134 573 3198 tis
594 3133 708 3196 decreti
735 3143 844 3194 tenore
864 3131 900 3192 ad
926 3129 1077 3192 cautelam
1099 3129 1280 3190 311333333-

533 3227 745 3290 municatione
766 3226 867 3287 lorsan
890 3225 1024 3298 incursu,
1040 3239 1078 3284 ex
1098 3221 1280 3302 supradictis

533 3321 727 3385 vacuitatibus
760 3319 865 3393 nobis,
895 3325 1069 3396 utsupra,
1101 3315 1278 3391 attributis,

533 3415 720 3478 absolvimus
742 3423 773 3477 et
796 3413 979 3488 liberamus,
1001 3419 1093 3491 atque
1114 3411 1222 3474 itidem
1244 3410 1280 3472 ab

532 3509 677 3574 omnibus
699 3517 730 3571 et
751 3507 1000 3587 quibuscumque
1020 3506 1086 3568 aliis
1110 3505 1217 3584 poenis
1239 3505 1278 3564 ir·

533 3604 647 3680 rogatis
667 3603 718 3664 vel
739 3602 935 3664 comminatis
962 3600 1156 3662 liberandum
1177 3606 1208 3660 et
1229 3599 1278 3659 ab·

531 3698 717 3760 solvendum
749 3697 815 3757 lore
846 3701 877 3755 et
904 3709 987 3768 esse,
1021 3701 1113 3771 atque
1144 3693 1237 3754 etiam
1263 3707 1278 3750 3

532 3791 704 3870 privatione
726 3789 809 3852 vocis
830 3789 945 3850 activae
966 3795 997 3848 et
1019 3787 1164 3864 passivae,
1187 3792 1279 3863 prout

529 3884 716 3948 absolvimus
738 3891 768 3946 et
788 3883 965 3955 liberamus,
988 3897 1021 3942 33
1042 3879 1170 3958 proinde
1192 3895 1279 3940 eum-

531 3981 601 4042 dem
623 3985 743 4057 patrem
758 3975 946 4053 generalem,
963 3981 1115 4053 quatenus
1136 3989 1212 4052 opus
1226 3973 1276 4046 sit,

531 4089 596 4136 esse
617 4073 650 4134 in
671 4071 840 4150 pristinum
856 4068 1096 4144 restituendum,
1113 4069 1276 4147 ipsumque

530 4167 714 4230 continuare
727 4163 840 4227 debere
853 4180 909 4227 seu
929 4164 1197 4226 manutenendum
1212 4179 1277 4224 esse

530 4263 563 4323 in
585 4261 735 4337 dignitate
757 4267 787 4320 et
808 4273 942 4321 munere
963 4258 1170 4334 generalatus,
1190 4272 1276 4318 exer·

531 4355 602 4418 citio
624 4353 710 4416 totali
731 4369 803 4414 suae
832 4351 1020 4414 auctoritatis
1042 4359 1072 4413 et
1094 4351 1277 4413 iurisdictio-

531 4449 590 4524 nis,
613 4463 735 4510 necnon
757 4447 825 4508 iure
846 4445 930 4507 vocis
951 4444 1067 4506 activae
1082 4451 1112 4506 et
1127 4445 1275 4523 passivae,

530 4542 675 4604 omnibus
701 4547 731 4602 et
758 4539 1006 4618 quibuscumque
1030 4538 1097 4600 aliis
1128 4539 1276 4617 praeemi-

531 4636 646 4699 nentiis
657 4641 688 4696 et
700 4632 933 4713 praerogativis,
948 4640 1039 4710 prout
1051 4632 1083 4693 in
1096 4631 1274 4710 pristinum,

530 4737 683 4808 quatenus
703 4742 780 4806 opus
800 4725 850 4801 sit,
874 4726 1069 4788 restituimus
1090 4733 1121 4787 et
1134 4733 1275 4787 manute-

530 4839 653 4896 nemus,
675 4837 708 4882 ac
729 4819 859 4899 amplius
879 4835 934 4897 pro
956 4819 1011 4882 bac
1032 4820 1129 4894 cuusd,
1152 4835 1208 4882 seu
1229 4835 1276 4882 oc·

530 4917 649 4980 33131333
670 4916 763 4977 buius
784 4931 909 4988 causae,
933 4929 995 4974 non
1017 4929 1083 4974 esse
1110 4913 1276 4976 molestan-

530 5011 623 5084 dum,
653 5017 743 5089 prout
765 5007 898 5086 amplius
919 5023 983 5068 non
1010 5007 1167 5068 molestari
1189 5021 1275 5069 man·

529 5107 654 5168 damus:

319 5205 510 5268 nepvnugrauo
569 5215 641 5260 «vv.
658 5197 724 5272 Quo
739 5211 813 5258 vero
826 5195 862 5258 ad
877 5201 995 5274 patrem
1011 5195 1047 5256 lr.
1062 5193 1188 5256 Petrum
1203 5196 1275 5257 Fer-

299 5263 378 5360 111,ιῐιδ
403 5265 509 5308 ⁵³⁰‘⁰²³'
531 5292 648 5354 nandez
670 5291 708 5352 de
735 5289 848 5367 llyllon
872 5287 1073 5351 secretarium
1101 5287 1273 5364 religionis,

529 5385 659 5446 dicimus
680 5383 887 5462 privationem
902 5397 957 5444 seu
979 5381 1217 5460 suspensionem
1238 5383 1275 5443 ab

529 5478 627 5540 officio
662 5477 875 5539 secretariatus
902 5493 918 5536 a
942 5483 1028 5554 patre
1056 5475 1195 5552 generali
1224 5475 1274 5537 vel

529 5572 594 5634 eius
625 5571 765 5648 delegato
794 5571 1023 5644 demandatam,
1057 5569 1123 5631 sive
1151 5569 1188 5631 ab
1215 5569 1273 5632 alio

528 5681 724 5744 quocumque
755 5665 856 5726 iudice
884 5663 976 5726 etiam
1005 5663 1167 5725 tribunalis
1193 5679 1272 5726 nuu-

528 5759 661 5820 cinturae
692 5757 817 5832 laotam,
841 5773 874 5820 33
900 5757 1034 5819 similem
1066 5755 1272 5836 privationem

527 5851 611 5912 vocis
632 5851 747 5912 activae
768 5857 798 5912 et
819 5850 971 5930 passivae,
995 5865 1119 5912 necnon
1141 5863 1272 5927 poenam

528 5943 725 6021 relegationis
747 5951 778 6007 et
798 5943 1024 6020 cancerationis,
1046 5943 1181 6022 aliasque
1202 5958 1272 6022 poe·

1061 575 1125 620 lL'R.
1150 573 1241 618 PON'I'·
1265 573 1305 618 bu
1326 573 1356 617 Ρ.
1380 573 1409 618 F.
1434 573 1515 620 PARS
1538 574 1558 620 1.

1341 707 1407 768 nas,
1430 694 1467 756 de
1489 693 1601 771 quibus
1622 694 1655 757 iu
1676 697 1830 759 sententia
1850 713 1906 760 seu
1927 713 2084 777 processu,

1340 801 1403 847 non
1425 787 1590 865 sustineri;
1613 797 1645 850 et
1673 789 1802 868 proinde
1823 791 1954 854 dicimus
1983 801 2014 856 et
2034 787 2087 856 dess

1339 878 1490 940 claramus
1513 879 1578 942 11133
1599 897 1707 943 omnes
1728 890 1759 944 et
1780 883 1918 961 singulas
1939 902 2087 950 revocan-

1340 972 1390 1033 das
1419 989 1500 1048 esse,
1531 981 1621 1050 prout
1653 991 1832 1039 revocamus
1854 987 1885 1040 et
1912 979 2082 1042 abolemus.

1339 1065 1541 1128 Procedentes
1564 1076 1666 1132 tamen
1688 1086 1727 1131 ex
1749 1071 1884 1149 integro,
1905 1080 1936 1136 et
1957 1089 1996 1135 ex
2017 1089 2087 1136 auo

1341 1159 1464 1222 toritate
1485 1161 1575 1222 nobis
1596 1165 1792 1239 demandata,
1820 1167 2016 1229 decernimus
2035 1183 2087 1246 pa·

1339 1257 1421 1313 trem
1442 1251 1570 1316 fratrem
1597 1256 1725 1318 Petrum
1746 1257 1941 1334 Fernaudez,
1965 1275 2003 1322 ex
2024 1275 2085 1338 quo

1338 1345 1410 1405 satis
1439 1345 1497 1409 luit
1518 1348 1557 1408 ob
1585 1351 1825 1413 carcerationem
1847 1359 1878 1413 et
1905 1353 2085 1416 diuturnam

1337 1440 1574 1516 suspensionem
1588 1442 1625 1503 ab
1641 1442 1705 1522 ipso
1719 1461 1848 1522 passam,
1861 1445 2085 1509 absolvendum

1338 1539 1369 1593 et
1391 1532 1587 1597 liberandum
1614 1551 1698 1612 esse,
1726 1546 1818 1616 prout
1846 1539 2033 1604 absolvimus
2055 1546 2086 1600 et

1339 1623 1515 1701 liberamus,
1531 1644 1564 1689 33
1581 1629 1612 1690 13
1628 1631 1726 1692 obicio
1743 1633 1967 1708 secretariatus,
1989 1633 2086 1695 illius-

1338 1735 1399 1796 que
1413 1721 1571 1796 exerciti0,
1590 1739 1665 1786 voce
1680 1725 1776 1786 activa
1798 1735 1829 1788 et
1842 1727 1969 1804 passiva,
1986 1727 2086 1789 omni·

1339 1811 1458 1890 busque
1472 1813 1538 1875 aliis
1551 1817 1722 1880 bonoribus
1736 1826 1768 1880 et
1783 1822 2004 1898 praerogativis
2022 1837 2087 1883 ma·

1339 1909 1568 1984 nutenendum,
1591 1927 1658 1988 seu,
1674 1921 1828 1990 quatenus
1849 1931 1926 1994 opus
1940 1915 1989 1991 311,
2003 1915 2086 1978 rein·

1339 2002 1525 2076 tegrandum
1547 2002 1612 2066 lore
1634 2013 1665 2068 et
1685 2023 1765 2082 esse,
1787 2015 1879 2085 prout
1900 2015 2085 2072 manutene-

1338 2109 1418 2168 mus,
1442 2102 1483 2169 et,
1507 2105 1660 2173 quatenus
1678 2115 1754 2178 opus
1775 2101 1825 2174 sit,
1843 2101 2083 2178 reintegramus,

1338 2192 1368 2246 et
1391 2201 1446 2264 pro
1460 2188 1516 2250 bac
1537 2193 1636 2267 causi,
1653 2209 1708 2270 pro
1730 2210 1820 2272 quaa
1840 2201 1927 2275 patre
1948 2196 2084 2272 generali

1338 2277 1505 2356 inquisitus
1537 2290 1568 2344 et
1600 2287 1822 2350 condemnatus
1843 2288 1920 2363 luit,
1953 2289 2085 2364 amplius

1338 2371 1565 2436 molestandum
1594 2393 1657 2438 non
1678 2394 1763 2456 esse,
1786 2387 1877 2458 prout
1899 2397 1962 2443 non
1989 2382 2085 2444 mole·

1337 2465 1411 2524 stari
1433 2467 1625 2546 mandamus,
1646 2480 1677 2533 et
1692 2473 1729 2535 de
1744 2481 1775 2535 et
1796 2489 1889 2552 super
1910 2475 2084 2552 praemissis

1338 2569 1525 2637 perpetuum
1545 2563 1707 2627 silentium
1729 2567 1953 2646 imponendum
1975 2569 2040 2630 lore
2054 2577 2084 2630 et

1336 2665 1413 2726 esse,
1429 2661 1521 2731 prout
1536 2655 1733 2734 imponimus.
1751 2660 1964 2724 Admonemus
1979 2669 2082 2725 tamen

1337 2749 1428 2822 atque
1450 2749 1654 2828 praecipimus
1685 2753 1764 2830 patri
1785 2753 1871 2814 iratri
1896 2754 1987 2816 Petro
2012 2757 2086 2818 Fer·

1337 2839 1468 2916 nandez,
1493 2851 1528 2904 31
1549 2844 1581 2904 13
1603 2852 1773 2922 posterum,
1789 2847 1847 2908 sub
1867 2849 1977 2926 quovis
1998 2865 2084 2926 prae·

1337 2938 1425 2996 textu
1440 2935 1490 2996 vel
1511 2938 1648 3014 quaesito
1669 2938 1782 3014 colore,
1805 2939 1842 3002 ab
1863 2959 1922 3005 usu
1943 2942 2084 3006 alearum

1337 3035 1368 3088 et
1400 3028 1577 3092 taxillorum
1609 3033 1738 3094 omnino
1764 3049 1798 3094 se
1825 3035 1993 3111 abstineat,
2025 3038 2084 3100 sub

1336 3123 1434 3199 poena
1466 3125 1649 3202 privationis
1671 3127 1781 3202 3111311,
1806 3130 1888 3192 vocis
1914 3131 2029 3194 activae
2052 3139 2083 3194 et

1337 3217 1490 3293 passivae,
1523 3221 1728 3300 omniumque
1750 3223 1880 3286 aliorum
1913 3227 2081 3301 bonorum,

1336 3311 1654 3386 praeeminentiarum
1676 3323 1706 3377 et
1727 3319 2029 3396 praerogativarum,
2052 3327 2082 3382 et

1336 3403 1394 3464 sub
1414 3406 1522 3481 poenis
1543 3411 1757 3472 carcerationis
1779 3410 1907 3492 aliisque
1928 3414 2083 3489 graviori-

1336 3496 1392 3558 bus
1413 3499 1539 3561 arbitrio
1561 3510 1683 3566 nostro:

1375 3612 1463 3656 svn.
1489 3595 1527 3658 Et
1555 3597 1650 3659 11313
1682 3599 1826 3662 omnibus
1855 3601 1973 3662 servari
1994 3601 2083 3662 volu·
2100 3607 2324 3706 fugationum-

1336 3704 1405 3752 mus
1427 3699 1457 3752 et
1478 3693 1671 3768 mandamus,
1694 3693 1941 3773 quibuscumque
1962 3696 1995 3756 in
2010 3709 2081 3758 cou-
2101 3671 2227 3760 aldulfum
2256 3673 2322 3708 ω’

1337 3785 1466 3847 tracium
1482 3803 1545 3848 333
1560 3787 1752 3850 obstantibus
1768 3797 1860 3868 atque
1881 3791 1988 3852 stricte
2002 3791 2080 3870 putri

1336 3880 1441 3942 loanni
1463 3881 1500 3944 de
1521 3880 1669 3944 Cabaleda
1699 3884 1847 3960 generali,
1873 3885 2079 3964 omnibusque

1335 3973 1401 4035 aliis
1422 3982 1454 4036 et
1473 3976 1606 4052 singulis
1632 3977 1668 4039 ad
1689 3994 1766 4057 quos
1794 3985 1921 4058 spectat,
1944 3979 2081 4056 iniungi-

1336 4085 1405 4130 mus
1419 4076 1511 4148 atque
1524 4071 1717 4147 mandamus,
1732 4075 1892 4147 utstatim,
1906 4072 1979 4134 visis
1994 4087 2081 4150 prae-

1333 4163 1484 4238 sentibus,
1508 4179 1616 4242 parere
1637 4165 1778 4242 debeant,
1802 4174 1832 4228 et
1854 4169 1911 4229 boc
1936 4174 2079 4229 nostrum

1334 4256 1493 4318 decretum
1515 4259 1690 4320 executioni
1712 4259 1898 4322 demandare
1912 4267 1943 4322 et
1958 4260 1991 4321 in
2006 4261 2079 4321 33113

1334 4349 1459 4427 capituli
1481 4350 1658 4412 intermedii
1679 4352 1856 4429 registrare,
1881 4353 1940 4416 sub
1961 4353 2078 4432 poenis,

1333 4441 1643 4518 corrtrulacientibus,
1676 4446 1856 4523 privationis
1891 4447 2078 4525 dignitatum

1333 4545 1363 4598 et
1384 4535 1568 4612 officiorum,
1591 4539 1675 4600 vocis
1696 4540 1811 4602 activae
1833 4547 1863 4602 31
1885 4543 2031 4620 passivae,
2048 4549 2079 4606 et

1333 4636 1498 4708 perpetuae
1515 4631 1714 4694 inhabilitatis
1729 4633 1764 4694 ad
1780 4634 1846 4696 illas
1860 4651 1914 4696 seu
1931 4635 1991 4712 illa,
2009 4638 2078 4700 nul-

1334 4720 1426 4783 litatis
1457 4724 1601 4786 omnium
1629 4732 1660 4786 et
1690 4727 1888 4804 singulorum
1919 4736 2076 4806 actorum,

1333 4815 1426 4878 etiam
1447 4819 1793 4896 excommunicationis,
1815 4821 1942 4900 aliisque
1972 4823 2078 4900 poenis

1332 4911 1458 4974 arbitrio
1480 4920 1585 4975 nostro
1612 4913 1824 4989 incurrendis3
1847 4915 1883 4977 ad
1908 4930 1982 4992 quas
2003 4917 2078 4978 irro-

1333 5006 1639 5070 missibilitercontra
1661 5008 1884 5083 inobedientes,
1908 5011 2012 5072 statim
2027 5011 2078 5072 ba·

1332 5100 1394 5162 bital
1415 5101 1525 5162 notitia
1547 5101 1785 5177 inobedientiae,
1801 5102 2012 5180 procedemus.
2024 5105 2079 5166 lla-

1333 5203 1402 5257 tum
1423 5195 1548 5270 Rornae,
1564 5211 1603 5257 ex
1624 5196 1750 5258 aedibus
1766 5196 1880 5259 nostris
1901 5197 1956 5259 bac
1977 5197 2026 5259 die
2041 5215 2075 5259 n.

1332 5287 1477 5350 februarii
1500 5305 1620 5352 33333.

1371 5382 1405 5443 G.
1423 5381 1593 5445 Cardinalis
1609 5383 1801 5457 1133333333,
1817 5383 1949 5446 vicarius
1964 5392 1994 5446 et
2010 5401 2078 5464 pro-

1332 5480 1430 5536 tector
1451 5483 1482 5536 et
1504 5475 1596 5538 iudex
1618 5477 1781 5554 deputatus
1795 5493 1824 5537 3.

1369 5567 1437 5642 52
1463 5569 1542 5632 uum
1564 5577 1678 5644 autem,
1701 5569 1779 5631 sicut
1801 5569 1908 5632 eadem
1929 5571 2077 5650 expositio
2125 5577 2309 5676 lcqndnrmauo

1328 5661 1545 5738 subiungebat,
1562 5663 1721 5725 decretum
1732 5663 1921 5739 huiusmodi,
1934 5681 1950 5726 a
1961 5679 2077 5726 memo·
2097 5641 2122 5675 ‘⁰
2134 5635 2171 5677 au
2204 5636 2290 5678 Μ’

1329 5761 1394 5816 rato
1406 5755 1537 5832 Gaspare
1549 5755 1702 5817 cardinali
1715 5763 1887 5834 protectore
1898 5757 2028 5832 editum,
2040 5758 2077 5820 ab

2115 562 2169 616 an.
2185 563 2219 616 o.
2246 561 2326 612 1333

2413 645 2414 692 t

2413 701 2414 758 l

2413 783 2414 822 l

1330 5849 1459 5926 utraque
1471 5857 1556 5926 parte
1569 5849 1709 5911 unanimi
1723 5865 1875 5912 consensu
1886 5859 2075 5930 acceptatum

1328 5941 1435 6019 luerit,
1448 5959 1481 6004 ac
1493 5948 1655 6022 propterea
1666 5942 1760 6006 iidem
1772 5953 1973 6023 exponentes,
1987 5945 2075 6020 illud,
