4836 6998
319 520 508 574 an.o.1raa
560 515 619 585 qap

538 663 610 737 tius,
633 661 815 741 apostolicae
836 657 1077 722 confirmationis
1098 665 1221 720 nostrae
1236 673 1285 737 pa·

538 757 668 819 trocinio
703 754 898 816 communire
935 767 1134 830 summopere
1168 751 1285 814 deside·

538 856 625 926 rent,
649 865 704 910 nos
720 847 776 926 piis
792 847 930 925 ipsorum
945 845 1059 907 abbatis
1075 851 1106 906 et
1121 846 1286 906 monacbo·

537 959 608 1004 rum
631 942 711 1004 rotis
740 942 794 1002 hac
816 941 848 1000 in
870 955 915 1012 re,
945 946 1099 1018 quantum
1127 953 1199 1000 cum
1228 939 1285 998 llo·

536 1038 624 1098 mino
644 1052 818 1116 possumus
841 1032 1051 1094 favorabiliter
1071 1046 1211 1093 annuere
1232 1049 1284 1093 vo-

432 1137 435 1146 '
536 1134 648 1206 lentes,
671 1143 842 1206 eorumque
863 1127 1000 1203 singulas
1023 1141 1167 1204 personas
1188 1126 1285 1204 aqui-

536 1227 639 1289 busvis
659 1220 1000 1294 excommunicationis
1023 1220 1233 1298 suspensionis
1254 1225 1285 1280 et

535 1316 703 1388 interdicti,
725 1314 853 1392 aliisque
876 1311 1086 1374 ecclesiasticis
1107 1311 1282 1384 sententiis,

535 1409 673 1472 censuris
695 1415 726 1468 et
747 1406 866 1484 poenis,
887 1422 903 1466 a
924 1405 992 1466 iure
1014 1404 1064 1466 vel
1085 1403 1122 1464 ab
1144 1404 1283 1477 bomine,

535 1504 642 1582 quavis
674 1501 833 1564 occasione
860 1499 909 1561 vel
937 1501 1024 1560 causi
1056 1498 1141 1572 lotis,
1170 1498 1196 1558 si
1218 1497 1284 1575 qui·

535 1599 592 1659 bus
607 1594 838 1674 quomodolibet
854 1593 1019 1653 innodatae
1033 1591 1182 1664 existunt,
1195 1589 1230 1651 ad
1243 1589 1285 1650 el·

535 1692 653 1754 lectiam
675 1686 884 1768 praesentium
912 1685 1071 1746 dumtaxat
1093 1699 1284 1761 consequen-

536 1787 623 1856 dum,
646 1783 756 1844 barum
777 1781 856 1842 serie
877 1778 1069 1840 absolventes
1085 1783 1115 1838 et
1131 1777 1284 1838 absolutas

535 1879 602 1940 lore
617 1883 789 1947 censentes,
801 1871 1075 1951 supplicationibus
1087 1869 1214 1930 illorum
1229 1886 1284 1931 no·

536 1974 622 2034 mine
642 1970 731 2032 nobis
757 1983 850 2044 super
871 1967 926 2026 bor
948 1963 1112 2026 humiliter
1136 1965 1284 2040 porrectis

536 2065 686 2139 inclinati,
699 2069 729 2124 et
743 2060 859 2122 attenta
875 2057 1025 2120 relatione
1039 2055 1142 2118 dilecti
1157 2056 1212 2118 dlii
1229 2073 1282 2118 no-

534 2159 591 2220 stri
612 2155 727 2219 Nicolai
748 2155 779 2217 S.
803 2153 838 2214 lt.
864 2152 897 2212 Ε.
924 2151 1094 2229 presbyteri
1113 2151 1283 2214 Cardinalis

535 2250 665 2333 Spinula
693 2245 877 2324 nuncupati,
900 2245 997 2306 dictae
1026 2244 1283 2321 congregationis

534 2344 759 2409 monachorum
780 2338 860 2417 apud
882 2353 936 2398 nos
958 2345 987 2398 et
1006 2337 1116 2400 Sedem
1133 2337 1283 2415 Apostoli-

533 2455 600 2502 cam
621 2433 822 2515 protectoris,
852 2431 904 2510 qui
926 2429 1182 2507 Congregationts
1207 2447 1278 2492 ren.

533 2533 666 2594 fratrum
687 2535 865 2590 nostrorum
887 2525 1027 2586 eiusdem
1049 2524 1079 2587 S.
1100 2525 1134 2586 lt.
1156 2526 1191 2586 E.
1210 2526 1282 2587 Gar·

532 2625 683 2689 dinalium
705 2620 839 2698 negotiis
860 2618 1075 2696 Propagandae
1095 2617 1181 2680 Fidei
1196 2635 1281 2697 prae-

532 2720 706 2799 positorum
727 2714 826 2776 menti
855 2711 1045 2774 inhaerendo
1073 2712 1195 2788 regulas
1215 2713 1281 2776 sire

531 2810 769 2875 constitutiones
799 2805 948 2885 praelatas
976 2805 1145 2882 diligenter
1166 2822 1283 2884 expen-

532 2905 587 2981 dit,
610 2903 699 2965 nobis
719 2903 851 2978 desuper
872 2899 960 2973 lacta,
983 2899 1105 2974 regulas
1125 2898 1192 2960 sire
1209 2915 1280 2960 oon-

531 2999 709 3062 stitutiones
730 2995 933 3074 praeinsertas
959 2993 1139 3054 auctoritate
1163 2999 1282 3069 aposto-

532 3093 588 3155 lica
618 3101 728 3154 tenore
758 3087 968 3167 praesentium
999 3088 1222 3149 confirmamus
1250 3093 1281 3147 et

531 3186 746 3265 approbamus,
774 3181 897 3260 illisque
925 3179 1111 3242 inviolabilis
1138 3179 1280 3258 apostoli-

532 3297 584 3343 cae
604 3277 760 3340 firmitatis
781 3276 876 3338 robur
897 3275 1058 3336 adiicimus
1078 3289 1111 3334 ac
1126 3287 1234 3336 omnes
1250 3279 1280 3332 et

530 3373 672 3449 singulos
694 3370 770 3433 iuris
791 3375 822 3430 et
844 3367 913 3429 lacti
938 3367 1086 3441 delectus
1108 3367 1133 3428 si
1155 3367 1208 3445 qui
1229 3367 1280 3428 de-

530 3481 624 3544 super
645 3461 876 3544 quomodolibet
898 3461 1136 3535 intervenerint,
1159 3459 1281 3539 supple·

531 3575 612 3624 mus.

570 3655 590 3729 ἓ
610 3654 639 3714 3.
664 3654 882 3724 llecernentes,
900 3647 1023 3710 easdem
1038 3655 1213 3726 praesentes
1231 3647 1281 3709 lit·

531 3755 611 3810 teras
631 3763 665 3808 ao
693 3745 813 3820 regulas
837 3742 905 3804 sive
930 3741 1169 3805 constitutiones
1193 3757 1280 3820 prae·

529 3841 660 3903 insertas
678 3853 803 3916 semper
824 3838 940 3910 sirmas,
963 3834 1077 3896 validas
1095 3842 1126 3897 et
1144 3834 1279 3898 ellrcaoes

461 3979 465 3991 .
530 3935 664 3996 existere
685 3939 716 3994 et
741 3931 816 4005 iore,
843 3944 976 4007 suosque
1000 3927 1153 4006 plenarios
1178 3937 1209 3991 et
1233 3929 1281 3990 in-

530 4035 633 4104 tegros
654 4025 780 4088 enectos
801 4021 906 4084 sortiri
927 4029 959 4082 et
979 4022 1132 4098 obtinere,
1151 4039 1184 4084 ac
1204 4022 1276 4098 illis,

529 4121 566 4184 ad
587 4135 663 4199 quos
684 4123 810 4198 spectat,
828 4121 858 4177 et
880 4132 935 4195 pro
957 4123 1096 4194 tempore
1117 4117 1276 4194 spectabit,

529 4215 562 4276 in
583 4213 731 4275 omnibus
743 4219 774 4273 et
787 4227 843 4290 per
857 4210 959 4271 omnia
975 4209 1155 4288 plenissime
1169 4210 1277 4271 sulira-

529 4307 607 4386 gari,
629 4313 660 4368 et
680 4306 717 4367 ab
738 4306 782 4366 eis
803 4303 974 4382 respective
992 4303 1212 4365 inviolabiliter
1225 4305 1279 4365 ob-

527 4400 660 4476 servari;
682 4399 788 4476 sicque
808 4399 841 4460 in
857 4396 1030 4476 praemissis
1045 4411 1099 4475 per
1114 4413 1277 4475 quoscum-

528 4510 589 4573 que
614 4493 729 4555 iudices
750 4490 921 4553 ordinarios
941 4499 972 4551 et
993 4491 1159 4568 delegatos,
1181 4491 1278 4552 etiam

527 4602 687 4650 causarum
709 4583 812 4663 palatii
833 4583 989 4661 apostolici
1010 4583 1176 4658 auditores,
1199 4583 1277 4646 iudi·

528 4679 589 4742 cari
610 4685 641 4740 et
656 4677 781 4740 deliniri
797 4677 920 4752 debere,
937 4693 970 4737 ac
985 4676 1110 4738 irritum
1125 4683 1155 4738 et
1173 4677 1275 4755 inane,

527 4773 553 4833 si
566 4788 654 4834 secus
667 4786 761 4848 super
777 4769 825 4831 liis
840 4787 856 4830 a
871 4785 1039 4848 quoquam,
1053 4771 1161 4848 quavis
1175 4777 1277 4832 aucto·

528 4866 631 4940 ritate,
656 4865 791 4927 scienter
812 4864 862 4924 vel
891 4863 1084 4939 ignoranter,
1111 4864 1277 4940 contigerit

528 4959 687 5020 attentari.

567 5055 586 5128 ἓ
607 5051 636 5112 l.
659 5051 728 5114 Non
750 5051 944 5114 obstantibus
959 5051 1231 5113 constitutionibus
1245 5059 1277 5113 et

527 5145 774 5208 ordinationibus
795 5143 984 5224 apostolicis,
1014 5159 1148 5218 necnon,
1172 5153 1278 5223 quate-

528 5257 588 5302 nus
603 5255 680 5318 opus
694 5239 745 5314 sit,
758 5238 1005 5317 supradictorum
1018 5239 1210 5313 monasterii,
1223 5239 1278 5302 Or-

527 5334 608 5395 dinis
623 5339 653 5394 et
666 5331 924 5410 Congregattonts
935 5331 1169 5407 Monacborum,
1182 5333 1276 5393 etiam

526 5427 720 5502 iuramento,
750 5424 987 5488 confirmatione
1015 5426 1195 5503 apostolica,
1226 5425 1276 5487 vel

527 5519 635 5598 quavis
657 5517 803 5580 firmitate
828 5517 885 5579 alid
914 5518 1073 5594 roboratis,
1096 5519 1220 5581 statutis
1245 5525 1275 5579 et

526 5611 813 5687 consuetudinibus,
830 5609 1001 5690 privilegiis
1021 5627 1155 5690 quoque,
1173 5611 1275 5674 indul-

529 5707 566 5766 tis
579 5712 611 5766 et
628 5705 737 5766 litteris
751 5704 922 5784 apostolicis
937 5704 969 5765 in
985 5705 1176 5766 contrarium
1192 5721 1275 5783 prae·

572 5917 602 5978 (1)
618 5919 654 5963 Ex
669 5919 773 5976 Regest.
789 5917 815 5963 in
830 5885 905 5964 ereb.
922 5921 994 5964 Brev.

1060 537 1125 586 lllll·
1150 537 1241 585 PONT·
1266 539 1306 585 nl:
1327 539 1356 584 1³.
1380 539 1409 586 F·
1435 537 1517 586 PARS
1539 541 1560 584 l.

1342 657 1509 722 missorum
1530 656 1761 737 quomodolibet
1789 657 1957 733 concessis,
1979 657 2091 722 conlir·

1342 753 1431 814 matis
1449 760 1480 814 et
1502 752 1673 828 innovatis;
1697 753 1810 831 quibus
1824 753 1968 816 omnibus
1982 761 2014 816 et
2027 754 2091 814 sin-

1342 845 1433 922 gulis,
1450 845 1577 907 illorum
1595 855 1718 908 tenores
1732 847 1945 924 praesentibus
1961 862 2016 926 pro
2028 845 2093 926 ple-

1341 955 1382 1000 ne
1402 947 1434 1000 et
1453 939 1644 1000 srrtdcienter
1664 941 1815 1016 expressis
1837 955 1870 1000 ac
1891 939 1929 1001 de
1944 939 2040 1002 verbo
2054 939 2090 1000 ad

1340 1032 1474 1094 verbum
1495 1033 1620 1094 insertis
1641 1032 1800 1106 habentes,
1818 1033 1877 1094 illis
1898 1032 1971 1094 aliis
1987 1033 2019 1093 in
2034 1049 2090 1094 suo

1340 1127 1451 1187 roboro
1475 1126 1698 1204 permansuris,
1727 1128 1763 1189 ad
1786 1127 2026 1204 praemissorum
2047 1125 2092 1187 el-

1341 1219 1468 1293 lectum,
1492 1219 1547 1282 bas
1570 1219 1638 1280 rice
1664 1219 1834 1293 dumtaxat,
1864 1218 2037 1296 specialiter
2059 1227 2090 1281 et

1341 1328 1483 1390 expresse
1504 1311 1706 1388 derogamus;
1735 1314 1908 1392 ceterisque
1928 1312 2091 1374 contrariis

1341 1407 1600 1484 quibuscumque.

1380 1500 1449 1574 §5-
1475 1497 1625 1562 Volumus
1647 1507 1763 1574 autem,
1789 1507 1823 1562 ut
1845 1499 1983 1578 ipsarum
2004 1517 2092 1580 prae-

1340 1593 1478 1655 sentium
1500 1593 1675 1655 litterarum
1698 1595 1901 1672 transumptis
1915 1611 1970 1656 seu
1985 1611 2090 1657 exem·

1340 1686 1398 1764 plis
1419 1687 1512 1748 etiam
1536 1687 1705 1765 impressis,
1722 1703 1817 1748 manu
1833 1687 1961 1750 alicuius
1976 1691 2089 1752 notarii

1340 1779 1454 1858 publici
1481 1779 1672 1858 subscriptis,
1696 1787 1727 1842 et
1754 1780 1858 1856 sigillo
1885 1797 2034 1860 personae
2056 1783 2089 1843 in

1339 1873 1539 1935 ecclesiastica
1561 1875 1712 1949 dignitate
1736 1875 1924 1936 constitutae
1946 1876 2088 1950 munitis,

1339 1965 1443 2028 eadem
1466 1982 1593 2044 prorsus
1616 1967 1689 2028 sides
1711 1967 1744 2028 iu
1763 1966 1877 2028 iudicio
1892 1975 1924 2028 ot
1937 1975 2024 2029 extra
2038 1970 2091 2032 ad·

1340 2059 1499 2134 bibeatur,
1521 2077 1600 2138 quae
1630 2060 1841 2138 praesentibus
1869 2059 1942 2138 ipsis
1966 2061 2090 2124 adbibe-

1340 2161 1438 2228 retur,
1460 2153 1486 2214 si
1508 2153 1611 2215 lorent
1633 2153 1788 2214 exhibitae
1809 2154 1860 2215 vel
1881 2162 2032 2217 ostensae.

1378 2248 1491 2310 Datum
1519 2247 1645 2320 Romae,
1674 2247 1755 2324 apud
1784 2244 1815 2307 S.
1846 2247 1970 2310 Mariam
1998 2249 2090 2310 lllaio-

1339 2356 1417 2414 rem,
1439 2341 1498 2402 sub
1518 2341 1634 2402 annulo
1663 2340 1835 2416 Piscatoris,
1859 2342 1908 2404 die
1929 2357 1994 2404 xrr.
2019 2343 2088 2405 iulii

1339 2449 1544 2508 socorsum,
1567 2434 1766 2512 pontificatus
1793 2435 1890 2496 nostri
1912 2451 1994 2498 anno
2016 2453 2051 2498 n.

1697 2720 1736 2781 X.

1339 2903 1448 2982 Eripit
1472 2904 1639 2984 collegium
1661 2905 1759 2966 Ritus
1780 2903 1894 2966 Graeci
1917 2907 1952 2966 iu
1974 2907 2087 2983 oppido

1382 2997 1487 3060 [illuni
1509 2998 1753 3077 Bisipuuueusis
1775 2999 1924 3059 dioecesis
1940 3013 1997 3076 pro
2012 3015 2086 3076 puc-

1376 3089 1423 3150 ris
1437 3097 1468 3151 et
1484 3089 1736 3154 adolescentibus
1752 3091 1833 3154 dicti
1850 3092 1938 3154 ritus
1954 3109 1994 3154 eu
2010 3093 2088 3172 Epi-

1377 3199 1412 3244 ro
1434 3183 1694 3246 descendentibus
1715 3185 1770 3264 (l).

1497 3367 1683 3435 oteness
1707 3367 1923 3437 EPlSGOPUS
1966 3363 1969 3366 ’

1522 3548 1630 3600 sertus
1653 3549 1809 3600 serrorum
1832 3532 1896 3612 Dei,

1462 3653 1498 3720 al
1521 3659 1693 3736 perpetuam
1715 3653 1759 3720 rei
1782 3655 1962 3722 memoriam.

1375 3843 1461 3905 lnter
1482 3841 1670 3920 multiplices
1700 3842 1823 3904 onerosi
1853 3843 1942 3906 nobis
1964 3860 2002 3905 ex
2022 3843 2084 3906 alto

1334 3935 1491 3997 commissi
1523 3935 1680 4014 pastoralis
1716 3934 1807 3997 officii
1838 3936 2082 4012 sollicitudines,

1334 4028 1384 4089 illa
1411 4028 1608 4107 potissimum
1636 4035 1777 4088 mentem
1805 4029 2010 4107 animumque
2031 4045 2084 4091 ex·

1333 4121 1407 4182 citat
1422 4129 1577 4194 nostrum,
1594 4135 1756 4198 perquam
1771 4121 1974 4182 ecclesiastica
1990 4121 2084 4184 ltalo-

1334 4213 1525 4274 lllbanorum
1556 4213 1715 4286 iuventus,
1739 4229 1817 4291 quae
1838 4214 1945 4292 procul
1967 4232 1983 4274 a
2006 4215 2082 4276 Tur·

1333 4323 1439 4368 carum
1463 4305 1627 4384 tyrannide
1648 4307 1684 4368 ad
1706 4313 1884 4368 maternum
1907 4307 1938 4370 S.
1952 4309 1988 4368 ll.
2000 4308 2033 4369 E.
2050 4325 2083 4370 se

1332 4401 1465 4463 contulit
1486 4401 1603 4474 sinum,
1626 4407 1656 4460 et
1679 4400 1711 4460 in
1733 4399 1872 4462 eiusdem
1895 4401 1993 4464 tidelis
2014 4403 2083 4464 ado·

1332 4494 1419 4556 lescit
1439 4492 1596 4570 amplexu,
1619 4507 1675 4569 per
1695 4499 1793 4554 rectos
1822 4509 1924 4555 sacrae
1950 4493 2082 4572 discipli-

1333 4603 1391 4648 nae
1413 4585 1551 4648 tramites
1572 4584 1736 4660 dirigatur,
1760 4591 1794 4646 ut
1814 4586 1858 4646 sic
1879 4587 1994 4648 directa
2016 4602 2083 4664 pre·

1333 4681 1425 4741 tiosos
1446 4677 1700 4756 absconditosque
1722 4679 1753 4739 in
1772 4694 1845 4755 agro
1860 4677 2016 4741 dominico
2031 4680 2081 4741 bo-

1333 4789 1447 4836 norum
1478 4787 1620 4846 morum,
1653 4787 1809 4833 sacrarum
1841 4770 2027 4846 litterarum,
2051 4781 2082 4834 et

1332 4867 1510 4927 divinarum
1532 4879 1640 4926 rerum
1662 4863 1803 4926 inveniat
1824 4865 1984 4928 thesauros
2000 4865 2079 4940 illos,

1331 4959 1386 5037 qui
1407 4973 1475 5019 eam
1507 4957 1643 5034 aliosque
1674 4973 1730 5036 per
1751 4973 1820 5019 eam
1841 4961 1965 5020 aeterua
1988 4959 2081 5020 beati-

1331 5053 1442 5114 tudine
1463 5049 1665 5130 locupletent,
1689 5051 1796 5128 eisque
1817 5051 1861 5113 sic
1889 5051 2082 5130 locupletatis

1330 5145 1458 5224 provide
1479 5159 1637 5206 sacrorum
1659 5144 1862 5205 conciliorum
1877 5145 1906 5206 id
1923 5146 2014 5206 enixe
2029 5161 2082 5206 ex-

1331 5238 1507 5314 optantium
1528 5238 1649 5298 decreta
1671 5235 1811 5297 debitum
1832 5237 2005 5300 sortiantur
2024 5237 2081 5300 im·

1331 5331 1538 5408 plementum.

1371 5426 1390 5499 ἓ
1414 5424 1439 5484 l.
1462 5424 1541 5486 Cum
1557 5423 1673 5501 itaque,
1689 5423 1768 5484 siout
1783 5423 1957 5502 accepimus
1972 5423 2005 5485 in
2021 5424 2081 5486 ter·
2114 5449 2322 5498 massanissae

2122 511 2177 572 An.
2190 513 2222 571 C.
2245 519 2307 573 1732

2130 3864 2286 3912 Exordium.

1331 5517 1373 5578 ris
1394 5517 1485 5594 regni
1517 5515 1642 5579 Siciliae
1674 5517 1748 5578 citra
1776 5515 1922 5591 Pharum,
1945 5523 1975 5577 et
1996 5531 2081 5595 prae·
2100 5503 2247 5550 “²⁶¹¹011ss·

1330 5611 1438 5672 sertim
1471 5610 1638 5684 Calabriae,
1667 5609 1850 5687 quamplura
1879 5609 1957 5671 ritus
1979 5611 2081 5686 graeci

1332 5703 1397 5766 loca
1430 5703 1639 5782 reperiantur,
1672 5719 1808 5780 quorum
1837 5702 1995 5779 iuventus,
2025 5703 2081 5764 etsi
