4880 6982
1025 602 1164 650 ctericus
1188 603 1230 648 xl.

363 729 461 794 citatis
483 737 513 793 et
534 728 746 810 hospitalitatis
761 727 903 806 operibus
918 740 954 786 ex
970 721 1104 802 professo

364 823 557 888 laudabiliter
567 822 816 886 incumbentium
829 835 933 882 curam
949 822 1102 894 gerentes,

364 916 582 994 piamillaruna
593 916 776 979 exercitium
787 921 819 976 et
830 913 1021 985 institutum,
1030 925 1103 988 quo,

364 1010 482 1072 labores
510 1009 681 1089 expeditius
705 1005 915 1086 suscipiendo,
945 1005 1021 1067 iliud
1046 1002 1104 1064 ala·

363 1103 445 1165 crios
467 1103 651 1166 continuent
665 1109 696 1164 et
711 1101 881 1163 ferventius
899 1103 1102 1177 exequantur,

364 1195 539 1258 liberalibus
560 1195 729 1274 gratiarum
743 1201 773 1256 et
787 1193 1022 1273 privilegiorum
1037 1203 1120 1251 mar-1

314 1325 315 1330 κ
364 1289 491 1352 neribus
503 1289 728 1364 confoveamus,
742 1295 833 1368 prout
847 1287 880 1348 in
892 1287 1021 1348 Domino
1033 1300 1103 1348 con-

364 1381 509 1460 spicimus
529 1382 695 1445 salubriter
716 1381 871 1461 expedire.

126 1476 346 1574 ιῖζὲῗωδθῑω
404 1474 473 1550 §l-
503 1476 582 1538 cum
610 1475 728 1554 itaque,
755 1476 834 1537 sicut
865 1473 992 1537 dilectus
1024 1469 1105 1532 iilius

364 1567 493 1630 llichacl
513 1570 551 1632 de
572 1569 639 1630 lesu
660 1569 763 1643 blaria,
780 1565 1034 1644 congregationis
1049 1565 1105 1628 lra-

366 1673 451 1728 trum
475 1663 773 1726 bethlehemitarum
802 1667 1051 1738 nuncupatorum
1073 1659 1104 1720 in

364 1756 564 1835 hospitalibus
585 1772 756 1836 pauperum
778 1753 1057 1818 convalescentium
1073 1751 1105 1813 in

365 1851 458 1916 indiis
484 1850 726 1916 occidentalibus
747 1865 780 1910 se
805 1847 1018 1911 exercentium
1045 1847 1105 1907 iam

364 1947 398 2008 in
419 1944 556 2008 Romana
577 1943 669 2007 curia
691 1949 882 2021 procurator,
898 1940 984 2016 nobis
1007 1955 1106 2018 nuper

365 2039 478 2118 exponi
499 2037 581 2112 fecit,
597 2036 706 2099 iratres
721 2037 818 2098 dictae
840 2032 1104 2112 congregationis,

366 2147 465 2210 nuper
486 2147 502 2192 a
523 2130 611 2192 nobis
632 2145 688 2207 per
708 2129 853 2208 quasdam
878 2133 996 2190 nostras
1016 2125 1105 2188 desu-

366 2239 420 2302 per
442 2221 589 2285 insimili
611 2220 709 2282 forma
735 2219 841 2282 Brevis
863 2219 911 2280 die
932 2235 979 2280 ru.
1003 2217 1105 2296 aprilis

366 2315 440 2378 anni
460 2315 602 2394 proxime
629 2313 785 2392 praeteriti
811 2311 965 2391 expeditas
990 2311 1106 2373 litteras

366 2411 397 2472 in
420 2424 527 2471 veram
543 2407 726 2484 religionem
748 2412 878 2480 erectae,
895 2405 953 2466 tria
967 2405 1107 2468 substan·

369 2503 449 2566 tialia
471 2509 541 2564 vota
563 2501 596 2562 in
618 2499 724 2562 illaad
748 2500 844 2561 instar
864 2505 1037 2561 ceterorum
1053 2496 1107 2558 cr-

365 2596 474 2659 dinum
497 2605 527 2656 et
556 2592 772 2654 institutorum
794 2608 809 2652 a
831 2590 909 2654 Sede
934 2589 1106 2668 apostolica

365 2689 619 2752 confirmatorum
640 2667 677 2746 de
692 2684 846 2763 praesenti
864 2683 1019 2757 emittant,
1035 2681 1105 2744 alia-

365 2796 425 2860 que
450 2777 631 2857 multiplicia
658 2784 749 2855 atque
773 2776 906 2854 insignia
934 2775 1054 2854 pietatis
1075 2782 1106 2836 et

365 2871 548 2936 christianae
568 2869 700 2933 caritatis
722 2885 812 2947 opera
826 2884 898 2945 erga
913 2884 1061 2946 pauperes
1075 2875 1106 2928 et

365 2965 612 3028 convalescentes
640 2963 673 3025 in
695 2978 805 3026 eorum
831 2961 1028 3040 hospitalibus
1056 2959 1106 3022 de-

366 3065 486 3136 gentes,
510 3073 572 3118 non
594 3057 660 3119 sine
680 3055 831 3136 spirituali
860 3055 1035 3116 animarum
1056 3053 1107 3116 be-

366 3151 493 3224 neficio,
524 3149 735 3223 exercuerint,
759 3157 789 3210 et
811 3149 843 3209 in
871 3148 935 3209 dies
962 3161 1106 3209 exercere

366 3259 429 3308 non
456 3242 613 3318 desinant3
642 3249 677 3304 ut
697 3249 802 3304 autem
828 3239 879 3302 illa
904 3255 1027 3318 semper
1049 3241 1107 3301 im-

364 3336 489 3415 pensius
510 3341 540 3396 et
561 3333 705 3396 indefessi
725 3333 836 3394 obeant
857 3339 888 3393 et
909 3331 1105 3408 continuent,

365 3429 429 3508 ipse
455 3427 582 3490 Michael
608 3426 778 3504 plurimum
800 3426 916 3504 cupiat,
945 3425 1055 3501 gratias
1075 3433 1106 3487 et

366 3523 524 3604 privilegia
544 3521 693 3585 Ordinum
712 3519 952 3584 Mendicantium
974 3527 1005 3582 et
1026 3520 1105 3584 con-

365 3616 551 3696 gregationis
581 3613 766 3676 elericorum
799 3611 989 3690 regularium
1017 3613 1106 3674 llini-

364 3713 531 3776 strantium
559 3711 711 3787 infirmis,
735 3728 813 3790 quae
835 3709 906 3773 aliis
929 3713 1106 3775 recolendae

365 3810 532 3872 memoriae
554 3807 695 3871 Urbanus
717 3807 771 3868 PP.
791 3805 880 3882 l'lll.,
895 3807 1106 3886 praedecessor

365 3910 478 3988 pariter
493 3913 608 3980 noster,
625 3903 742 3979 Ordini,
761 3911 835 3965 tunc
850 3903 1104 3980 Congregationi,

366 4009 614 4082 nuncupatorum
629 3999 759 4062 fratrum
775 3998 805 4061 S.
820 3997 941 4060 loannis
955 3998 1009 4059 Dei
1023 4013 1105 4059 conr·

365 4096 534 4160 manicavit
562 4101 593 4156 et
619 4092 785 4168 concessit,
818 4106 935 4169 nosque
956 4091 1104 4165 subinde,

366 4205 478 4270 nempe
499 4187 547 4250 die
562 4205 636 4249 xxv.
653 4186 734 4249 iunii
755 4202 877 4260 uocet,
890 4201 945 4263 per
959 4183 1104 4263 quasdam

365 4291 483 4346 nostras
498 4280 638 4344 insimili
659 4279 766 4342 itidem
778 4278 876 4340 torma
897 4279 1003 4341 Brevis
1017 4280 1106 4340 desa-

365 4394 419 4458 per
440 4377 595 4455 expeditas
615 4375 743 4448 litteras,
765 4375 801 4436 ad
823 4371 1104 4448 congregationem

366 4471 506 4535 Caritatis
527 4467 696 4534 subtituto
717 4465 819 4530 Sancti
847 4463 1003 4544 Hippolyti
1026 4480 1105 4526 mar-

366 4564 441 4643 tyris
465 4565 498 4624 in
523 4561 618 4624 indiis
637 4561 696 4622 sub
722 4561 812 4621 certis
839 4560 981 4621 modoet
1006 4557 1104 4619 forma

365 4665 439 4720 tune
460 4655 610 4735 expressis
621 4655 828 4728 extendimus,
841 4653 1010 4732 praedictae
1025 4651 1104 4714 Con-

365 4741 1105 4828 gregationifratrumBethlehemitarumillius-

365 4859 425 4922 que
445 4842 589 4906 fratribus
609 4841 738 4917 etlocis,
756 4839 874 4902 anobis
894 4839 1009 4918 pariter
1021 4854 1103 4900 corn-

365 4937 517 4999 municari
538 4944 568 4997 et
589 4935 727 5001 concedi:

125 5031 346 5140 vfiggivgffirffi
403 5029 471 5104 52.
496 5027 568 5103 Nos,
591 5028 729 5090 eamdem
751 5025 1032 5102 congregationem
1047 5023 1104 5086 ira-

126 5139 157 5184 xn
178 5133 296 5185 rubrica!
364 5129 448 5184 trum
468 5121 764 5184 bethlehemitarum
786 5127 816 5181 et
838 5119 885 5197 pia
913 5117 996 5180 illius
1016 5117 1104 5181 insti-

364 5222 429 5278 tuta
457 5215 621 5277 confovere
642 5221 673 5275 et
701 5225 901 5291 promovere,
923 5228 957 5273 ac
978 5213 1104 5288 proinde

363 5309 480 5372 dictam
502 5306 681 5370 llichaclem
702 5315 733 5368 et
754 5305 881 5368 dilectos
902 5303 981 5366 filios
994 5303 1104 5366 fratres

363 5399 617 5478 congregationis
639 5399 815 5461 huiusmodi
828 5395 1007 5476 specialibus
1021 5395 1105 5458 favo·

362 5495 448 5558 ribus
463 5503 493 5556 et
508 5493 614 5571 gratiis
631 5492 774 5571 prosequi
785 5491 935 5566 volentes,
949 5497 979 5552 et
994 5507 1103 5552 eorum

361 5589 533 5665 singulares
552 5603 697 5665 personas
718 5585 904 5664 aquibusvis
925 5599 1103 5647 excommu-

362 5682 535 5756 nicationis,
544 5681 752 5759 suspensionis
761 5686 790 5740 et
800 5677 1103 5755 interdicti,aliisque

363 5775 571 5838 ecclesiasticis
584 5773 759 5848 sententiis,
772 5773 910 5836 censuris
931 5779 961 5834 et
982 5771 1101 5850 poenis,

361 5869 460 5929 ainre
474 5867 525 5928 vel
546 5867 583 5929 ab
601 5868 739 5942 homine,
752 5867 859 5945 quavis
880 5865 1037 5928 occasione
1052 5864 1102 5926 vel

362 5961 449 6024 causi
459 5961 539 6038 latis,
547 5961 572 6021 si
581 5961 691 6039 quibus
703 5958 932 6038 quomodolibet
940 5958 1102 6021 innodatae

1159 721 1353 796 existunt,ad
1365 723 1509 786 effectum
1520 719 1730 800 praesentium
1742 718 1899 782 dumtaxat

1159 815 1422 894 consequendum,
1438 817 1550 881 harum
1570 815 1650 878 serie
1662 811 1855 875 absolventes
1869 815 1900 870 et

1160 909 1309 972 absolutas
1330 910 1396 972 fore
1410 918 1580 982 censentes,
1593 905 1769 972 huiusmodi
1783 903 1900 983 snppli-

1160 1002 1327 1065 cationibus
1348 1003 1486 1066 eiusdem
1502 1001 1656 1066 Michaelis
1670 1001 1798 1064 nomine
1813 997 1899 1060 nobis

1158 1111 1251 1174 super
1270 1096 1326 1160 hoc
1347 1097 1506 1159 humiliter
1520 1095 1668 1174 porrectis
1689 1092 1840 1166 inclinati,
1862 1089 1900 1152 de

1160 1189 1384 1251 venerabilium
1412 1189 1543 1253 fratrum
1571 1197 1749 1252 nostrorum
1774 1187 1900 1250 Sanctae

1161 1282 1314 1344 Romanae
1329 1283 1479 1346 Ecclesiae
1494 1283 1703 1346 cardinalium
1724 1279 1855 1356 negotiis
1870 1283 1900 1340 et

1160 1377 1436 1440 consultationibus
1463 1378 1683 1456 cpiscoporum
1713 1383 1744 1437 et
1770 1372 1901 1450 Regula-

1160 1471 1244 1533 riurn
1266 1472 1509 1549 praepositorum
1530 1463 1668 1544 consilio,
1691 1469 1816 1532 attentis
1832 1483 1901 1528 nar-

1161 1565 1244 1640 ratis,
1268 1565 1370 1628 omnia
1391 1573 1422 1626 et
1442 1565 1563 1642 singula
1586 1563 1756 1644 privilegia,
1779 1577 1900 1641 praero·

1162 1658 1292 1733 gativas,
1315 1659 1543 1734 concessiones,
1566 1658 1701 1732 favores,
1724 1657 1898 1729 facultates,

1162 1752 1390 1827 declarationes,
1414 1753 1665 1824 conservatorias,
1689 1750 1901 1813 immunitates

1161 1853 1192 1908 et
1213 1847 1433 1924 exenrptiones,
1448 1845 1613 1920 libertates,
1636 1852 1813 1923 ceterasque
1835 1859 1901 1920 gra-

1161 1939 1227 2011 tias,
1258 1939 1528 2016 praeeminentias,
1551 1945 1581 2000 et
1606 1938 1721 2002 indulta
1753 1937 1901 2014 cuiusque

1161 2031 1283 2107 generis
1305 2032 1478 2107 existentia,
1507 2032 1678 2109 spiritualia
1699 2038 1730 2092 et
1750 2036 1903 2108 tempora·

1161 2123 1215 2199 lia,
1238 2124 1473 2203 qualiacumque
1494 2125 1545 2186 ilia
1570 2125 1633 2188 sint
1658 2122 1837 2203 (dummodo
1860 2131 1901 2183 ta-

1161 2232 1232 2279 men
1253 2219 1362 2280 sintin
1386 2236 1455 2293 usu,
1470 2226 1502 2280 et
1517 2235 1580 2281 non
1597 2220 1660 2281 sint
1678 2225 1828 2292 revocata,
1845 2233 1901 2279 nec

1161 2310 1217 2372 sub
1238 2310 1391 2389 aliquibus
1403 2313 1648 2374 revocationibus
1669 2313 1899 2388 comprehensa,

1162 2419 1195 2465 ac
1214 2405 1306 2467 sacris
1334 2406 1502 2469 canonibus
1524 2413 1554 2468 et
1577 2405 1705 2468 concilii
1727 2404 1901 2466 Tridentini

1162 2498 1305 2572 decretis,
1329 2505 1360 2560 et
1386 2499 1554 2576 apostolicis
1579 2497 1850 2560 constitutionibus
1872 2503 1902 2558 et

1161 2590 1415 2665 ordinationibus,
1438 2592 1489 2654 vel
1510 2592 1687 2654 memoratis
1708 2590 1902 2668 regularibus

1162 2683 1257 2744 dietae
1273 2684 1527 2760 congregationis
1542 2684 1841 2746 Bethlehemitarum
1856 2683 1901 2745 in-

1161 2775 1277 2838 stitutis
1299 2793 1362 2838 non
1383 2777 1611 2856 adversentur),
1636 2777 1795 2856 praedictis
1817 2776 1903 2839 Ordi-

1162 2869 1252 2930 nibus
1266 2869 1518 2946 hlendicantium,
1536 2878 1566 2934 et
1581 2871 1821 2947 congregationi
1843 2869 1902 2932 cle-

1162 2963 1295 3024 ricorum
1305 2963 1743 3039 regulariumhlinistrantium
1755 2963 1900 3036 infirmis,

1162 3071 1332 3133 eorumque
1344 3056 1560 3132 conventibus,
1577 3057 1717 3118 domibus
1735 3063 1766 3118 et
1781 3055 1848 3118 aliis
1860 3056 1901 3117 lo-

1161 3148 1203 3211 cis
1217 3147 1420 3226 regularibus,
1433 3165 1466 3211 ac
1477 3149 1628 3212 Ordinum
1643 3159 1674 3213 et
1685 3149 1901 3226 congregatio-

1162 3242 1210 3302 nis
1231 3241 1408 3304 huiusmodi
1423 3243 1631 3320 generalibus,
1647 3242 1900 3321 praesidentibus,

1161 3341 1192 3395 et
1213 3335 1373 3413 quibusvis
1393 3336 1460 3396 aliis
1478 3337 1697 3415 superioribus,
1715 3335 1857 3414 praelatis
1871 3343 1902 3396 et

1161 3428 1313 3505 capitulis,
1325 3429 1416 3490 etiam
1433 3431 1637 3506 generalibus,
1651 3429 1899 3509 provincialibus,

1161 3537 1216 3582 seu
1238 3521 1445 3597 intermediis,
1476 3539 1646 3601 eorumque
1676 3523 1900 3597 definitoribus,

1161 3614 1325 3692 prioribus,
1343 3618 1479 3692 novitiis,
1493 3617 1649 3694 iratribuS,
1665 3619 1833 3694 conversis,
1850 3619 1903 3680 do-

1162 3708 1251 3784 natis,
1275 3719 1305 3772 et
1326 3711 1485 3789 quibusvis
1502 3729 1609 3776 eorum
1627 3715 1819 3792 regularibus
1834 3730 1901 3793 per-

1161 3807 1255 3883 sonis,
1273 3815 1335 3868 tara
1356 3809 1388 3869 in
1410 3809 1492 3871 Urbe
1513 3826 1605 3888 quam
1622 3813 1713 3874 etiam
1729 3812 1761 3874 in
1777 3815 1901 3892 quibus-

1161 3920 1294 3982 cumque
1324 3905 1434 3967 mnndi
1460 3905 1596 3982 partibus
1622 3907 1843 3984 existentibus,
1872 3919 1902 3972 et

1161 3999 1286 4061 illorum
1307 3999 1436 4074 intuitu,
1452 4005 1504 4060 aut
1519 3999 1590 4060 alias
1604 4001 1903 4082 quomodolibetper

1161 4093 1371 4172 quoscumque
1401 4093 1553 4157 Romanos
1584 4095 1746 4158 Pontifices
1778 4097 1901 4174 praede·

1160 4204 1294 4249 cessores
1315 4196 1446 4262 nostros,
1462 4196 1513 4250 aut
1529 4187 1601 4250 alios
1622 4190 1835 4252 auctoritatem
1850 4190 1904 4251 ha-

1161 4282 1278 4356 bentes,
1309 4297 1450 4344 concessa
1470 4290 1544 4344 sunt
1566 4291 1596 4344 et
1617 4282 1846 4358 conceduntur,
1869 4300 1903 4345 ac

1160 4376 1271 4454 quibus
1292 4375 1329 4438 de
1344 4377 1423 4450 iure,
1440 4392 1509 4450 usu,
1526 4377 1576 4438 vel
1591 4376 1824 4451 consuetudine,
1840 4377 1901 4456 pri-

1161 4469 1285 4546 vilegio,
1307 4486 1362 4531 seu
1383 4470 1577 4532 concessione
1599 4470 1773 4549 apostolice,
1796 4471 1828 4532 in
1849 4486 1902 4548 ge·

1160 4579 1235 4624 nere
1247 4563 1297 4626 vel
1308 4563 1341 4625 in
1355 4563 1467 4641 specie,
1481 4580 1513 4626 ac
1526 4571 1587 4625 tam
1602 4565 1791 4627 coniunctim
1807 4581 1900 4643 quam

1160 4655 1298 4732 divisim,
1320 4663 1373 4718 aut
1400 4657 1472 4718 aliis
1497 4657 1727 4736 quomodolibet
1754 4665 1899 4732 utuntur,

1159 4751 1325 4825 fruuntur,
1358 4751 1536 4829 potiuntur,
1559 4757 1589 4812 et
1612 4751 1763 4828 gaudent,
1785 4769 1819 4816 ac
1840 4754 1898 4828 uti,
2001 4791 2002 4795 =

1159 4844 1232 4919 frui,
1254 4843 1346 4924 potiri
1362 4851 1391 4906 et
1406 4845 1539 4922 gaudere
1561 4852 1687 4922 possunt
1701 4853 1732 4906 et
1752 4854 1900 4924 poterunt

1161 4938 1192 5000 in
1216 4937 1370 5012 futurum,
1386 4938 1421 4999 ad
1439 4937 1600 5014 praelatam
1619 4940 1899 5018 congregationem

1160 5031 1456 5093 Bethlehemitarum
1479 5041 1508 5092 et
1529 5032 1649 5108 singula
1672 5033 1753 5095 illius
1769 5034 1898 5112 hospita-

1160 5123 1210 5197 lia,
1233 5124 1338 5186 domos
1360 5130 1390 5184 et
1411 5123 1467 5184 alia
1489 5125 1551 5185 loca
1573 5125 1737 5201 regularia,
1760 5126 1900 5189 illorum-

1160 5232 1220 5294 que
1247 5217 1435 5294 superiores,
1464 5217 1612 5294 praelatos
1634 5225 1664 5280 et
1691 5235 1900 5298 quascumque

1159 5307 1315 5384 regulares
1337 5325 1497 5387 personas,
1520 5312 1698 5374 auctoritate
1724 5313 1897 5395 apostolici,

1159 5409 1268 5462 tenore
1282 5405 1503 5480 praesentium,
1519 5411 1668 5482 perpetuo
1690 5406 1898 5481 extendimus,

1159 5494 1271 5572 illaque
1292 5497 1336 5556 eis
1361 5497 1625 5560 communicamus
1646 5506 1677 5560 et
1705 5501 1807 5562 denuo
1828 5517 1898 5562 con-

1159 5588 1313 5663 cedimus,
1346 5605 1379 5650 ac
1409 5589 1568 5666 suflragari
1600 5591 1753 5654 volumus.
1789 5591 1898 5654 Decer-

1158 5689 1280 5756 nentes,
1303 5682 1424 5744 easdem
1446 5690 1619 5759 praesentes
1641 5684 1757 5746 litteras
1777 5701 1899 5764 semper

1159 5775 1273 5849 firmas,
1290 5773 1402 5836 validas
1424 5782 1454 5836 et
1469 5775 1603 5838 efficaces
1625 5777 1757 5840 existere
1775 5787 1806 5840 et
1821 5778 1896 5854 fore,

1156 5880 1289 5944 suosque
1310 5865 1462 5944 plenarios
1477 5877 1508 5930 et
1528 5869 1665 5945 integros
1687 5869 1813 5934 effectos
1834 5887 1898 5933 sor·

1157 5958 1209 6020 tiri
1223 5965 1254 6021 et
1268 5959 1420 6036 obtinere,
1443 5979 1476 6024 ac
1497 5961 1568 6038 illis,
1584 5961 1620 6024 ad
1641 5979 1718 6042 quos
1738 5972 1852 6045 spectat
1867 5974 1898 6028 et

1821 577 1897 644 293,
1931 573 1984 627 An.
2000 574 2030 626 o.
2051 571 2117 624 1711
