4836 6998
114 545 177 610 An.
191 553 220 610 c.
242 545 311 609 1729

130 703 339 752 incisionum·
379 690 399 765 5
423 685 449 750 l.
475 689 556 754 cum
576 683 693 768 itaque,
714 695 836 754 mature
857 688 1087 768 diligenterque

100 761 322 869 {ffi’giqfflqff‘ffil
337 783 484 846 discussis
504 792 535 848 et
556 785 714 862 perpensis
735 799 790 862 per
806 785 1086 862 congregationem

102 869 191 912 ‘⁰⁰¹²
340 877 568 940 venerabilium
588 876 722 940 fratrum
744 885 925 942 nostrorum
947 879 977 941 S.
995 879 1031 940 lt.
1050 877 1084 940 E.

339 970 553 1034 Cardiualium
581 971 674 1033 sacris
703 970 814 1036 ritibus
842 971 1087 1050 praepositorum

340 1066 532 1144 processibus
552 1065 590 1128 de
609 1066 703 1128 buius
718 1065 845 1128 Sanctae
860 1065 946 1130 Sedis
961 1066 1088 1144 Aposto-

339 1158 416 1221 licae
436 1159 562 1222 licentii
591 1157 738 1222 confectis
765 1174 859 1237 super
886 1159 1036 1236 martirio
1057 1165 1088 1222 ct

306 1252 428 1316 'causa
448 1253 589 1330 martyrii
610 1254 664 1316 Dei
684 1252 767 1314 servi
798 1252 910 1316 Fidelis
931 1269 948 1314 a
969 1252 1089 1328 Sigma-

338 1347 440 1424 ringa,
462 1346 634 1426 presbytori
655 1360 799 1424 expresse
819 1345 946 1425 professi
966 1344 1087 1408 Ordinis

338 1439 497 1502 Mincium
530 1440 634 1504 Sancti
664 1439 816 1502 francisci
843 1438 1087 1516 capuccinorum

339 1541 604 1612 nuncupatorum,
626 1533 679 1612 qui
701 1532 776 1594 olim
797 1549 814 1592 a
834 1531 899 1593 suis
919 1530 1087 1608 superiori-

335 1627 396 1688 bus
423 1626 618 1703 regularibus
650 1627 683 1688 iu
710 1623 900 1703 praefectum
930 1637 1086 1684 sacrarum

338 1720 534 1795 missionum,
568 1735 646 1798 quae
667 1717 702 1780 in
729 1718 866 1796 partibus
895 1716 1086 1778 llbaetorum

338 1813 521 1876 auctoritate
541 1828 578 1873 eo
599 1820 739 1891 tempore
770 1811 973 1874 existentium
1006 1809 1086 1870 eius-

337 1905 409 1968 dem
431 1905 462 1969 S.
478 1905 514 1968 lt.
539 1906 573 1968 Ε.
594 1906 805 1970 cardinalium
825 1903 958 1981 negotiis
979 1917 1087 1982 propa-

337 2001 455 2076 gandae
476 1999 547 2061 fidei
578 2000 824 2079 praepositorum
850 2006 926 2060 tunc
948 1997 1086 2075 primum

337 2092 498 2156 institutae
528 2093 651 2156 fuerant
673 2093 730 2173 (l),
753 2093 935 2167 destinatus,
958 2106 1030 2154 cum
1051 2091 1085 2152 iii

336 2186 394 2248 boc
414 2201 547 2248 munere
568 2186 794 2249 baereticorum
808 2184 1006 2248 conversioni
1021 2183 1085 2246 exi·

337 2279 433 2340 miam
463 2279 710 2359 indefessamque
741 2294 866 2357 operam
888 2285 1025 2349 navaret,
1049 2275 1086 2338 ab

337 2372 374 2434 iis
395 2373 481 2433 vario
503 2373 638 2435 telorum
670 2388 786 2450 genere
809 2373 841 2436 iii
864 2372 969 2435 odium
990 2369 1085 2449 ipsius

337 2465 408 2527 fidei
439 2465 605 2528 catholicae
635 2481 718 2528 anno
745 2481 892 2528 uncxxii.
915 2462 1084 2526 crudeliter

336 2557 517 2632 trucidatus,
540 2557 674 2637 palmam
704 2559 845 2637 martyrii
872 2557 1020 2637 aitcepisse
1040 2573 1084 2618 as-

335 2651 505 2726 serebatur,
528 2668 562 2713 ac
581 2668 675 2730 super
693 2652 802 2726 signis,
819 2650 966 2731 prodigiis
981 2659 1012 2713 et
1027 2652 1084 2712 mi·

335 2744 459 2819 iaculis,
482 2759 560 2824 quae
581 2743 617 2804 ad
639 2743 901 2808 manifestandum
916 2745 1034 2806 mundo
1049 2744 1084 2804 fi-

336 2837 448 2918 nalem,
460 2837 544 2900 illins
565 2838 828 2917 perseverantiam
850 2855 866 2898 a
881 2839 942 2900 Deo
957 2838 1037 2901 edita
1053 2845 1084 2901 et

335 2938 452 3008 patrata
483 2931 577 2993 fuisse
607 2928 801 3006 dicebantur,
830 2933 982 3009 praedicta
1004 2932 1083 2994 con-

336 3027 474 3104 gregatio
497 3023 706 3088 cardinalium
737 3039 841 3086 coram
863 3024 950 3086 nobis
971 3025 1084 3088 cousti-

334 3128 413 3194 tuta‚
435 3119 547 3182 auditis
568 3119 662 3180 etiam
682 3116 897 3180 consultorum
917 3117 1082 3194 suffragiis,

317 3206 492 3277 'censuerit
509 3227 608 3290 posse,
624 3210 882 3289 quandocumque
897 3211 985 3272 nobis
999 3212 1084 3274 vide

335 3315 434 3382 retur,
447 3304 592 3369 eumdem
606 3305 661 3365 ilci
674 3321 803 3366 servum
816 3298 941 3382 publice
954 3303 1083 3366 Beatum

337 3399 509 3477 nuncupari
529 3413 601 3461 cum
621 3397 720 3459 solitis
739 3397 880 3460 indultis:

133 3499 208 3566 noeti
224 3510 317 3547 noman
376 3495 395 3570 5
415 3494 445 3556 Ε.
467 3493 546 3554 Hinc
566 3492 708 3570 estquod
723 3507 790 3566 nm,
807 3491 863 3568 piis
877 3499 970 3570 atque
985 3491 1084 3553 enixis

101 3553 317 3664 incitatur
336 3586 484 3650 carissimi
506 3586 539 3647 in
561 3584 682 3648 carisio
704 3583 760 3644 nni
783 3584 881 3645 iosiii
902 3584 1003 3647 caron
1018 3586 1084 3647 iiis-

101 3660 318 3770 ffiflffiffflu'
335 3678 498 3759 paniarum
519 3677 659 3740 catbolici
681 3683 712 3739 ot
726 3675 939 3739 Romanorum
953 3680 1034 3755 regis
1050 3679 1083 3741 iii

335 3772 556 3850 imperatorem
576 3770 679 3846 electi,
701 3777 732 3832 et
754 3771 927 3832 carissimae
948 3771 980 3832 in
996 3773 1083 3837 cliri-

334 3873 381 3926 sto
402 3863 483 3926 tiliae
513 3870 637 3926 nostrae
667 3863 860 3924 Elisabethae
891 3863 1083 3927 christianae

334 3959 513 4021 earumdem
545 3957 763 4036 Hispaniarum
783 3956 950 4019 catbolicae
971 3973 1005 4020 ac
1025 3960 1082 4020 llo-

334 4067 501 4114 manorum
527 4049 654 4127 reginae
675 4049 742 4111 eius
769 4049 926 4126 coniugis,
959 4066 1081 4114 necnon

333 4145 563 4207 venerabilium
573 4143 682 4204 itidem
693 4142 824 4206 fratrum
838 4150 1018 4206 nostrorum
1028 4159 1082 4206 ne·

334 4237 425 4315 gotiis
446 4237 662 4316 Propagaudae
691 4234 776 4298 Fidei
796 4234 975 4298 huiusmodi
996 4253 1082 4316 prae-

333 4331 507 4410 positorum
526 4329 723 4408 aliorumque
744 4329 841 4392 dictae
855 4330 886 4393 S.
903 4329 939 4390 R.
958 4330 993 4392 Ε.
1011 4331 1082 4393 car·

332 4423 485 4492 dinalium
503 4439 539 4485 ac
559 4421 794 4500 quamplurium
808 4421 990 4486 Germaniae
1003 4424 1082 4486 anti·

332 4517 443 4579 stitum
465 4524 497 4578 et
516 4531 693 4595 procerum,
716 4515 873 4594 totiusque
887 4517 1013 4596 praefati
1028 4517 1082 4581 Or·

331 4609 415 4671 dinis
444 4607 578 4671 fratrum
608 4608 765 4670 Mincium
797 4607 899 4670 Sancti
927 4610 1081 4672 Francisci

334 4701 591 4780 cipuccinorum
614 4707 645 4762 et
666 4701 853 4763 nominatim
882 4700 1081 4763 Maximillam

332 4794 552 4870 aWangbena
580 4795 718 4858 elimdcm
749 4794 871 4858 Ordinis
903 4795 1081 4873 professoris

331 4887 488 4966 huiusque
508 4901 615 4950 causae
637 4887 831 4966 postulatoris
851 4887 1080 4966 supplicationi·

331 4981 390 5043 bus
411 4981 498 5044 nobis
520 4987 552 5042 et
571 4981 644 5042 huic
665 4979 794 5043 Sanctae
819 4979 889 5043 Sedi
911 4996 1004 5059 super
1024 4981 1082 5043 boc

332 5073 494 5135 humiliter
505 5073 653 5151 porrectis
662 5071 800 5149 benigne
814 5072 966 5149 inclinati,
979 5074 1018 5136 de
1030 5089 1081 5135 su-

332 5166 485 5244 pradictae
507 5165 761 5242 congregationis
782 5165 994 5230 cardinalium
1009 5183 1080 5229 con·

331 5258 402 5320 silio
422 5267 454 5322 et
474 5275 613 5328 assensu,
635 5260 817 5322 auctoritate
841 5259 1013 5338 apostolica,
1036 5269 1080 5322 te-

333 5367 411 5414 nore
431 5354 655 5431 praesentium,
678 5352 888 5428 indulgemus,
910 5361 946 5416 ut
966 5354 1080 5432 praefa-

333 5451 383 5507 tus
403 5461 513 5508 servus
534 5446 588 5508 Dei
608 5445 721 5508 Fidelis
741 5445 968 5523 aSigmaringa
982 5447 1080 5525 impo-

329 5547 452 5601 sterum
473 5539 558 5602 Beati
578 5539 707 5601 nornine
726 5545 936 5617 nuncupetur,
952 5539 1081 5617 eiusque

333 5647 443 5710 corpus
475 5639 506 5694 et
533 5631 683 5710 reliquiae
713 5632 908 5694 venerationi
939 5632 1080 5696 fidelium

230 5803 232 5808 Α
333 5722 412 5806 (non
433 5733 537 5788 tammi
552 5726 585 5789 in
599 5726 844 5805 processionibus
859 5725 1079 5788 circumferen-

374 5936 404 5996 (1)
420 5936 487 5984 Male
502 5937 563 5984 edit.
579 5937 655 5985 Mein.
671 5937 737 5998 legii
751 5941 848 5991 ficerat·

969 553 1167 624 itsutnicrus
1189 554 1261 622 xiii.

1813 543 1871 624 lia
1921 546 2021 616 ilinc.
2042 541 2110 614 irad

1143 688 1211 768 dae)
1232 699 1440 770 exponantur,
1462 691 1615 772 imagines
1643 711 1766 775 quoque
1787 695 1890 772 radiis,

1143 785 1357 862 splendoribus
1378 795 1583 864 exornentur,
1600 806 1633 850 ac
1654 789 1692 852 de
1710 805 1746 851 eo
1761 797 1892 869 quotan-

1143 879 1191 940 nis
1212 879 1261 944 die
1282 878 1379 942 felicis
1409 881 1476 944 eius
1506 882 1666 960 transitus,
1688 899 1744 948 seu
1765 883 1823 947 alia
1844 885 1893 948 die

1143 987 1208 1033 non
1235 972 1381 1052 impedita
1411 973 1497 1038 illam
1527 974 1706 1038 immediate
1736 980 1891 1056 sequenti,

1143 1063 1293 1128 recitetur
1324 1065 1459 1130 officium
1480 1077 1513 1130 et
1540 1068 1631 1132 missa
1659 1068 1834 1133 celebretur
1854 1070 1893 1134 de

1143 1159 1304 1221 communi
1336 1161 1430 1224 unius
1461 1163 1608 1239 martyris
1639 1162 1725 1225 iuxta
1755 1163 1893 1228 rubricas

1143 1251 1289 1314 breviarii
1310 1260 1342 1315 et
1363 1253 1492 1318 missalis
1511 1256 1642 1320 romani.

1183 1347 1202 1420 θ
1223 1344 1252 1408 3.
1277 1346 1371 1410 Porro
1392 1347 1608 1410 recitationem
1629 1349 1721 1412 otiicii
1736 1359 1767 1413 et
1781 1351 1893 1414 missae
1927 1355 2017 1402 wem
2031 1359 2057 1403 οῖ
2071 1355 2124 1420 effi·

1143 1437 1384 1502 celebrationem
1405 1440 1584 1503 huiusmodi
1607 1443 1673 1504 fieri
1695 1444 1892 1506 concedimus
1911 1409 2124 1510 {iiiiiiffldio‘ii

1143 1532 1304 1594 dumtaxat
1338 1533 1370 1594 in
1402 1533 1550 1594 universo
1584 1532 1699 1597 Ordine
1733 1536 1893 1599 Minorum
1911 1515 2017 1562 “mmm

1143 1623 1173 1688 S·
1197 1624 1352 1687 Francisci
1383 1625 1629 1703 capuccinorum
1660 1629 1825 1709 utriusque
1845 1647 1893 1694 se-

1142 1734 1211 1792 xus,
1233 1734 1327 1796 quem
1348 1718 1433 1780 idem
1453 1719 1507 1780 Dei
1527 1733 1638 1782 servus
1656 1725 1806 1802 martyrio
1821 1723 1893 1788 illu·

1140 1811 1265 1885 stravit,
1296 1811 1329 1870 iii
1356 1811 1422 1872 loco
1449 1813 1486 1874 de
1518 1812 1713 1892 Sigmaringa
1744 1817 1891 1880 dioecesis

1142 1905 1387 1968 Constantieusis
1413 1906 1593 1985 provinciae
1621 1909 1834 1987 bfoguntinae,
1857 1911 1890 1974 in

1140 2011 1202 2074 quo
1225 2004 1394 2074 natusest,
1416 2000 1450 2062 in
1472 1999 1583 2078 oppido
1614 2001 1739 2065 civitate
1769 2021 1891 2068 nuncu-

1141 2096 1209 2167 pato
1230 2091 1376 2166 Friburgi
1397 2091 1495 2154 dictae
1516 2093 1674 2169 dioecesis
1696 2095 1749 2158 ubi
1770 2097 1893 2173 regula·

1141 2199 1206 2246 rem
1227 2183 1450 2262 professionem
1472 2186 1586 2261 emisit,
1609 2188 1725 2266 diuque
1751 2198 1891 2254 versatus

1141 2275 1211 2351 fuit,
1228 2277 1261 2338 in
1276 2277 1402 2340 civitate
1417 2277 1569 2354 curiensi,
1586 2280 1638 2342 ubi
1658 2281 1753 2358 ipsius
1767 2299 1890 2362 corpuS,

1140 2385 1173 2431 ac
1194 2385 1271 2449 pago
1297 2368 1508 2432 veluelircliti
1540 2371 1699 2435 Curiousis
1731 2375 1889 2452 dioecesis,

1140 2462 1193 2524 ubi
1216 2464 1283 2526 eius
1303 2463 1445 2526 cranium
1476 2465 1646 2542 respective
1679 2477 1891 2544 asservantuip

1139 2557 1176 2619 ab
1197 2557 1343 2622 omnibus
1374 2558 1539 2636 utriusque
1569 2574 1661 2622 sexus
1683 2561 1891 2627 christifideli-

1139 2652 1196 2714 bus
1221 2659 1283 2712 tam
1315 2649 1524 2714 saecularibus
1555 2668 1648 2729 quam
1679 2653 1888 2732 regularibus,

1139 2747 1194 2824 qui
1214 2745 1250 2806 ad
1272 2747 1362 2808 boras
1377 2745 1539 2808 canonicas
1556 2751 1715 2820 tenentur,
1733 2753 1775 2822 et,
1791 2763 1889 2825 quan·

1139 2847 1208 2901 tum
1229 2839 1266 2902 ad
1288 2837 1395 2900 missas
1424 2837 1547 2911 attinet,
1569 2837 1664 2902 etiam
1685 2839 1722 2900 ab
1744 2841 1889 2906 omnibus

1138 2931 1346 2994 sacerdotibus
1366 2928 1402 2989 ad
1423 2929 1566 2994 ecclesias
1587 2929 1620 2992 iu
1642 2931 1755 3009 quibus
1774 2931 1889 2996 festum

1139 3024 1299 3103 peragitur
1319 3023 1559 3088 confluentibus.
1591 3023 1763 3100 Praeterea,
1786 3027 1887 3104 primo

1138 3118 1298 3178 dumtaxat
1319 3131 1404 3181 anuo
1420 3133 1436 3178 a
1450 3115 1526 3178 datis
1541 3115 1625 3178 bisce
1639 3116 1753 3178 litteris
1768 3127 1798 3180 et
1813 3133 1890 3197 quo-

1138 3211 1176 3274 ad
1197 3209 1297 3272 indias
1318 3225 1334 3270 a
1356 3208 1406 3270 dfe
1426 3225 1488 3287 quo
1515 3210 1642 3272 eaodem
1673 3209 1794 3272 litterae
1815 3211 1889 3275 illuc

1139 3303 1342 3382 pervenerint
1356 3303 1540 3378 inchoando,
1557 3303 1591 3365 in
1605 3302 1740 3368 ecclesiis
1755 3303 1887 3380 Ordinis,

1140 3397 1209 3472 loci,
1224 3395 1358 3458 civitatis
1378 3401 1409 3458 et
1430 3396 1500 3473 pagi
1514 3395 1724 3472 praelatorum
1737 3396 1889 3460 solemnia

1139 3489 1372 3552 beatificationis
1393 3489 1488 3566 ipsius
1508 3489 1592 3552 servi
1620 3490 1673 3552 bei
1696 3505 1768 3555 cum
1789 3491 1889 3554 officio

1138 3588 1170 3644 et
1191 3581 1284 3644 missa
1309 3581 1368 3645 sub
1398 3582 1461 3644 ritu
1491 3581 1606 3660 duplici
1636 3583 1757 3660 maiori,
1780 3584 1830 3646 die
1851 3587 1889 3648 ab

1138 3675 1308 3740 Ordinariis
1329 3677 1499 3754 respective
1520 3677 1703 3753 constituto,
1726 3686 1888 3758 postquam

1140 3777 1244 3832 tamen
1265 3769 1299 3830 in
1320 3768 1447 3830 ccclesia
1467 3769 1667 3833 Laterauensi
1689 3772 1726 3833 de
1741 3770 1824 3834 Urbe
1840 3787 1888 3834 ce-

1139 3862 1253 3924 lebrata
1284 3860 1404 3924 fuerint
1432 3863 1539 3925 eadem
1566 3863 1727 3938 solemnia,
1750 3880 1807 3943 pro
1828 3882 1889 3944 qua

1138 3972 1173 4017 re
1194 3953 1277 4017 diem
1298 3971 1387 4016 xxiv.
1411 3956 1566 4018 currentis
1587 3957 1703 4018 mensis
1724 3957 1829 4019 martii
1843 3975 1890 4020 as-

1136 4049 1308 4126 signamus,
1330 4048 1445 4126 pariter
1465 4048 1640 4112 celebrandi
1661 4049 1789 4112 facimus
1803 4059 1889 4129 pote·

1138 4150 1260 4206 statem

1178 4237 1197 4311 ἓ
1218 4236 1247 4298 '4-
1271 4233 1340 4298 Nou
1363 4234 1553 4298 obstantibus
1567 4235 1841 4301 constitutionibus
1856 4245 1888 4302 et
1928 4242 2064 4312 citimam
2079 4247 2120 4296 de

1138 4329 1384 4394 ordinationibus
1415 4328 1600 4408 apostolicis,
1632 4345 1665 4391 ac
1693 4331 1822 4394 decretis
1850 4334 1888 4400 dc
1906 4303 2057 4357 ¹⁰⁸⁸t⁰¹¹²²

1138 4437 1202 4483 nou
1222 4421 1310 4484 cultu
1331 4420 1432 4496 editis,
1455 4421 1628 4498 ceterisque
1642 4424 1806 4487 contrariis
1820 4427 1888 4505 qui·

1137 4515 1341 4593 buscumque.
1371 4511 1524 4577 Volumus
1554 4521 1671 4589 autem,
1694 4523 1729 4578 ut
1750 4516 1888 4595 ipsarum

1136 4607 1350 4688 praesentium
1378 4607 1555 4668 litterarum
1585 4610 1802 4687 transumptis,
1831 4626 1888 4673 scu

1137 4701 1299 4781 exemplis,
1325 4702 1420 4763 etiarn
1441 4701 1611 4780 impressis,
1637 4715 1733 4765 manu
1756 4711 1889 4766 secreta-

1136 4797 1175 4856 rii
1196 4794 1295 4860 dictae
1316 4794 1575 4871 congregationis
1590 4794 1799 4858 cardinalium
1816 4795 1889 4857 sub-

1135 4889 1268 4968 scriptis,
1291 4895 1322 4949 et
1342 4887 1445 4964 sigillo
1466 4885 1612 4965 praefecti
1644 4888 1784 4950 eiusdem
1806 4888 1886 4951 cnu-

1137 4981 1326 5060 gregationis
1357 4979 1500 5054 munitis,
1527 4981 1636 5041 eadem
1665 4995 1790 5058 prorsus
1812 4979 1887 5042 fides

1136 5076 1173 5136 ab
1194 5075 1340 5137 omnibus
1361 5081 1392 5136 et
1409 5073 1524 5152 ubique
1538 5080 1602 5135 tam
1618 5072 1651 5134 iia
1667 5073 1778 5136 iudicio
1793 5087 1886 5151 quam

1137 5175 1223 5230 extra
1235 5167 1311 5229 illud
1326 5167 1485 5242 habeatur,
1498 5182 1577 5244 quae
1591 5166 1664 5244 ipsis
1674 5165 1886 5244 praesentibus

1136 5262 1313 5335 baberetur,
1328 5261 1353 5322 si
1374 5259 1479 5322 forent
1499 5259 1654 5322 exhibitae
1668 5258 1718 5320 vel
1733 5265 1882 5320 ostensae.

1175 5355 1287 5418 Datum
1310 5354 1436 5426 Romae,
1459 5355 1540 5430 apud
1558 5353 1588 5416 S.
1605 5353 1744 5426 Petrum,
1760 5353 1818 5414 sub
1831 5367 1885 5413 au·

1136 5448 1211 5510 iiulo
1233 5445 1401 5520 Piscatoris,
1425 5444 1474 5508 dic
1495 5460 1553 5504 xii.
1571 5445 1672 5506 martii
1689 5459 1882 5521 unccxxix,

1135 5541 1330 5619 pontificatus
1352 5537 1451 5599 nostri
1471 5553 1553 5600 auno
1575 5552 1617 5598 vi.

1394 5695 1632 5708 *ψ
