4880 6982
1014 613 1155 658 6666666
1178 613 1219 658 61.
1811 599 1870 662 3119
1921 599 2018 654 1666.
2041 601 2108 652 1720

532 775 717 842 caederis
741 777 841 844 exet
865 778 909 844 ili.

471 913 508 980 ad
528 918 700 994 perpetuam
724 915 767 981 rei
788 917 969 983 memoriam.

145 1119 297 1166 1666661666.
386 1104 538 1166 Ecclesiae
559 1105 724 1167 6616611666
745 1107 903 1182 regimini,
921 1108 1040 1170 meritis
1055 1108 1090 1170 li·

345 1208 393 1260 cet
413 1199 599 1278 imparibus,
622 1200 726 1262 61111166
755 1202 953 1278 dispositione
978 1202 1089 1280 praesi-

344 1293 464 1367 dentes,
487 1291 522 1354 661
539 1309 584 1367 66,
602 1309 655 1370 661·
670 1311 748 1372 6666
769 1295 897 1372 collegia
918 1303 948 1357 et
971 1295 1027 1356 alia
1043 1311 1089 1356 re-

345 1386 462 1462 gularia
484 1386 547 1448 1666
568 1386 602 1448 661
632 1388 791 1464 religionis
812 1396 842 1449 61
864 1390 961 1452 divini
988 1388 1090 1450 cultus

345 1482 593 1556 incrementum,
627 1484 760 1562 fideique
781 1484 946 1546 catholicae
967 1500 1092 1544 conser-

345 1575 499 1636 vationem
513 1583 542 1637 et
558 1577 811 1654 propagationem
828 1578 944 1655 ubique
958 1595 990 1639 ae
1006 1593 1090 1655 prae·

344 1669 451 1730 sertim
468 1669 593 1730 1661666
611 1669 691 1732 116116
705 1682 808 1732 666166
829 1671 908 1746 erigi
924 1672 1088 1734 6116611161

344 1763 477 1836 valeant,
501 1763 660 1841 propensis
687 1763 797 1826 studiis
824 1764 1033 1838 intendimus,
1056 1782 1089 1827 ac

344 1855 500 1934 pastoralis
528 1855 618 1916 officii
641 1857 739 1918 nostri
763 1866 863 1934 partes
890 1859 1020 1936 desuper·
1041 1859 1088 1919 in·

344 1949 537 2029 terponimus
557 1951 636 2012 sicut
657 1952 802 2014 omnibus
831 1961 970 2016 maturae
990 1952 1088 2014 consi·

343 2045 508 2106 derationis
519 2044 637 2107 trutina
648 2047 807 2123 perpensis
817 2047 852 2107 661
865 2047 1088 2124 61661166166116

342 2137 397 2200 Dei
419 2137 550 2214 gloriam
572 2147 602 2200 et
624 2137 768 2200 dominici
792 2139 894 2215 gregis
921 2139 1087 2201 utilitatem

342 2232 579 2309 animarumque·
600 2231 731 2294 salutem
753 2233 967 2308 cognoscimus
986 2233 1087 2294 16116-

341 2326 428 2386 16166
448 2325 612 2386 salubriter
633 2327 789 2402 expedire.

106 2417 322 2517 narrargrsrgcrgalrgo
381 2420 400 2494 5
423 2419 449 2480 l.
474 2419 555 2480 Alias
577 2419 730 2496 siquidem
752 2420 840 2480 nobis
862 2437 917 2498 pro
939 2421 1087 2498 66616611-

106 2523 323 2586 6666611166-
342 2515 412 2576 16611
445 2513 501 2574 1111
531 2514 738 2590 procuratoris
770 2514 923 2589 generalis
954 2514 1085 2577 fratrum

106 2588 171 2623 ΜΠ.

341 2607 462 2670 Ordinis
474 2606 586 2670 SSrirae
602 2607 760 2668 Trinitatis
771 2607 999 2686 Redemptionis
1012 2608 1087 2686 Cap-

341 2703 478 2764 tivorum
490 2700 739 2762 Excalceatorum
754 2709 1003 2779 nuncupatorum
1016 2719 1086 2763 con·

340 2794 529 2872 gregatienis
563 2794 781 2871 Hispaniarum
812 2795 950 2872 exposito
981 2797 1084 2873 quod,

340 2905 411 2950 6616
443 2887 581 2962 dudum,
615 2903 728 2964 nempe
762 2903 844 2948 anno
881 2905 1082 2950 6666166666.

340 2981 496 3060 quondam
527 2980 672 3059 loseplrus
703 2980 821 3042 Faraldi
855 2981 1016 3058 presbyter
1046 2999 1084 3042 ex

340 3075 470 3137 dioecesi
492 3075 522 3138 S.
548 3074 713 3136 Severinae
736 3074 884 3135 oriundus
907 3075 1083 3136 6661661161-

339 3169 454 3230 6116666
476 3167 596 3244 61616116
618 3174 649 3228 61
670 3167 842 3228 6666116616
857 3184 948 3247 66666
964 3168 1083 3244 161666,

340 3263 393 3324 6111
414 3260 585 3338 vulgariter
600 3259 712 3321 dicitur
728 3260 814 3320 Delie
830 3259 981 3332 Forrooci,
999 3261 1084 3326 Mort-

340 3361 368 3414 te
391 3354 472 3416 dallo
497 3353 591 3415 Crete
614 3369 708 3432 prope
730 3361 760 3415 et
781 3362 868 3416 extra
890 3356 1083 3417 6166616116-

339 3447 384 3508 bis
405 3446 576 3526 praedictae
592 3463 624 3507 66
640 3453 758 3524 portam
781 3447 929 3524 Equitum
946 3447 1023 3509 levis
1038 3467 1085 3510 ar-

339 3547 477 3602 maturae
499 3547 719 3616 nuncupatam,
737 3539 816 3600 iutra
839 3539 954 3602 limites
969 3541 1084 3602 scilicet

338 3633 519 3713 parochialis
535 3632 687 3695 Ecclesiae
703 3632 733 3695 S.
749 3634 859 3709 dngeli
872 3635 906 3696 ad
920 3635 1082 3708 fornaces,

338 3743 416 3808 quae
438 3726 578 3786 basilicae
600 3726 631 3788 S.
656 3725 738 3787 Petri
761 3727 792 3787 in
816 3725 963 3789 Vaticano
979 3727 1016 3789 616
1037 3729 1085 3788 66-

337 3821 408 3882 61666
423 3819 504 3880 Urbe
527 3818 626 3879 filialis
648 3818 763 3892 existit,
780 3819 891 3897 posito,
908 3820 1083 3882 1611666116

337 3913 410 3973 1166.
435 3927 528 3972 61661.
553 3911 703 3990 (16666616,
717 3913 792 3973 61666
808 3913 939 3988 viveret,
957 3913 986 3976 S.
998 3913 1033 3974 H.
1046 3914 1079 3974 E.

338 4005 507 4068 cardinalis
534 4005 676 4082 Carpinei
699 4005 885 4083 nuncupati,
911 4015 983 4068 tunc
1006 4015 1082 4068 tem-

336 4099 419 4176 poris
446 4098 582 4160 16116116
609 4099 760 4176 6666611616
788 4099 917 4176 eiusque
943 4099 1082 4163 districtu

336 4191 449 4253 Vicerii
477 4192 510 4252 161
531 4190 741 4268 spiritualibus
770 4193 933 4267 generalis,
964 4193 1082 4255 festivis

337 4285 443 4348 diebus
465 4299 608 4346 exercere
630 4301 663 4345 ac
684 4285 859 4362 spirituales
881 4287 916 4348 661
939 4287 1083 4348 611616111-

336 4379 431 4453 616166,
454 4379 566 4456 quibus
587 4377 650 4456 ipse
672 4378 1083 4456 166666666666616666166-

335 4471 474 4534 sionibus
505 4477 584 4544 erat,
614 4487 773 4532 sermones
800 4471 912 4534 11611666
944 4473 1081 4552 primum

336 4565 495 4642 666616661,
511 4565 714 4642 pluribusque
728 4565 793 4626 aliis
813 4566 976 4646 utriusque
991 4583 1081 4628 sexus

336 4657 587 4720 christifidelibus
609 4658 682 4720 illuc
703 4661 900 4736 postmodum
923 4661 1081 4724 confluen-

337 4752 430 4826 tibus,
452 4767 578 4828 parvam
599 4768 637 4812 ex
659 4751 744 4827 ligne
765 4753 942 4831 cappellam,
966 4756 999 4816 16
1023 4773 1081 4832 qua

336 4845 506 4920 imaginem
529 4845 562 4904 Β.
586 4845 695 4905 Hariae
710 4844 846 4922 Virginis
867 4847 1081 4908 immaculatae

335 4939 494 5001 6611111616
508 4955 563 5000 seu
574 4937 769 5000 invocatione
784 4939 1002 5017 11666666161616
1013 4957 1080 5016 gra-

337 5034 449 5094 tiarum
471 5032 682 5106 collocaverat,
695 5033 832 5093 eiusdem
855 5033 992 5111 Gasparis
1010 5035 1079 5096 Car·

334 5125 443 5186 dinolis
472 5125 584 5187 Vicerii
613 5127 794 5187 auctoritate
823 5127 981 5200 erexisset,
1009 5128 1079 5189 inde

334 5235 419 5294 vero,
442 5219 527 5280 66616
543 5217 647 5297 666611
669 5219 834 5281 devotione
850 5228 880 5280 et
895 5219 1077 5299 1666666116,

334 5330 349 5371 6
372 5313 422 5373 161.
446 5329 506 5374 666.
531 5311 1079 5390 61666661661666111116666616666-

333 5422 403 5467 sore
424 5413 531 5467 nostro
558 5406 719 5467 humiliter
745 5407 898 5484 petiisset,
926 5414 1078 5484 quatenus

334 5499 391 5560 sibi
413 5499 594 5578 ampliorem
616 5499 729 5561 ibidem
751 5499 1079 5578 6661661666661661616

334 5591 545 5666 666616666611,
562 5591 597 5652 661
619 5594 700 5670 quod
721 5593 817 5654 situm
839 5594 1077 5654 necessariuma

334 5686 481 5762 legitimis
510 5686 642 5748 dominis
663 5703 701 5746 ex
730 5688 911 5748 eorumdem
937 5687 1078 5749 666161111-

334 5780 450 5841 delium
478 5779 681 5857 eleemosynis
703 5789 866 5854 coemerat,
897 5787 1078 5858 potestatem

334 5874 462 5949 faceret3
485 5889 583 5951 reque
598 5872 748 5935 eiusmodi
762 5891 817 5951 per
831 5875 931 5952 ipsum
947 5874 1080 5935 Alexan-

333 5965 424 6028 drum
437 5967 698 6046 praedecessorem
711 5967 863 6046 praedicte
875 5967 996 6045 11666661
1009 5969 1080 6030 Car-

1147 731 1240 794 61111611
1263 731 1381 794 Vicetia
1403 733 1668 808 6666161666,161666
1690 735 1801 812 Gaspar
1818 734 1889 796 Car-

1147 825 1254 886 dinalis
1277 825 1430 901 1166666,
1460 827 1569 890 66611116
1592 828 1676 907 prius
1704 827 1837 907 66611616
1858 836 1889 888 61

1146 925 1222 980 1666
1243 919 1445 980 existentibus
1459 921 1613 982 canonicis
1634 922 1825 999 supradictae
1839 921 1888 982 ba-

1145 1012 1247 1074 silicae
1275 1011 1305 1074 S.
1330 1013 1412 1074 16161
1432 1029 1525 1092 66666
1552 1015 1639 1076 66661
1666 1031 1777 1078 eorum
1805 1033 1890 1093 prae-

1145 1111 1233 1166 tenso
1256 1106 1323 1167 iure
1337 1114 1368 1168 et
1383 1105 1542 1182 1611666666,
1560 1107 1697 1186 factique
1718 1116 1888 1170 memorato

1145 1199 1319 1260 Alexandro
1340 1201 1562 1278 praedecessori
1586 1203 1681 1262 161166
1702 1203 1745 1264 661
1768 1203 1890 1264 relatio-

1146 1309 1196 1367 ne,
1219 1294 1257 1355 de
1283 1295 1426 1356 mandato
1451 1293 1589 1356 eiusdem
1618 1295 1781 1358 Alexandri
1804 1313 1890 1374 prae-

1145 1387 1308 1447 decessoris
1331 1389 1420 1448 vivae
1434 1389 1500 1449 eius
1515 1388 1597 1450 vocis
1618 1388 1740 1450 eraculo
1754 1396 1887 1468 accepto,

1145 1480 1298 1556 praedicto
1314 1481 1441 1558 loseplre
1457 1481 1628 1542 istiusmodi
1643 1480 1800 1544 6661661666
1816 1499 1888 1544 con-

1143 1573 1294 1648 struendi,
1317 1575 1383 1635 61666
1405 1585 1507 1636 tamen
1530 1574 1646 1636 furium
1669 1575 1887 1653 parochialium

1144 1665 1241 1728 dictae
1263 1667 1442 1745 parochialis
1464 1667 1606 1730 ecclesiae
1622 1669 1651 1730 S.
1669 1667 1781 1744 nugati
1803 1684 1889 1746 prae-

1144 1759 1266 1835 iudicio,
1291 1767 1321 1820 et
1343 1762 1375 1822 66
1397 1760 1510 1824 66116616
1540 1762 1619 1838 lege,
1643 1769 1677 1823 ut
1699 1761 1825 1824 ecclesia
1846 1764 1888 1824 616

1143 1855 1346 1916 construenda
1375 1853 1446 1916 Sodi
1468 1853 1657 1932 apostolicae
1678 1871 1711 1916 ac
1732 1871 1787 1932 pro
1810 1862 1888 1917 tem-

1143 1963 1216 2026 pore
1244 1949 1389 2009 existenti
1412 1949 1443 2008 in
1466 1947 1572 2010 6661661
1599 1947 1680 2009 116116
1708 1947 1828 2010 Vicario
1854 1949 1887 2010 in

1142 2041 1353 2118 spiritualibus
1380 2041 1515 2118 generali
1543 2041 1574 2102 in
1603 2048 1789 2118 perpetuom
1817 2041 1887 2103 sub

1142 2133 1218 2194 16616
1240 2133 1329 2208 16661,
1349 2135 1481 2212 amplam
1497 2133 1670 2198 facultatem
1685 2143 1716 2197 et
1729 2135 1886 2197 licentiam

1143 2236 1333 2290 concesserat
1354 2237 1384 2290 61
1405 2229 1491 2302 61166,
1515 2236 1606 2307 66661
1627 2231 1660 2292 166
1689 2232 1810 2292 61666616
1832 2245 1886 2307 666

1143 2321 1287 2382 eumdem
1315 2321 1476 2400 Gasparem
1504 2323 1695 2386 Cardinalem
1729 2324 1885 2386 Vicorium

1142 2413 1191 2475 die
1211 2431 1240 2472 v.
1265 2416 1396 2477 octobris
1418 2431 1550 2478 uucxcr.
1575 2418 1706 2498 desuper
1726 2417 1885 2492 66111666-

1143 2507 1190 2568 1116
1213 2515 1354 2570 16666661
1376 2511 1587 2588 praesentibus
1602 2528 1657 2590 pro
1672 2511 1762 2590 plene
1778 2509 1884 2572 61661-

1142 2600 1447 2680 11616616666666666
1469 2620 1500 2665 66
1522 2604 1559 2666 616
1581 2605 1675 2667 666116
1696 2605 1731 2668 661
1754 2604 1885 2666 verbum

1142 2696 1259 2757 inserto
1280 2695 1384 2758 baberi
1408 2697 1562 2772 volomus,
1583 2699 1708 2759 uberius
1729 2697 1886 2762 dicebatur

1140 2791 1312 2866 contineri3
1336 2796 1427 2868 atque
1449 2791 1481 2851 16
1502 2791 1567 2852 vim
1590 2792 1739 2855 eiusmodi
1761 2791 1884 2853 faculta-

1143 2885 1180 2946 tis
1208 2883 1317 2945 16116166
1347 2885 1445 2946 6116166
1472 2885 1615 2946 666166166
1643 2893 1757 2964 666616,
1781 2901 1884 2964 66666-

1141 2985 1236 3055 66616
1257 2984 1288 3038 61
1303 2978 1338 3038 661
1354 2993 1427 3038 eum
1443 2977 1475 3038 16
1487 2993 1547 3056 quo
1569 2979 1811 3058 conspiciebatur
1825 2986 1883 3040 sto-

1141 3077 1208 3131 tum
1231 3071 1375 3148 producta
1397 3070 1511 3132 fuerat:
1536 3078 1567 3134 et
1589 3073 1620 3132 16
1638 3074 1743 3135 eadem
1765 3073 1884 3148 exposi-

1140 3163 1225 3224 tiene
1239 3165 1415 3237 subiende,
1428 3163 1509 3241 quod
1525 3163 1673 3242 praedicta
1686 3167 1882 3242 <congregatio

1140 3255 1364 3334 Hispaniarum,
1382 3273 1459 3334 quae
1481 3258 1538 3318 6611
1560 3257 1653 3318 unius
1673 3258 1809 3320 ministri
1831 3275 1882 3335 ge-

1140 3349 1253 3410 neralis
1275 3351 1362 3412 661116
1383 3368 1416 3412 ac
1436 3351 1533 3412 6116166
1551 3351 1621 3414 Sedi
1642 3353 1790 3413 duntaxat
1811 3353 1882 3414 sub

1139 3443 1208 3504 fecti
1235 3443 1405 3506 obedientia
1427 3451 1457 3505 et
1478 3443 1630 3520 gubernio
1658 3444 1794 3521 regitur,
1818 3464 1881 3509 nen

1140 3537 1319 3610 mediocres,
1334 3536 1536 3599 benedicente
1548 3538 1689 3612 Domino,
1703 3555 1883 3616 progressus

1139 3628 1266 3702 fecerat,
1289 3648 1322 3692 ac
1343 3633 1460 3693 nedum
1481 3631 1513 3692 16
1536 3632 1639 3707 regnis
1665 3631 1879 3710 Hispaniarum

1139 3731 1169 3783 et
1192 3723 1292 3798 116116,
1314 3725 1365 3786 6661
1389 3725 1480 3784 611661
1502 3725 1533 3785 16
1562 3725 1696 3799 6661616,
1726 3725 1881 3801 Huugaria

1139 3823 1169 3875 et
1181 3815 1337 3890 bonomia,
1351 3817 1583 3894 Transylvaniai,
1599 3817 1733 3893 Polonia,
1747 3819 1882 3897 161666-

1138 3911 1205 3984 nia,
1233 3925 1266 3970 66
1292 3910 1459 3972 6661661616
1481 3911 1512 3972 16
1541 3911 1747 3989 Portugalliae
1775 3911 1880 3988 regnis

1137 4003 1268 4065 feliciter
1279 4012 1441 4082 propagata
1456 4003 1572 4082 fuerat3
1590 4004 1698 4068 iratres
1712 4023 1787 4067 vere
1802 4007 1882 4067 eius·

1137 4095 1207 4155 dem
1229 4095 1476 4172 congregationis
1495 4097 1616 4175 aliquod
1639 4097 1811 4174 Collegium
1826 4113 1881 4158 seu

1136 4187 1356 4263 seminarium,
1384 4191 1628 4266 quodomnium
1655 4207 1760 4251 earum
1783 4191 1881 4251 natio-

1137 4297 1231 4356 num,
1255 4282 1287 4342 16
1310 4282 1421 4360 quibus
1443 4281 1493 4344 illa
1516 4284 1575 4344 iam
1604 4291 1765 4361 propagata
1793 4301 1879 4362 repe-

1137 4375 1288 4449 riebatur,
1317 4391 1447 4454 eamque
1474 4378 1505 4436 16
1534 4383 1692 4455 666166666
1720 4378 1878 4455 propagari

1136 4469 1320 4545 contigeret,
1344 4469 1436 4547 ipsius
1461 4471 1708 4548 congregationis
1729 4471 1880 4548 religiosis

1136 4579 1303 4625 commune
1324 4563 1415 4639 16661,
1438 4565 1470 4625 16
1493 4565 1574 4627 Urbe
1596 4564 1746 4644 praedicta
1767 4565 1880 4632 11611666

1136 4656 1307 4735 plurimum
1335 4656 1560 4734 desiderabant,
1585 4669 1619 4721 ut
1641 4659 1819 4720 defectiores
1841 4675 1878 4719 ex

1136 4751 1178 4813 eis
1199 4752 1329 4812 iuvenes
1350 4769 1431 4830 apro
1454 4761 1592 4832 tempore
1613 4753 1766 4815 existente
1787 4753 1880 4814 66161-

1134 4852 1198 4906 6166
1220 4845 1356 4922 generali
1372 4847 1468 4908 dictae
1482 4847 1729 4923 congregationis
1746 4847 1878 4908 11116661-

1135 4938 1264 5013 166611611,
1289 4955 1325 5000 66
1347 4940 1443 5014 magis
1465 4939 1751 5002 1161111666116166161
1774 4941 1878 5001 6661616-

1134 5031 1302 5093 6611166661
1325 5033 1478 5093 obeundas
1501 5034 1671 5107 missiones,
1695 5033 1876 5110 6666111616

1133 5123 1242 5186 iratres
1259 5126 1365 5186 161616
1382 5125 1560 5201 regionibus
1574 5127 1875 5204 septentrionalibus
1913 5144 2004 5208 661616
2020 5157 2107 5200 procu-

1134 5217 1165 5278 16
1189 5219 1300 5294 quibus
1321 5225 1493 5280 conventus
1515 5219 1628 5280 babent
1649 5220 1810 5282 haereticis
1825 5230 1877 5283 aut
1895 5203 2107 5308 16ῑῖῗέἕέιὲῗῇ

1135 5309 1309 5374 infidelibus
1337 5311 1541 5373 circumdatos
1568 5329 1623 5374 seu
1655 5315 1875 5389 conterminos,
1896 5305 2104 5355 ¹¹⁰¹¹¹¹⁸⁵¹⁰¹¹¹¹¹¹¹·

1133 5420 1227 5482 quam
1250 5405 1301 5464 ulti
1324 5405 1355 5464 in
1379 5407 1552 5467 1666166661
1573 5407 1721 5484 scythicas
1742 5408 1877 5486 aliasque

1132 5498 1316 5558 eorumdem
1343 5499 1515 5560 infidelium
1544 5509 1643 5578 partes
1671 5503 1707 5564 ad
1732 5517 1808 5578 epus
1831 5518 1879 5561 66-

1133 5591 1321 5668 demptionis
1349 5595 1540 5672 captivorum
1569 5597 1754 5675 pergebant,
1778 5599 1876 5660 facere

1133 5696 1374 5748 cetrsoeverant:
1398 5705 1431 5750 ac
1453 5689 1581 5766 preinde
1603 5707 1659 5768 pro
1674 5699 1760 5769 parte
1782 5693 1877 5770 ipsius

1133 5781 1339 5856 procuratoris
1360 5784 1513 5858 generalis
1535 5787 1621 5846 nobis
1643 5787 1823 5866 supplicate,
1841 5794 1876 5848 ut

1133 5873 1318 5949 praedictam
1349 5875 1506 5938 ecclesiam
1534 5879 1567 5938 B.
1596 5879 1709 5942 1166166
1737 5879 1875 5956 Virginis

1133 5983 1204 6028 curu
1233 5966 1315 6028 iilius
1337 5969 1443 6046 rebus,
1474 5972 1561 6035 bonis
1583 5981 1613 6034 et
1636 5975 1780 6036 oneribus
1809 5975 1876 6036 uni-
