4848 6990
93 1065 226 1116 berngario
235 1075 292 1109 rou-

22 1161 24 1166 ,
79 1121 223 1167 trariorum.

123 2464 193 2510 Fides
218 2470 294 2510 tran-

88 2523 246 2574 sumptorum.

127 4726 274 4772 Exordium.

942 569 1133 618 ALEXANDER
1156 569 1224 614 vill.

309 685 406 749 stolici
438 687 611 762 auditores,
644 689 771 751 indicari
800 697 831 750 et
856 687 982 752 definiri
1006 687 1057 750 de·

309 781 393 855 bere,
416 797 449 842 ac
470 779 595 842 irritum
620 789 651 843 et
676 783 779 856 inane,
801 783 827 843 si
848 799 936 845 secus
964 797 1057 862 super

310 876 356 938 tris
377 892 392 935 a
408 891 575 954 quoquam,
592 877 700 954 quavis
714 877 908 952 auctoritate,
923 877 1057 940 scienter

309 967 361 1030 vel
381 969 573 1044 ignoranter,
589 970 755 1046 contigerit
777 972 935 1033 attentari.

350 1063 369 1136 ἓ
388 1063 418 1122 5.
443 1061 511 1124 Non
533 1063 724 1126 obstantibus
739 1065 923 1143 praemissio,
939 1082 972 1128 ac
987 1081 1059 1126 con·

309 1157 523 1223 stitutionibus
544 1165 575 1218 et
600 1157 845 1221 ordinationibus
873 1159 1056 1238 apostolicis,

311 1266 432 1312 necnon
461 1250 634 1329 quibusvis,
657 1253 750 1314 etiam
777 1253 964 1328 iuramento,
987 1269 1058 1314 con·

311 1345 486 1408 firmatione
507 1344 679 1424 apostolici,
703 1346 752 1408 vel
774 1347 881 1425 quavis
911 1346 1058 1408 firmitate

310 1439 367 1500 alil
387 1437 548 1512 roboratis,
573 1441 696 1502 statutis
716 1447 748 1504 et
768 1439 1056 1514 consuetudinibus,

309 1531 481 1610 privilegiis
502 1548 637 1612 quoque,
652 1532 784 1595 indultis
805 1539 835 1594 et
857 1533 969 1595 litteris
989 1539 1073 1611 apo-¹

309 1625 423 1687 stolicis
445 1625 476 1686 in
504 1627 696 1687 contrarium
723 1626 963 1703 praemissorum
984 1641 1059 1704 quo-

310 1717 479 1781 modolibet
498 1719 661 1794 canensis,
682 1720 871 1782 confirmatis
885 1727 916 1782 et
931 1720 1058 1782 innova-

313 1812 369 1888 tis3
398 1811 509 1889 quibus
538 1811 682 1873 omnibns
710 1819 741 1873 et
768 1813 909 1889 singulis,
933 1813 1058 1876 illorum

313 1915 436 1967 tenores
457 1905 669 1984 praesentibus
684 1921 740 1984 pro
754 1903 846 1985 plene
860 1915 891 1968 et
905 1907 1061 1969 sullicien·

312 2005 361 2059 ter
381 1997 532 2075 expressis
553 2006 584 2060 et
605 1997 641 2059 ad
659 1999 790 2060 verbum
805 1999 929 2062 insertis
943 2000 1060 2062 haben-

314 2099 369 2166 tes,
393 2090 452 2152 illis
474 2091 547 2152 aliis
568 2091 600 2151 in
622 2108 678 2153 suo
699 2091 810 2154 robore
837 2093 1057 2172 permansuris,

312 2184 348 2244 ad
369 2183 606 2263 praemissorum
628 2184 784 2259 ellectum,
807 2185 862 2246 hac
882 2185 950 2247 vice
970 2185 1059 2247 dum·

313 2285 407 2351 taxat,
433 2277 606 2356 specialiter
628 2285 658 2340 et
683 2293 826 2356 expresse
857 2279 1059 2356 derogamus,

313 2371 483 2450 ceterisque
504 2371 667 2432 contrariis
687 2371 943 2454 quibuscumque.

354 2465 373 2539 ἓ
393 2463 422 2524 6.
454 2461 605 2525 Volumus
632 2471 737 2526 autem
759 2472 800 2526 ut·
819 2464 955 2542 ipsarum
976 2479 1060 2544 prae·

314 2556 451 2618 sentium
465 2555 642 2619 litterarum
658 2557 871 2636 transumptis
886 2573 941 2619 seu
956 2573 1061 2620 exem-

315 2650 385 2729 plis,
399 2649 493 2710 etiam
509 2649 676 2728 impressis,
693 2665 790 2712 mann
805 2649 933 2713 alicuius
949 2652 1062 2712 notarii

314 2743 427 2822 publici
453 2743 649 2822 subscriptis,
677 2751 707 2805 et
728 2743 831 2820 sigillo
859 2761 1007 2824 personae
1029 2745 1061 2806 in

316 2836 515 2898 ecclesiastici
543 2837 692 2913 dignitate
713 2838 898 2900 constitutae
917 2837 1060 2913 munitis,

315 2931 423 2991 eadem
446 2946 571 3008 prorsus
596 2931 671 2991 tides
695 2927 810 3007 ubique
834 2929 974 2994 locorum
1000 2939 1060 2994 tam

316 3021 348 3081 in
372 3020 484 3083 iudicio
504 3037 597 3099 quam
612 3031 698 3084 extra
714 3021 790 3084 illud
806 3022 964 3096 habeatur,
985 3039 1062 3101 quae

315 3114 389 3192 ipsis
403 3115 616 3193 praesentibus
631 3116 808 3191 haberetur,
820 3116 845 3176 si
860 3116 962 3178 iorent
978 3117 1063 3178 exni-

316 3207 396 3268 bitae
417 3207 468 3269 vel
487 3215 638 3270 ostensae.

357 3301 468 3362 Datum
496 3300 624 3376 Romae,
650 3303 730 3381 apud
759 3302 790 3366 S.
818 3301 944 3364 Mariam
973 3303 1065 3366 llaio-

318 3409 396 3468 rent,
418 3393 477 3455 sub
497 3394 613 3456 annulo
635 3395 806 3470 Piscatoris‚
830 3396 878 3458 die
897 3412 965 3458 xxx.
983 3403 1064 3458 octo-

318 3489 380 3548 bris
402 3503 535 3564 vocxc,
557 3489 753 3566 pontificatus
775 3490 872 3551 nostri
895 3505 977 3552 anno
1000 3507 1034 3551 n.

633 3651 814 3658 -.-φα-εκ..-

665 3774 717 3838 ΙΧ.

322 3959 454 4022 lrtnooot
471 3965 535 4022 tres
550 3962 794 4024 constitutiones
811 3961 993 4024 innocentii
1010 3961 1063 4023 Xl.

358 4068 414 4132 pro
440 4055 713 4118 universitatibus
745 4057 778 4117 Β.
809 4054 1008 4118 Fordinccdi
1034 4061 1065 4115 et

362 4147 393 4208 S.
411 4147 501 4210 Fidei
516 4150 663 4228 {retracta
679 4149 945 4212 Praedicator-em
963 4148 998 4209 in
1016 4149 1055 4210 lo-

360 4241 422 4302 diis
447 4241 706 4306 occidentalibus
727 4241 781 4320 (l).

490 4413 725 4482 dlExddOER
747 4413 894 4481 re.vut

460 4535 926 4604 mmmmmwm

362 4713 408 4774 Ex
438 4713 581 4777 iniuncto
611 4713 700 4776 nobis
730 4713 856 4776 caelitus
886 4711 1068 4792 apostolicae

321 4806 481 4870 servitutis
511 4823 654 4883 munere,
683 4807 746 4880 illa,
776 4823 853 4887 quae
878 4823 893 4868 a
922 4803 1067 4868 Romanis

322 4899 519 4964 Pontificibus
550 4899 833 4980 praedecessoribus
860 4899 984 4977 nostris,
1012 4914 1068 4978 pro

321 5009 478 5056 sacrarum
497 4993 605 5073 eisque
625 4993 839 5056 ancillantium
853 4993 1005 5056 bonarum
1020 4992 1069 5054 lit·

324 5097 459 5150 terarum
489 5087 598 5150 studiis
628 5087 744 5166 ubique
770 5087 911 5150 locorum
932 5095 963 5148 et
983 5101 1069 5165 prae-

321 5181 430 5242 sertim
452 5180 484 5242 in
506 5179 720 5242 remotissimis
741 5180 778 5241 ab
796 5181 852 5241 hac
867 5179 976 5244 Sancti
992 5179 1070 5243 Sede

323 5272 459 5352 partibus
479 5279 653 5352 opportune
678 5271 908 5350 promovendis,
931 5271 981 5351 pie
1001 5287 1069 5350 pro-

323 5367 456 5446 videque
484 5381 640 5429 emanasse
669 5371 853 5440 noscuntur‚
877 5371 913 5426 ut
933 5364 1070 5428 solidiori

279 5457 288 5469 “
323 5459 432 5522 robore
453 5466 640 5540 perennent,
663 5466 694 5521 et
715 5459 810 5539 optati
825 5459 938 5522 exinde
952 5457 1071 5521 fructus

323 5553 434 5616 adbel
456 5553 599 5632 gloriam,
621 5553 787 5617 catholicae
818 5552 888 5614 ildei
910 5551 1070 5631 divinique

366 5821 395 5878 tl)
410 5823 447 5866 Ex
460 5823 565 5879 Regest.
580 5819 608 5866 in
622 5821 698 5867 Arch.
714 5823 785 5866 Brea.

366 5889 395 5944 (a)
410 5888 473 5934 vide
487 5899 568 5946 supra
581 5889 630 5934 vol.
647 5891 686 5945 11,
702 5900 760 5946 pag.
775 5891 808 5933 45.

366 5957 395 6013 (a)
410 5956 473 6001 roto.
489 5966 546 6014 pag.
562 5957 595 6001 aa.

1782 549 1838 611 135
1889 549 1942 602 An.
1957 549 1987 602 O.
2009 547 2078 602 1690

1111 687 1214 750 cultus
1234 685 1496 765 propagationem,
1520 691 1551 748 et
1572 684 1731 747 christiani
1753 685 1857 762 populi

1112 781 1365 855 aedificationem,
1383 779 1584 842 benedicente
1599 778 1740 853 Domino,
1754 793 1858 840 conse-

1112 881 1260 954 quantur,
1283 875 1439 954 apostolici
1461 873 1646 936 muniminis
1661 871 1759 934 nostrl
1774 887 1859 950 prae-

1112 970 1201 1043 sidio,
1224 984 1295 1031 cum
1318 967 1345 1028 id
1362 985 1377 1028 a
1393 967 1480 1030 nobis
1495 967 1623 1046 petitur,
1640 965 1773 1028 libenter
1787 979 1861 1026 con-

1112 1063 1295 1124 stabilimus.

1153 1157 1172 1232 ἓ
1195 1157 1222 1218 l.
1243 1157 1324 1218 illlis
1345 1156 1498 1234 siquidem
1519 1161 1706 1216 emanarunt
1727 1171 1742 1214 a
1764 1153 1860 1215 felicis

1113 1249 1333 1312 reeordationis
1355 1249 1537 1311 innocentio
1562 1248 1638 1326 Papa
1661 1249 1712 1311 Xl.
1736 1247 1862 1326 praede-

1113 1360 1232 1408 cessore
1247 1350 1353 1405 nostro
1368 1349 1474 1404 ternae
1488 1342 1521 1402 in
1537 1341 1632 1404 simili
1646 1341 1743 1403 iorml
1754 1341 1861 1402 Brevis

1113 1437 1235 1499 litterae
1256 1437 1373 1498 tenoris
1394 1436 1448 1513 qui
1468 1436 1621 1514 sequitur,
1644 1434 1804 1496 videlicet:

1153 1531 1388 1593 <innocentius
1415 1530 1470 1592 PP.
1494 1529 1561 1604 lll.,
1591 1530 1627 1590 ad
1655 1527 1794 1590 luituram
1815 1529 1860 1590 rei
1901 1525 2093 1571 stamaconsta-

1113 1623 1307 1688 memoriam.
1332 1621 1510 1685 Pastorniis
1532 1623 1638 1702 officii,
1667 1628 1725 1684 etc.
1749 1622 1859 1684 Datum
1880 1582 2092 1678 ἷῖξέῗίαῗῗῖἓὲἷῖ

1113 1718 1238 1792 Romae,
1262 1717 1340 1795 apud
1364 1717 1393 1778 S.
1414 1716 1542 1778 llariam
1564 1715 1720 1791 llaiorem,
1736 1714 1794 1778 sub
1808 1731 1862 1776 an·
1880 1687 2094 1786 ηέῗέῖῃῐῖιηῐξὲιῗιῖ

1114 1812 1190 1874 nulo
1212 1810 1382 1885 Piscatoris‚
1405 1809 1454 1871 die
1474 1823 1567 1872 xxux.
1586 1809 1653 1870 iulii
1669 1825 1859 1884 nocturn,
1881 1791 2093 1892 ἦξᾰῇζᾞξῆξῗξῖ

1114 1904 1311 1983 pontificatus
1332 1902 1429 1964 nostri
1451 1917 1532 1964 anno
1554 1919 1582 1962 v.
1606 1901 1696 1980 til.»
1880 1858 1991 1947 fasianos.

1155 1995 1389 2058 «innocentius
1417 1995 1472 2057 PP.
1502 1997 1568 2073 lll,
1598 1994 1635 2056 ad
1656 1994 1794 2058 loturam
1815 1995 1861 2058 rei
1881 1987 2022 2088 snsffflgla
2036 1998 2095 2098 {fga-

1115 2089 1308 2152 memoriam.
1336 2089 1462 2166 Enponi
1484 2087 1585 2160 nobis,
1602 2096 1660 2152 etc.
1678 2089 1787 2152 Oatum
1803 2090 1860 2152 llo-
1881 2077 2095 2160 praeexcelsum-

1116 2200 1194 2258 mae,
1219 2183 1296 2261 apud
1313 2183 1343 2246 S.
1361 2183 1486 2245 blaciam
1500 2181 1657 2258 Maiorem,
1674 2184 1732 2246 sub
1746 2183 1862 2246 annulo
1880 2151 2095 2266 {giiffiaaf‘fiitss

1115 2277 1286 2350 Piscatoris‚
1309 2278 1358 2338 die
1379 2293 1423 2337 xx.
1448 2275 1552 2355 aprilis
1573 2291 1770 2351 noccxxxv,
1787 2293 1861 2356 pon·
1881 2255 1974 2356 ζῖἐξξῖξ
1987 2255 2096 2354 §lm

1116 2371 1246 2433 titicatus
1268 2369 1365 2432 nostri
1387 2385 1469 2431 anno
1492 2386 1534 2430 xx.
1558 2369 1611 2452 (3).
1629 2386 1648 2430 s
1882 2362 2095 2462 ffggjlagtvnaus

1156 2463 1560 2537 «conanensium,
1589 2464 1624 2525 aa
1654 2463 1791 2526 futuram
1817 2463 1864 2525 rex
1902 2449 2096 2544 sassabasa-

1116 2558 1310 2620 memoriam.
1335 2557 1457 2632 Nuper,
1479 2571 1536 2634 pro
1558 2565 1660 2634 parte.
1681 2557 1791 2619 Datum
1806 2557 1864 2618 llo·
1884 2540 2026 2636 fflffiqffla
2039 2547 2097 2635 ⁰33,
2138 2547 2140 2552 ’

1117 2667 1196 2726 mae,
1213 2653 1291 2731 apud
1310 2647 1341 2714 S.
1359 2651 1486 2712 Mariam
1501 2651 1659 2725 llaiorem,
1676 2650 1733 2712 sub
1748 2649 1864 2714 annulo
1884 2643 2098 2754 gffiffigngmfltggj

1117 2745 1287 2820 Piscatoris‚
1304 2745 1353 2808 die
1369 2759 1425 2806 xxx.
1441 2744 1521 2806 iunii
1537 2760 1775 2822 succisurum,
1788 2760 1864 2822 pon·
1883 2751 1947 2796 toris
1960 2749 2097 2796 eiresasst-

1117 2839 1249 2901 tilxcatus
1270 2838 1367 2900 nostri
1391 2855 1473 2902 auno
1495 2853 1552 2900 xu.
1577 2839 1668 2916 (a).»
1884 2803 2097 2903 iilllilblili

1884 2913 1909 2957 B·
1932 2911 2094 2957 Ferdluandi.

1158 3029 1176 3102 5
1196 3026 1227 3088 2.
1251 3027 1330 3089 Cum
1352 3033 1469 3100 autem,
1489 3027 1567 3088 sicut
1582 3025 1713 3090 dilectus
1729 3025 1866 3104 lgnatius
1938 3040 2038 3087 rotatio.

1119 3120 1205 3182 nobis
1226 3136 1326 3199 nuper
1348 3120 1460 3198 exponi
1483 3119 1564 3196 lecit,
1588 3121 1709 3198 collegii
1728 3137 1783 3182 seu
1799 3119 1866 3181 uni-

1118 3213 1272 3275 versitatis
1308 3212 1486 3275 huiusmodi
1518 3213 1657 3277 fundatio
1688 3214 1746 3275 sub
1776 3213 1866 3274 titulo
1926 3256 1931 3266 .

1119 3305 1258 3370 eiusdem
1279 3307 1312 3368 Β.
1334 3307 1519 3370 Ferdinandi
1541 3324 1636 3387 prope
1657 3315 1864 3369 memoratum

1120 3409 1312 3464 conventum
1333 3399 1363 3463 S.
1383 3400 1464 3462 Petri
1486 3401 1628 3478 llartyris
1649 3402 1746 3464 dictae
1761 3401 1866 3462 cirita-

1120 3493 1159 3556 tis
1178 3494 1332 3570 Quitensis
1353 3493 1481 3572 praelati
1495 3493 1617 3557 Ordinis
1632 3494 1765 3556 tratrem
1779 3493 1868 3554 Prae-

1119 3587 1291 3650 dicatorum
1310 3595 1414 3650 secuta
1427 3586 1533 3664 luerit,
1550 3588 1704 3667 certisque
1718 3587 1794 3650 inibi
1808 3587 1865 3652 lec

1120 3690 1226 3744 torum
1246 3680 1406 3759 stipendiis
1427 3689 1576 3761 perpetuo
1597 3682 1739 3744 stabilitis
1759 3698 1792 3744 ac
1813 3680 1868 3743 tri-

1120 3775 1177 3838 bus
1199 3775 1326 3854 insuper
1353 3790 1510 3836 sacrorum
1539 3791 1695 3838 canonum
1715 3776 1866 3837 cathedris

1119 3867 1263 3947 praelatis
1283 3867 1339 3928 alia
1367 3877 1523 3946 praeterea
1548 3868 1661 3944 scbola,
1685 3869 1716 3930 in
1739 3885 1798 3948 qua
1819 3884 1867 3930 re-

1120 3961 1246 4038 ligiosus
1278 3959 1350 4022 dicti
1372 3961 1493 4025 Ordinis
1522 3977 1633 4041 pueros
1654 3977 1867 4040 quoscumque

1120 4055 1224 4131 legare
1244 4062 1275 4117 et
1296 4054 1432 4116 scribere
1452 4071 1576 4117 necnon
1598 4055 1782 4118 christianae
1797 4053 1868 4116 fidei

1120 4149 1293 4211 rudimenta
1326 4149 1480 4212 charitatis
1502 4149 1619 4211 intuitu
1642 4147 1794 4224 edoceret,
1817 4149 1868 4210 ad·

1119 4241 1196 4303 lecta
1217 4241 1322 4316 luerit,
1346 4241 1502 4320 ipsiusque
1522 4241 1644 4319 collegii
1665 4241 1789 4318 fabrica,
1812 4257 1868 4320 pro

1120 4351 1178 4413 qua
1210 4335 1322 4413 ingens
1356 4335 1558 4415 pecuniarum
1592 4350 1714 4397 summa
1743 4341 1868 4412 erogata

1120 4427 1190 4505 luit,
1210 4429 1362 4506 absoluta3
1386 4427 1488 4492 dilecti
1504 4429 1559 4490 filii
1575 4427 1685 4490 iratres
1699 4428 1870 4508 praedictae

1121 4521 1298 4600 provinciae
1319 4521 1350 4586 S.
1368 4521 1550 4586 Gatharinae
1571 4523 1608 4585 de
1625 4521 1716 4597 Quito
1729 4521 1869 4584 eiusdem

1122 4613 1256 4691 Ordinis,
1278 4615 1363 4678 illius
1394 4617 1617 4694 possessionem
1644 4631 1716 4679 cum
1737 4613 1871 4676 maxima

1122 4709 1294 4772 incolarum
1315 4709 1439 4772 illarum
1460 4710 1596 4790 partium
1618 4709 1825 4788 gratulatione
1840 4715 1871 4770 et

1123 4802 1247 4879 laetitia,
1263 4819 1386 4866 necnon
1402 4819 1471 4866 cum
1487 4803 1672 4866 venerabilis
1687 4803 1791 4866 fratris
1805 4817 1870 4864 mo-

1123 4896 1213 4960 derni
1233 4913 1289 4958 seu
1309 4905 1385 4962 tunc
1406 4898 1567 4960 existentis
1589 4897 1730 4977 Episcopi
1745 4897 1872 4972 Quiten·

1122 4991 1175 5066 sis,
1198 4989 1308 5066 regalis
1333 4989 1517 5066 audientiae,
1544 4991 1702 5068 totiusque
1724 4995 1787 5052 tam
1808 5005 1872 5051 sae·

1124 5084 1235 5146 colaris
1257 5099 1351 5164 quam
1372 5083 1523 5161 regularis
1538 5084 1612 5147 cleri
1628 5085 1726 5147 dietae
1741 5083 1871 5146 civitatis

1124 5176 1307 5238 interventu
1334 5177 1519 5239 solemniter
1543 5177 1717 5257 coeperint;
1740 5193 1775 5238 ea
1796 5191 1871 5238 vero

1125 5269 1261 5332 firmiora
1276 5269 1350 5346 sint,
1367 5271 1480 5350 quibus
1495 5272 1601 5333 iterata
1617 5270 1731 5333 accedit
1746 5271 1873 5349 llposto·

1125 5363 1199 5425 licae
1221 5363 1306 5426 Sedis
1327 5363 1507 5426 auctoritas:
1532 5364 1620 5426 nobis
1641 5371 1803 5443 propterea
1827 5361 1872 5442 (b)

1126 5455 1208 5518 idem
1229 5456 1365 5534 ignatius
1386 5457 1548 5520 humiliter
1568 5456 1734 5536 supplicari
1751 5455 1823 5518 lecit
1838 5464 1872 5518 ut

1126 5551 1159 5612 in
1180 5550 1355 5628 praemissis
1386 5557 1562 5631 opportune
1591 5551 1753 5630 providere
1779 5555 1810 5612 et
1837 5557 1873 5612 ut

1168 5819 1198 5876 tn
1214 5819 1276 5864 rota.
1292 5830 1350 5878 pag.
1367 5823 1412 5864 ur.

1168 5887 1197 5945 (5)
1213 5888 1280 5933 lidii.
1296 5887 1372 5934 Maia.
1388 5887 1453 5944 legit
1465 5892 1615 5942 praecona.
