4880 6982
333 551 520 605 Alessd

374 2669 537 2715 fflmmffio

329 2734 387 2768 nem
402 2722 538 2770 dentibus

327 2778 480 2822 confirmat
513 2779 539 2823 el

329 2831 425 2877 laudat.

572 554 629 616 ddi

551 690 664 768 sepbus
685 692 820 756 Provana
841 709 944 774 sospes
966 701 996 755 et
1018 694 1181 758 incolumis
1202 693 1238 756 ad
1265 701 1295 756 te

552 783 712 860 perveniat
733 784 827 863 (quod
849 793 883 850 ut
903 787 1034 850 feliciter
1059 788 1228 866 contingat,
1252 787 1295 848 di-

551 875 656 938 vinam
678 876 884 942 Clementiam
910 881 1148 956 obsecravimus,
1172 899 1205 944 ac
1226 881 1297 943 assi·

552 969 612 1031 dne
627 969 784 1034 obsecrare
800 989 862 1036 non
877 973 1077 1054 omittimus),
1093 974 1145 1038 ille
1160 973 1227 1038 fuse
1242 975 1297 1036 tibi

552 1063 726 1142 explicabit,
742 1082 801 1142 qua
822 1067 998 1144 sedulitate,
1014 1069 1192 1131 maturitate
1207 1085 1240 1130 ac
1254 1067 1297 1128 di·

552 1159 679 1236 rigentia
700 1175 733 1220 ea
755 1161 859 1222 omnia
886 1163 1137 1240 expenderimus,
1160 1177 1239 1240 quae
1260 1161 1298 1222 ab

552 1269 588 1314 eo
609 1253 738 1330 eiusque
758 1254 841 1317 socio
863 1256 951 1318 nobis
972 1263 1025 1318 tno
1047 1256 1175 1318 nomine
1190 1269 1299 1336 propo-

552 1345 608 1406 sita
630 1345 771 1420 fuerunt,
794 1362 827 1409 ac
848 1347 943 1410 simui
964 1365 1056 1427 qnam
1084 1348 1171 1411 inxto
1198 1355 1298 1410 matu·

553 1455 649 1516 roque
680 1440 793 1503 iudicio
819 1457 915 1519 super
942 1442 977 1503 iis
997 1458 1150 1519 congruas
1171 1439 1297 1504 iniveri·

554 1549 623 1596 mus
644 1532 891 1610 deliberationes,
912 1551 989 1614 qnae
1012 1537 1103 1599 etiam
1118 1535 1233 1612 abipso
1250 1551 1299 1596 us·

554 1643 738 1705 queqnaque
763 1629 906 1706 probatae
930 1637 961 1690 et
981 1628 1211 1692 commendatae
1233 1627 1300 1690 fne-

555 1728 640 1783 runt.
668 1722 820 1797 Quoniam
847 1738 922 1786 vero
949 1721 1057 1786 aiiiicta
1084 1723 1178 1786 nimis
1199 1731 1231 1784 et
1253 1723 1299 1784 in·

555 1815 643 1878 irrma
672 1817 831 1892 valetudo,
859 1835 937 1896 qnae
963 1818 1045 1880 idem
1067 1818 1230 1895 religiosus
1251 1817 1299 1878 vir

556 1911 661 1972 itineri
682 1927 715 1973 se
737 1914 902 1988 commisit,
925 1902 1075 1990 magnum
1098 1913 1186 1974 nobis
1202 1911 1300 1974 inlicit

556 2012 676 2067 metum
704 2015 846 2082 eventus,
875 2023 970 2086 quem
993 2007 1056 2086 ipse
1078 2006 1230 2068 eiusmodi
1251 2005 1299 2065 sni

555 2097 677 2160 itineris
698 2100 858 2164 habiturus
878 2101 933 2177 sit;
956 2101 1102 2162 eximiam
1123 2099 1233 2162 idcirco
1248 2098 1300 2160 be·

556 2191 743 2268 nignitatem
772 2201 857 2255 tuam
883 2194 1022 2273 impense
1051 2209 1205 2270 regemne,
1228 2202 1300 2255 nta

556 2293 729 2347 memorato
759 2287 928 2350 Patriarcbi
955 2287 1164 2350 Alexandrino
1186 2288 1301 2363 Legato

557 2387 662 2440 nostro
683 2395 717 2442 ea
739 2382 842 2444 omnia
860 2382 968 2446 audire
982 2381 1131 2459 digneris,
1147 2395 1224 2460 quae
1240 2380 1301 2442 dic-

558 2479 606 2534 tns
626 2472 771 2552 losepbus
792 2473 929 2536 Provana
950 2475 1006 2538 tibi
1028 2491 1131 2538 coram
1146 2489 1302 2554 exponere

557 2567 722 2630 debuisset.

596 2661 615 2735 ἓ
636 2661 664 2722 3.
685 2661 790 2723 Paucis
805 2662 925 2726 interea
942 2663 996 2726 tibi
1011 2664 1236 2726 denunciamus
1250 2677 1303 2724 eos

556 2771 665 2816 omnes
685 2754 773 2818 istius
795 2756 929 2836 inclytae
951 2759 1085 2821 nationis
1099 2775 1203 2820 mores
1217 2764 1248 2819 et
1264 2757 1303 2817 ri·

559 2858 607 2912 tus
628 2867 704 2928 quos
725 2851 885 2930 religionis
916 2862 1038 2916 nostrae
1067 2852 1217 2916 institutis
1239 2867 1303 2914 non

557 2944 712 3008 adversari
742 2947 960 3024 comperimus,
991 2949 1156 3027 permissos
1178 2963 1193 3008 a
1216 2945 1304 3008 nobis

558 3037 651 3100 fuisse
682 3039 752 3114 illis,
775 3041 828 3118 qni
851 3041 969 3104 istisin
992 3042 1130 3121 partibus
1161 3040 1304 3103 eamdem

557 3131 742 3208 religionem
762 3143 976 3214 susceperunt,
1000 3137 1049 3198 vei
1070 3137 1108 3199 de
1130 3143 1234 3199 cetero
1254 3151 1305 3196 sn·

558 3226 699 3304 scipioni.
724 3227 925 3290 interdictum
947 3237 1065 3304 antem,
1082 3245 1142 3307 qno
1161 3245 1198 3290 ex
1213 3243 1305 3306 oppo-

559 3321 618 3381 sito
639 3336 691 3380 eos
718 3335 821 3382 mores
847 3329 878 3383 et
903 3323 981 3384 ritus
1010 3323 1141 3385 minime
1165 3322 1305 3402 probavi-

560 3429 640 3488 mus,
653 3429 728 3492 quos
743 3431 814 3478 cum
828 3415 937 3478 eidem
952 3416 1104 3494 religione
1119 3417 1222 3478 nostra
1233 3431 1305 3477 con-

560 3523 673 3584 gruere
701 3524 763 3569 non
790 3523 877 3586 posse
908 3509 1110 3584 credidimus,
1144 3525 1304 3586 nunquam

560 3599 695 3678 profecto
716 3601 942 3679 displiciturum
965 3603 1019 3666 tibi
1040 3603 1105 3664 fore
1119 3603 1305 3665 existimari-

561 3710 641 3756 1nns.
667 3695 746 3756 Cum
767 3695 853 3756 enim
873 3710 913 3756 ex
933 3695 1165 3776 incomparabili
1182 3697 1232 3758 tua
1247 3695 1306 3757 cle·

561 3787 689 3861 mentia,
704 3787 791 3848 cuius
814 3789 963 3852 memoria
976 3789 1153 3852 christianis
1166 3789 1198 3850 in
1213 3803 1306 3850 anna·

561 3884 641 3945 libus
652 3893 776 3945 aeterna
789 3884 859 3958 erit,
874 3890 917 3945 lot
932 3884 969 3944 ab
984 3885 1056 3946 binc
1071 3881 1160 3944 annis
1174 3881 1306 3942 solemni

562 3977 684 4040 decreto
706 3976 871 4038 indulseris
892 3985 983 4054 atque
1004 3976 1193 4054 permiseris,
1217 3982 1251 4037 ut
1273 3975 1306 4036 in

563 4072 624 4134 inis
651 4071 818 4134 ditionibus
849 4071 982 4134 liberum
1014 4071 1200 4150 cuicumque
1228 4069 1307 4132 foret

561 4165 760 4228 christianam
781 4163 881 4242 legem
903 4165 1057 4243 profiteri:
1082 4171 1166 4226 recle
1180 4180 1307 4230 censere

562 4259 719 4338 potuimus
740 4275 756 4318 a
778 4265 807 4320 te
826 4259 920 4321 simui
936 4259 1092 4321 indultum
1108 4258 1309 4336 permissum·

563 4368 623 4430 qne
645 4351 749 4426 fuisse,
773 4351 1033 4429 quemadmodum
1064 4352 1136 4414 alias
1163 4352 1219 4414 tibi
1240 4368 1307 4430 per-

562 4446 756 4524 scripsimus,
786 4453 820 4506 ut
848 4445 923 4522 illis,
952 4446 1006 4523 qui
1034 4446 1066 4507 in
1095 4453 1147 4508 tuo
1176 4445 1309 4524 imperio

563 4539 761 4601 christianam
783 4539 881 4616 legem
911 4539 1045 4618 amplexi
1067 4540 1196 4614 fuerint,
1218 4539 1308 4600 sicuti

564 4634 750 4712 permissum
784 4641 848 4695 erat
881 4633 1077 4695 conformare
1107 4649 1139 4694 se
1172 4631 1309 4694 moribus

565 4727 636 4788 irnio
666 4727 809 4788 instituto
840 4727 996 4804 congruis,
1025 4727 1065 4788 ita
1086 4725 1123 4787 ab
1144 4727 1182 4786 iis
1203 4725 1310 4787 liceret

564 4829 707 4882 econtra
738 4820 906 4896 abstinere,
940 4835 1018 4899 quae
1040 4820 1077 4882 ab
1102 4820 1209 4882 eidem
1242 4819 1310 4894 lege

565 4914 762 4976 dissentiunt.
786 4912 885 4974 Nimis
906 4914 991 4974 enim
1012 4913 1049 4974 ab
1070 4913 1193 4990 egregia
1215 4912 1310 4974 animi

567 5010 611 5070 tui
633 5009 785 5086 aequitate
816 5007 952 5068 alienum
984 5013 1075 5080 esset,
1097 5005 1176 5084 qnod
1208 5013 1311 5068 sancta

566 5111 669 5166 nostra
700 5101 819 5177 religio,
852 5100 1025 5176 insignibus
1056 5101 1131 5162 adeo
1153 5099 1258 5177 gratiis
1279 5117 1313 5162 ac

567 5195 736 5276 praecipuis
762 5195 915 5256 beneficiis
937 5211 953 5254 a
974 5200 1005 5254 te
1032 5193 1200 5268 cumulato,
1227 5192 1311 5254 dete·

567 5290 656 5352 rioris
670 5295 750 5351 esset
765 5287 959 5362 conditionis,
975 5303 1069 5366 qnam
1084 5287 1222 5365 reliquae
1236 5287 1312 5350 aliae

568 5385 601 5446 in
624 5391 676 5446 tuo
698 5383 829 5463 imperio
850 5382 995 5444 toleratae
1018 5381 1194 5458 religiones,
1211 5397 1314 5459 aqna·

569 5495 638 5540 rurn
662 5476 884 5556 professoribus
914 5476 1094 5538 nullatenus
1124 5473 1312 5552 exquiritur,

570 5581 604 5636 ut
622 5573 805 5650 accepimns,
821 5587 877 5634 nec
891 5569 1075 5648 postulatur,
1092 5585 1131 5629 an
1147 5568 1313 5630 observent

570 5683 668 5730 necne
700 5683 800 5728 mores
832 5666 972 5742 ritusque
1004 5661 1134 5738 Sinicos‚
1156 5663 1207 5723 sed
1230 5661 1313 5722 iuxta

570 5778 679 5824 eornm
708 5761 791 5836 leges
818 5767 848 5822 et
874 5757 1117 5821 consuetudines
1144 5757 1247 5834 quiete
1270 5755 1315 5815 ri-

1113 5893 1217 5902 ·--n-——
1225 5893 1251 5898 -..
1265 5893 1306 5898 ..-.
1324 5893 1338 5897 .-

1070 573 1133 618 itte.
1159 574 1249 620 PONT·
1274 574 1314 618 DE
1335 574 1364 618 P·
1389 574 1417 620 F·
1443 575 1524 620 PARS
1540 577 1567 626 i.

1351 710 1425 756 vere
1446 695 1683 773 permittuntur,
1706 695 1875 759 dummodo
1897 695 1933 758 iis
1949 713 2028 774 quae
2043 696 2099 759 tibi

1351 786 1505 850 debentur
1535 789 1690 868 obsequiis
1718 806 1781 852 non
1803 789 1921 864 desint3
1944 805 2003 867 qna
2025 805 2098 852 sane

1352 879 1383 942 in
1406 897 1439 942 re
1459 881 1643 944 christianae
1666 882 1743 960 legis
1759 882 1955 962 professores,
1973 889 2007 944 nt
2022 882 2099 943 dixi·

1353 988 1433 1048 mus‚
1456 991 1668 1054 quoscumque
1688 975 1763 1038 alios
1784 975 1871 1038 omni
1893 981 2035 1053 tempore
2049 993 2101 1038 sn·

1352 1066 1515 1145 perabunt.

1392 1162 1410 1235 5
1432 1159 1461 1221 i.
1481 1161 1544 1237 nge
1561 1161 1668 1238 igitur,
1685 1162 1899 1242 potentissime
1915 1163 2098 1244 Imperator,

1352 1254 1549 1318 clementiam
1571 1255 1656 1318 illam
1678 1273 1738 1334 qna
1758 1263 1895 1320 sanctam
1915 1257 2017 1334 legem
2032 1258 2099 1318 bac-

1354 1355 1444 1410 tenns
1464 1351 1547 1412 tanta
1560 1365 1632 1412 cum
1648 1349 1692 1411 tui
1710 1351 1847 1412 nominis
1862 1350 1959 1426 gloria
1973 1365 2028 1430 per
2042 1350 2100 1414 lm·

1353 1443 1476 1520 perium
1491 1443 1546 1505 tibi
1561 1443 1735 1506 subiectum
1750 1444 1817 1506 sine
1832 1442 1998 1506 formidine
2014 1459 2100 1521 prae-

1353 1536 1444 1597 dicari
1466 1535 1633 1612 indulsisti,
1650 1554 1734 1600 nnnc
1755 1537 1951 1615 potissimum
1966 1537 2097 1616 explica:

1354 1627 1436 1692 iilius
1462 1646 1627 1708 praecones
1658 1639 1758 1704 tuere,
1781 1648 1815 1694 ac
1837 1631 1973 1707 benigno
1995 1631 2101 1693 refove

1355 1723 1540 1800 patrocini03
1556 1725 1676 1802 eosqui
1692 1725 1776 1786 iliam
1792 1725 1990 1802 profitentur,
2006 1743 2021 1785 a
2037 1741 2101 1788 mo·

1355 1815 1450 1878 lestiis
1464 1817 1561 1896 eripe,
1578 1833 1737 1896 compesce
1751 1818 1804 1896 qni
1820 1816 1888 1880 illos
1902 1818 2098 1882 conturbant.

1355 1907 1461 1987 Neque
1491 1912 1575 1973 enim
1604 1912 1773 1990 quidquam
1803 1911 1978 1976 timendum
1999 1917 2046 1973 est
2066 1911 2102 1974 ab

1356 2003 1391 2064 iis
1412 2003 1465 2080 qui
1487 2019 1555 2066 eam
1583 2005 1770 2082 profitentur
1798 2004 1997 2082 religionem,
2024 2021 2102 2082 quae

1356 2095 1441 2158 iubet
1463 2096 1528 2157 iteri
1551 2097 1794 2170 observationes,
1816 2097 1981 2172 orationes,
1998 2105 2103 2174 postu·
2130 2161 2132 2168 ,

1357 2187 1487 2250 lationes
1508 2197 1539 2251 et
1560 2190 1729 2267 gratiarum
1750 2191 1885 2252 actiones
1907 2206 1963 2272 pro
1978 2191 2103 2266 regibus

1357 2289 1388 2344 et
1409 2283 1553 2346 omnibus
1574 2284 1628 2362 qni
1643 2285 1676 2346 in
1690 2283 1881 2346 sublimitate
1895 2290 1981 2358 sunt,
1997 2285 2104 2362 eisque

1357 2373 1458 2438 debita
1479 2375 1673 2438 obedientiae
1698 2376 1770 2438 fidei
1791 2393 1825 2440 ac
1846 2376 2018 2440 devotionis
2039 2375 2103 2438 eilr-

1357 2469 1402 2531 cia
1424 2470 1581 2532 exbiberi:
1600 2486 1688 2548 ‚quae
1709 2470 1817 2533 itidem
1845 2486 1909 2534 non
1936 2469 2026 2532 modo
2048 2470 2104 2532 mi-

1358 2561 1445 2624 nime
1465 2563 1630 2640 improbat,
1649 2565 1729 2642 quod
1745 2563 1811 2626 eius
1826 2562 1956 2626 asseclae
1971 2571 2059 2640 grato
2073 2580 2105 2624 ac

1358 2656 1489 2718 memori
1509 2656 1571 2716 sint
1586 2658 1690 2718 animo
1704 2672 1776 2732 erga
1791 2656 2008 2735 progenitores
2022 2673 2104 2730 suos,

1358 2749 1469 2827 quibus
1483 2766 1516 2812 se
1531 2749 1703 2829 plurimum
1718 2751 1829 2814 debere
1845 2751 2038 2828 intelligunt,
2052 2751 2105 2814 sed

1360 2843 1460 2922 potius
1481 2843 1618 2906 districte
1650 2843 1795 2922 praecipit
1816 2844 1899 2922 friiis,
1923 2850 1957 2908 ut
1978 2859 2105 2906 omnem

1359 2937 1539 3015 parentibus
1562 2938 1715 3000 honorem
1735 2944 1768 3000 et
1788 2938 1998 3002 reverentiam
2020 2953 2108 3015 prae-

1358 3037 1453 3104 stent,
1477 3039 1630 3108 qnatenns
1652 3030 1730 3092 bene
1752 3030 1792 3092 sit
1813 3030 1885 3108 ipsis
1906 3031 1978 3096 filiis
1999 3039 2029 3092 et
2043 3031 2107 3094 sint

1359 3124 1504 3200 longaevi
1524 3137 1618 3202 super
1640 3129 1770 3200 terram3
1793 3139 1872 3200 qnae
1900 3125 2028 3190 demum
2049 3123 2107 3185 alia

1361 3217 1494 3296 plurima
1525 3217 1704 3294 praescribit
1734 3217 1873 3294 publicae
1902 3217 2052 3292 felicitati,
2074 3233 2108 3278 ac

1360 3312 1537 3390 principum
1559 3311 1657 3389 quieti
1678 3311 1753 3372 adeo
1779 3317 1965 3389 opportuna,
1988 3317 2023 3372 ut
2044 3327 2109 3372 me-

1361 3405 1422 3468 rito
1444 3405 1570 3468 illorum
1600 3404 1728 3467 tutelam
1756 3411 1847 3482 atque
1869 3402 2056 3484 praesidinm
2078 3404 2107 3466 ei

1361 3499 1484 3562 valeant
1505 3498 1679 3562 conciliare.
1701 3499 1787 3572 Quod
1809 3502 1986 3576 superest,
2016 3497 2109 3558 enixe

1363 3601 1392 3654 te
1413 3593 1602 3671 requirimus
1622 3600 1654 3654 et
1675 3593 1881 3666 obsecramus,
1905 3597 1940 3654 nt
1960 3591 2107 3652 eumdem

1362 3687 1568 3748 Patriarcbam
1596 3685 1845 3748 Alexandrinum
1876 3685 2028 3760 Legatum
2054 3699 2108 3746 no·

1360 3788 1460 3842 strum
1483 3795 1555 3857 prae
1573 3779 1674 3840 valido
1696 3787 1750 3840 tuo
1771 3778 1940 3856 patrocinio
1963 3777 2054 3853 tueri,
2078 3785 2108 3838 et

1361 3873 1619 3951 quotiescumque
1639 3887 1716 3950 opus
1738 3871 1833 3934 fuerit
1854 3872 1888 3934 in
1910 3871 1957 3946 iis,
1973 3887 2051 3949 quae
2072 3872 2108 3932 ad

1362 3967 1563 4028 commissum
1583 3965 1628 4026 illi
1651 3981 1666 4024 a
1688 3965 1776 4026 uobis
1798 3965 2010 4028 ministerium
2025 3971 2108 4026 recte

1363 4058 1542 4120 obeundum
1564 4057 1723 4137 pertinere
1743 4065 1883 4136 possunt,
1907 4057 2043 4133 benigne
2065 4056 2108 4116 fo-

1363 4167 1438 4214 vere
1468 4159 1561 4228 atque
1593 4151 1699 4214 iuvare
1731 4149 1886 4228 digneris,
1919 4152 2009 4228 eique
2041 4165 2109 4212 eam

1364 4245 1460 4322 ipsam
1481 4243 1625 4306 adbibere
1647 4243 1725 4306 velis
1746 4245 1851 4321 fidem,
1868 4261 1961 4324 qnam
1976 4245 2065 4308 nobis
2080 4253 2110 4307 te

1363 4339 1591 4417 alloquentibus
1616 4338 1791 4400 adhiberes.
1818 4339 1949 4418 'libique
1970 4340 2108 4412 demum,

1364 4432 1579 4510 potentissime
1600 4431 1779 4510 imperator,
1794 4447 1963 4510 perennem
1984 4431 2112 4494 felicita-

1365 4535 1430 4588 tem
1444 4541 1515 4588 curn
1531 4526 1677 4588 diuturna
1688 4525 1902 4588 incolumitate
1913 4527 2111 4588 coniunctam

1365 4639 1398 4684 ac
1420 4621 1528 4684 lumen
1550 4619 1687 4682 caelestis
1709 4618 1823 4694 gratiae
1845 4619 1936 4680 aDeo
1950 4619 1983 4684 0.
2001 4621 2040 4681 ii.
2057 4637 2112 4698 per

1365 4736 1459 4800 quern
1475 4728 1562 4790 reges
1577 4720 1723 4790 regnant,
1738 4728 1777 4772 ex
1791 4713 1894 4776 animo
1909 4716 2110 4792 postulamus.

1406 4813 1517 4876 Datum
1548 4811 1677 4883 Romae,
1711 4807 1789 4886 apud
1819 4809 1849 4871 S.
1874 4809 1999 4871 biaciam
2021 4809 2112 4872 illaio-

1368 4925 1445 4983 rem,
1468 4907 1526 4968 snb
1546 4904 1663 4968 annulo
1687 4903 1854 4977 piscatoris,
1875 4903 1925 4966 die
1940 4919 2016 4964 xxx.
2033 4911 2111 4984 sept.

1369 5017 1538 5076 dcccxxx,
1561 4997 1754 5078 pontificatus
1776 4997 1873 5058 nostri
1895 5013 1978 5058 anno
2003 5011 2070 5058 xxx.

1619 5155 1870 5170 m

1710 5280 1774 5345 bx.

1370 5471 1473 5536 Mittit
1495 5471 1536 5532 nd
1564 5470 1755 5546 Episcopum
1785 5467 1986 5528 f'citirrcneern
2014 5467 2116 5526 dcere-

1411 5573 1481 5627 tatnt
1504 5565 1535 5626 S.
1563 5562 1827 5642 Gorrprnpctionis
1848 5560 2042 5622 Urtircrsolis
2064 5561 2115 5624 In·

1410 5658 1595 5736 quisitionis
1612 5673 1682 5734 qno,
1697 5657 1796 5716 itacio
1811 5655 2016 5725 catalecticus,
2034 5653 2116 5713 cins-

1412 5752 1479 5814 dcnt
1502 5750 1649 5826 Episcopi
1672 5749 1847 5811 ductantur
1869 5745 1996 5810 libellus·
2017 5747 2029 5824 (
2050 5743 2073 5824 ).

614 5975 643 6028 (l)
659 5975 694 6016 iix
710 5975 771 6028 neg,
788 5975 843 6018 rat.
861 5975 904 6030 lip.
920 5972 953 6017 ad
968 5969 1101 6028 Principes
1116 5973 1141 6014 et
1156 5969 1222 6014 aiios
1238 5967 1316 6022 viros,
1332 5967 1380 6034 rol.
1397 5969 1457 6022 XX„
1471 5976 1528 6021 pag.
1544 5967 1590 6008 flii.

2131 561 2185 612 An.
2199 562 2232 612 (i.
2255 561 2323 610 l‘iiil
