4844 6990
349 535 403 589 Au.
418 537 447 590 0.
470 540 539 592 1734

588 535 648 598 tta

567 670 706 748 legitime
727 669 816 732 electi
831 687 908 734 voce
926 669 1024 734 activa
1039 669 1071 731 in
1087 667 1229 748 capitulis
1244 681 1312 746 pro·

1086 551 1149 596 tun.
1175 548 1265 595 PONT·
1290 548 1329 594 DE

494 819 498 828 .
567 765 749 827 vincialibus
770 763 899 843 aliisque
914 763 1114 826 electionibus
1130 764 1209 826 sicut
1223 768 1312 823 antea

359 1229 437 1272 hasce
448 1224 548 1290 litteras

336 1283 458 1381 cascar
479 1279 548 1326 v·

568 859 724 938 potiantur
752 865 783 920 et
807 857 973 934 gaudeant,
996 865 1027 918 et
1046 857 1157 918 eodem
1187 871 1311 933 prorsus

567 955 658 1016 modo
678 953 796 1030 priores
818 957 1032 1013 conventuum
1053 951 1212 1024 ludorum,
1240 966 1311 1012 auc-

569 1047 691 1110 toritate
712 1045 886 1124 apostolici,
902 1053 1011 1106 tencre
1026 1043 1247 1122 praesentium,
1265 1041 1312 1104 iu·

566 1139 741 1216 dulgemus.

606 1233 625 1307 5
646 1233 675 1294 5.
698 1233 915 1306 Decernentes,
928 1233 1050 1294 easdem
1069 1238 1245 1310 praesentes
1265 1230 1311 1292 lit·

566 1335 645 1389 teras
660 1342 782 1404 semper
796 1327 912 1402 tirmaS,
928 1325 1042 1387 validas
1052 1335 1083 1388 et
1098 1325 1233 1387 elllcaces
1247 1324 1311 1386 exi·

565 1426 647 1480 stare
673 1427 704 1480 et
731 1418 811 1494 lore,
842 1434 976 1496 suosque
1006 1417 1159 1496 plenarios
1180 1423 1211 1478 et
1233 1417 1311 1478 inte·

567 1529 638 1590 gros
657 1513 785 1576 eftectus
805 1513 910 1575 sortiri
925 1519 956 1574 et
971 1513 1123 1588 obtinere,
1139 1529 1172 1574 ac
1187 1511 1260 1585 illis,
1276 1511 1310 1572 ad

566 1623 643 1686 quos
666 1614 781 1686 spectat
803 1615 833 1668 et
853 1623 909 1684 pro
938 1614 1078 1684 tempore
1098 1606 1255 1684 spectabit,
1279 1605 1311 1666 in

567 1699 712 1762 omnibus
726 1707 757 1762 et
769 1701 937 1777 peremnia
950 1700 1128 1778 plenissime
1138 1698 1310 1774 suflragari,

566 1801 598 1854 et
612 1791 707 1854 abeis
722 1792 892 1870 respective
907 1791 1129 1854 inviolabiliter
1142 1787 1310 1862 observari,

566 1888 670 1965 sicque
682 1889 713 1950 in
725 1885 897 1965 praemissis
908 1901 963 1964 per
974 1899 1186 1962 quoscumque
1198 1881 1312 1946 iudices

1351 548 1379 594 r.
1404 547 1433 593 r.
1458 548 1539 594 rans
1561 548 1582 592 1.

1695 664 1791 730 xiil.

1369 854 1537 917 Decretum
1562 853 1749 916 Cardiuulis
1769 853 1804 916 de
1825 854 1985 926 Teucrion,
2007 856 2113 918 tutum

1407 963 1493 1010 urrato
1515 964 1640 1012 uoccn.
1664 947 1741 1010 dum
1762 953 1840 1008 essct
1865 947 2022 1010 Visitutor
2043 965 2115 1026 opo·

1406 1042 1542 1103 staticus
1574 1041 1745 1104 ludicrum
1781 1039 1999 1104 Orientalium
2027 1043 2130 1112 circu.

1408 1135 1580 1196 uouuuiloa
1597 1135 1697 1206 ritus,
1715 1134 1961 1196 consuetudines
1984 1143 2042 1218 etc.
2060 1135 2115 1200 ha·

1408 1243 1482 1290 rum
1505 1227 1684 1308 reqionum,
1698 1227 1734 1288 iu
1754 1227 1912 1305 plerisque
1933 1229 2113 1308 coufirmat,

1408 1321 1443 1382 io
1464 1321 1542 1383 aliis
1565 1321 1727 1392 declarat,
1750 1327 1810 1382 cut
1831 1320 2032 1394 moderetur,
2053 1329 2114 1386 cut

1408 1414 1549 1476 remittit
1572 1413 1626 1492 (l).

1368 1595 1597 1666 venerabilitas
1632 1598 1779 1666 iratribus
1806 1616 1845 1665 ac
1874 1599 1994 1668 dilectis
2026 1599 2108 1679 liliis,

1409 1691 1570 1774 Episcopia
1597 1697 1629 1758 et
1651 1693 1829 1776 apostolicis
1860 1691 2061 1762 llisaionariia
2084 1695 2113 1762 in

1408 1786 1510 1870 regnis
1533 1783 1675 1853 indiarum
1705 1785 1900 1854 orientalium
1931 1786 2112 1870 llaiurenai,

1408 1879 1617 1963 ilayssurenai
1639 1885 1673 1946 et
1694 1877 1889 1947 carnutensi.

565 1982 737 2044 ordinarios
752 1989 782 2042 et
797 1980 964 2056 delegatos,
980 1978 1071 2040 etiam
1087 1993 1245 2040 causarum
1262 1991 1311 2053 pa·
1343 1989 1351 1998 ·

566 2075 631 2138 latii
652 2075 807 2154 apostolici
821 2073 987 2147 auditores,
1003 2071 1129 2134 iudicari
1144 2077 1175 2132 et
1189 2069 1312 2132 deliniri

565 2169 688 2243 debere,
711 2185 744 2230 ac
765 2167 891 2228 irritum
913 2173 943 2228 et
958 2167 1062 2239 inane,
1078 2165 1103 2226 si
1118 2181 1206 2226 secus
1220 2179 1313 2241 super

567 2261 614 2322 his
634 2278 651 2322 a
672 2275 839 2338 qucquam,
864 2260 971 2337 quavis
996 2259 1188 2330 auctoritate,
1214 2256 1312 2318 scien-

568 2361 615 2416 ter
636 2353 685 2416 vel
706 2354 899 2430 ignoranter,
920 2352 1087 2430 contigerit
1107 2351 1262 2412 attentari.

384 2458 550 2507 oasununus
608 2449 677 2526 §tt
701 2447 770 2510 Non
798 2447 990 2509 obstantibus
1018 2445 1144 2524 praelati
1171 2445 1256 2506 Pauli
1283 2451 1314 2506 et

338 2513 450 2571 derogat.

568 2542 635 2604 aliis
654 2541 865 2604 Romanorum
892 2539 1078 2602 Pontificum
1105 2539 1314 2616 praedecesso-

570 2651 641 2700 rum
663 2643 842 2697 nostrorum
865 2633 985 2707 litteris,
1000 2649 1053 2712 per
1072 2649 1146 2712 quas
1168 2631 1315 2694 determi-

569 2737 658 2794 natus
686 2745 838 2791 numerus
863 2727 1079 2804 religiosorum
1100 2728 1133 2788 in
1161 2733 1314 2790 monaste-

569 2823 623 2886 riis
644 2823 838 2902 praefinitur,
851 2821 983 2901 aliisque
998 2821 1268 2884 constitutionibus
1283 2829 1315 2883 et

568 2916 813 2980 ordinationibus
835 2915 1019 2994 apostolicis,
1043 2931 1165 2977 necnon
1188 2915 1315 2993 provin·

567 3009 697 3084 ciarum,
713 3008 866 3072 ordinum
879 3015 908 3069 et
926 3017 1139 3070 conventuum
1154 3007 1313 3070 huiusmo-

567 3105 611 3180 di,
623 3104 714 3164 etiam
725 3103 913 3175 iuramento,
924 3101 1160 3162 confirmatione
1172 3101 1314 3180 apostuli-

568 3199 613 3272 ca,
623 3195 674 3258 vel
688 3197 796 3274 quavis
811 3195 957 3256 firmitate
972 3193 1029 3254 alii
1045 3193 1205 3269 roboratis,
1217 3201 1314 3256 statu·

569 3291 607 3352 tis
628 3297 659 3350 et
680 3287 968 3361 consuetudinibus,
991 3285 1163 3364 privilegiis
1178 3303 1313 3364 quoque,

569 3383 696 3446 indultis
715 3389 746 3444 et
761 3381 871 3443 litteris
886 3379 1059 3458 apostolicis
1076 3379 1106 3440 in
1123 3381 1314 3441 contrarium

568 3476 807 3556 praemissorum
822 3472 1054 3551 quomodolibet
1068 3473 1229 3546 concessis,
1242 3489 1315 3536 con·
1339 3495 1340 3502 ¹

569 3570 700 3632 tirmatis
722 3577 752 3630 et
778 3567 951 3643 innovatis;
978 3566 1091 3646 quibus
1119 3567 1263 3628 omnibus
1285 3577 1315 3630 et

568 3663 711 3741 singulis,
733 3661 859 3722 illorum
880 3667 1005 3722 tenores
1026 3660 1238 3738 praesentibus
1259 3677 1315 3740 pro

568 3758 660 3836 plene
682 3764 712 3818 et
733 3753 924 3818 sufficienter
944 3754 1094 3831 expressis
1114 3762 1146 3815 et
1167 3755 1205 3814 de
1219 3755 1315 3816 verbo

569 3849 759 3912 adverbum
781 3847 905 3910 insertis
927 3847 1086 3922 habentes,
1104 3846 1163 3908 illis
1188 3846 1260 3908 alias
1283 3847 1314 3909 in

568 3961 624 4007 suo
639 3943 748 4005 robore
769 3939 992 4020 permansuris,
1016 3938 1050 4000 ad
1074 3939 1315 4018 praemissorum

568 4037 726 4111 ellectum,
741 4037 797 4097 hae
811 4034 877 4096 vice
899 4034 1070 4108 dumtaxat,
1091 4033 1264 4112 specialiter
1284 4041 1315 4095 et

569 4146 712 4209 expresse
732 4128 935 4205 derogamus3
958 4127 1132 4205 ceterisque
1153 4127 1315 4206 contrariis

569 4224 828 4304 quibuscumque.

375 4333 552 4391 rransumpus
609 4319 627 4393 5
650 4317 677 4379 7.
701 4315 853 4379 Volumus
880 4321 984 4376 autem
1008 4319 1043 4376 ut
1064 4315 1244 4375 earumdem
1266 4314 1315 4376 lit-

339 4389 414 4437 fldem
427 4389 522 4436 adiicit¹

570 4419 707 4474 terarum
734 4407 946 4486 transumptis,
966 4421 1020 4468 seu
1042 4406 1206 4484 exemplis,
1222 4407 1315 4469 etiam

569 4504 737 4582 impressis,
750 4517 845 4564 manu
856 4501 984 4562 alicuius
995 4499 1107 4561 notarii
1120 4499 1233 4578 publici
1244 4501 1318 4562 sub-

568 4597 700 4676 scriptiS,
723 4605 754 4658 et
773 4595 876 4673 sigillo
898 4609 1046 4672 personae
1068 4593 1101 4654 in
1116 4593 1315 4656 ecclesiastica

568 4691 719 4768 dignitate
739 4689 922 4751 constitutae
938 4687 1082 4760 munitis,
1099 4687 1206 4748 eadem
1229 4703 1316 4764 pror·

568 4801 621 4846 sus
642 4783 716 4845 hdes
746 4782 944 4854 adhibeatur,
967 4797 1046 4858 quae
1077 4780 1148 4859 ipsis
1174 4795 1316 4857 praesen·

569 4879 650 4940 tibus
682 4875 880 4939 adhiberetur
904 4875 929 4935 si
959 4873 1062 4936 lorent
1090 4873 1244 4935 exhibitae
1266 4873 1315 4936 vel

568 4979 719 5034 ostensae.

609 5065 721 5126 Datum
749 5063 873 5136 Romae,
906 5061 984 5138 apud
1014 5059 1044 5123 S.
1070 5059 1196 5122 blaciam
1225 5061 1315 5123 hlaio-

568 5173 647 5231 rem,
669 5155 727 5218 sub
746 5154 864 5216 annulo
892 5153 1064 5228 piscatoris,
1080 5151 1130 5214 die
1156 5169 1223 5214 xxx.
1247 5154 1316 5215 iulii

570 5263 783 5324 uuccxxxxv„
800 5247 994 5327 pontificatus
1010 5246 1108 5308 nostri
1125 5263 1208 5309 anno
1224 5265 1253 5308 v.

826 5439 1065 5448 ——0--00—

612 5869 641 5922 (lt
657 5869 693 5912 Ex
707 5867 773 5913 Bull.
788 5868 820 5913 de
834 5871 859 5912 P.
876 5871 901 5913 p,
917 5881 940 5925 p.
955 5869 990 5924 9³,
1011 5867 1099 5913 collat.
1121 5879 1181 5912 cum
1203 5871 1316 5924 Regesto

571 5935 668 5980 Bullar.
684 5934 878 5982 abbreviatoris
892 5935 923 5980 de
938 5935 1016 5982 Curia
1030 5935 1079 5981 sub
1094 5935 1185 5982 Bened.
1196 5938 1258 5980 xlt'.
1269 5935 1314 5981 ubi
1340 5878 1344 5984 D

1560 2051 1748 2122 CLEMENS
1771 2053 1831 2120 ΡΡ.
1856 2053 1913 2122 ΧΙΙ.

1463 2173 1661 2243 venerabiles
1684 2176 1811 2258 iratres,
1834 2177 1935 2245 dilecti
1957 2177 2022 2258 lilii,

1402 2269 1585 2337 salutemet
1609 2270 1806 2354 apostolicam
1833 2271 2084 2340 benedictionem.

1410 2447 1478 2522 §l
1508 2447 1710 2524 Compertum
1741 2447 2000 2526 exploratumque
2029 2449 2117 2512 vobis

1370 2555 1526 2601 essenon
1554 2539 1760 2616 ambigimus,
1788 2540 1934 2603 Carolum
1966 2541 2117 2604 'thomam

1371 2633 1419 2694 bo.
1443 2649 1539 2695 mem.
1564 2642 1639 2695 tunc
1657 2633 1863 2696 Patriarcham
1884 2634 2117 2698 antiochenum
2167 2709 2171 2717 ¹

1368 2743 1441 2790 cum
1462 2735 1613 2806 potestate
1633 2727 1769 2804 Legatla
1795 2727 1890 2790 latere
1905 2728 2117 2808 apostolicum

1371 2822 1624 2885 commissarium
1647 2829 1678 2882 et
1700 2821 1910 2896 visitatorem,
1927 2821 2039 2886 deinde
2059 2822 2116 2884 hu·
2168 2841 2173 2852 ·

1371 2915 1418 2976 ius
1440 2915 1471 2978 S.
1498 2915 1533 2976 ll.
1562 2915 1597 2978 E.
1623 2915 1818 2982 cardinalem
1844 2915 1883 2978 de
1910 2916 2077 2993 tournon,
2100 2936 2117 2980 a

1370 3007 1601 3086 praedecessore
1622 3017 1728 3071 nostro
1757 3007 1808 3068 lei.
1832 3011 1948 3072 record.
1973 3011 2118 3074 Clemen-

1371 3109 1401 3164 te
1422 3101 1473 3164 Xl.
1492 3101 1528 3163 ad
1543 3101 1631 3164 Sinas
1652 3118 1734 3164 anno
1755 3119 1880 3164 unccu.
1904 3106 2046 3180 missum,
2062 3107 2117 3168 uhi

1370 3195 1508 3273 primum
1529 3195 1567 3256 ad
1589 3197 1699 3286 hrcem
1722 3195 1897 3258 Pudicherii
1923 3198 2058 3276 appulit,
2080 3207 2118 3262 ut

1371 3289 1554 3365 gravibuset
1569 3290 1753 3365 urgentibus
1765 3289 1949 3352 missionum
1963 3291 1995 3353 in
2011 3292 2118 3368 regnis

1371 3381 1557 3457 bladurensi,
1587 3382 1795 3460 llavssurensi
1817 3391 1848 3445 et
1870 3384 2051 3448 carnutensi
2069 3402 2118 3447 sa-

1371 3473 1541 3536 luberrime
1563 3476 1795 3552 dirigendarum
1815 3477 2049 3541 necessitatibus
2064 3495 2116 3558 op·

1371 3576 1503 3647 portuue
1525 3571 1728 3646 prospiceret,
1755 3570 1928 3632 condidisse
1948 3573 1998 3634 die
2019 3587 2114 3634 xxnr.

1371 3661 1486 3724 mensis
1498 3661 1575 3722 iunii
1586 3663 1660 3723 anni
1672 3679 1802 3726 unccrv.
1816 3665 1937 3726 decreta
1952 3665 2115 3742 nonnulla,

1370 3769 1449 3834 quae
1478 3755 1527 3818 die
1547 3772 1617 3816 vnr.
1647 3756 1762 3818 mensis
1789 3757 1855 3819 iulii
1883 3757 2020 3818 eiusdem
2041 3760 2116 3821 anni

1371 3849 1592 3928 promulgavit.
1616 3849 1695 3912 Cum
1713 3857 1819 3912 autern
1834 3850 1950 3928 aliquot
1964 3867 2002 3912 ex
2017 3866 2114 3914 venn.

1371 3941 1516 4004 iratribus
1530 3953 1561 4002 et
1577 3941 1696 4004 dilectis
1718 3943 1788 4004 filiis
1811 3943 1965 4022 Episcopis
1980 3951 2011 4007 et
2023 3945 2117 4008 sacris

1371 4033 1526 4098 indiarum
1539 4035 1745 4098 Orientalium
1761 4039 1918 4116 operariis,
1932 4038 2117 4117 quibusdam

1371 4129 1404 4190 in
1432 4128 1540 4190 iisdem
1568 4129 1699 4192 decretis
1731 4133 1884 4194 contentis
1910 4132 2041 4194 minime
2068 4148 2117 4194 ac

1372 4223 1579 4300 quiescentes,
1613 4223 1846 4301 reclamassent,
1870 4225 2010 4289 laudatus
2031 4241 2118 4305 prae-

1371 4315 1512 4377 decessor
1533 4323 1639 4377 noster
1659 4315 1805 4378 Clemens
1820 4318 1871 4381 Xl.
1890 4319 1987 4380 literis
2008 4319 2040 4381 in
2055 4317 2118 4381 lor-

1371 4409 1420 4470 ma
1446 4408 1553 4470 Brevis
1580 4410 1616 4472 ad
1649 4409 1834 4490 Episcopum
1862 4406 2116 4492 biellaporeusem

1342 4546 1344 4579 ,
1372 4503 1420 4564 die
1444 4502 1655 4563 xxmmensis
1676 4504 1862 4582 septembris
1876 4506 1949 4567 anni
1965 4521 2114 4568 uncexvr.

1371 4593 1459 4668 datis,
1481 4595 1664 4656 eorumdem
1688 4595 1887 4660 decretorum
1909 4597 2117 4660 obedientiam

1372 4695 1403 4748 et
1416 4687 1645 4750 observantiam
1668 4690 1786 4752 tamdiu
1804 4691 1966 4769 requisivit
1981 4709 2014 4754 ac
2030 4707 2116 4754 mau-

1371 4781 1467 4855 davit,
1488 4783 1585 4844 donec
1600 4783 1772 4861 apostolica
1791 4785 1864 4846 haec
1887 4783 1991 4860 Sedes,
2008 4801 2117 4848 causae

1372 4874 1540 4936 momentis
1562 4875 1695 4938 fideliter
1717 4876 1820 4938 relatis
1833 4879 2047 4942 etaccuratius
2068 4879 2115 4942 in·

1342 4992 1344 5065 ι
1371 4967 1494 5045 spectis,
1520 4984 1594 5046 quas
1609 4969 1746 5032 novisset
1769 4971 1905 5033 iustitiae
1926 4972 2024 5048 magis
2045 4987 2116 5034 cou-

1342 5072 1345 5179 j
1371 5067 1533 5122 sentaneas
1554 5069 1584 5122 et
1603 5065 1815 5140 propagandae
1839 5064 2023 5126 christianae
2045 5065 2116 5128 fidei

1342 5213 1345 5277 Ι
1372 5155 1470 5230 magis
1485 5155 1607 5216 idoneas
1622 5157 1834 5232 providentiae
1847 5175 1919 5220 suae
1941 5159 2005 5220 vias
2021 5175 2055 5221 ac
2069 5176 2116 5220 ra·

1342 5288 1345 5305 .
1373 5249 1474 5312 tiones
1499 5250 1604 5312 iniret.
1626 5250 1810 5314 Benedictus
1833 5253 1929 5316 etiam
1954 5253 2033 5316 Xlll.
2060 5251 2114 5315 tel.

1343 5314 1345 5395 l
1372 5361 1433 5406 rec.
1447 5344 1556 5407 itidem
1567 5345 1782 5422 praedecessor
1793 5355 1899 5408 noster
1910 5349 2037 5426 provide
2048 5348 2118 5411 Cle·

1373 5438 1487 5499 mentis
1502 5437 1553 5500 ill.
1572 5439 1734 5513 mandatis,
1750 5437 2007 5502 declarationibus
2021 5449 2116 5519 atque

1373 5530 1511 5607 vestigiis
1522 5531 1689 5594 inhaerens
1711 5532 1808 5594 literis
1829 5548 1953 5611 quoque
1968 5534 2001 5594 in
2016 5532 2117 5596 torma

1373 5623 1480 5686 Brevis
1512 5625 1561 5688 die
1592 5641 1650 5687 ιιιι.
1684 5625 1801 5688 mensis
1833 5625 2013 5689 novembris
2042 5628 2116 5692 anui

1547 5783 1610 5792 ,αα

1369 5867 1432 5914 haec
1446 5867 1601 5912 corastitutio
1611 5865 1739 5912 inseritur
1749 5865 1776 5911 in
1786 5865 1975 5912 constitutione
1987 5871 2116 5914 oracutum

1367 5939 1570 5980 solicitudinem
1585 5935 1617 5979 ab
1631 5933 1729 5978 eodem.
