4836 6998
105 559 163 612 An.
178 561 208 613 O.
231 559 298 612 1727

117 1251 256 1299 clausulae
270 1251 310 1300 de·

90 1306 249 1362 rogatorias.

123 2745 198 2808 Fides
214 2745 311 2792 haben·

93 2799 130 2845 da
148 2799 227 2862 huius
249 2809 309 2846 eon·

92 2855 241 2900 stitutionis
266 2864 310 2899 ex·

94 2909 195 2966 emptis

952 569 1150 618 BENEDlGTUS
1171 569 1242 615 xiil.

328 696 481 760 dinamus.
514 695 573 758 Per
604 701 779 774 praesentes
810 702 915 756 autem
945 692 1070 770 antiqua

327 790 561 854 caeremonialia
583 789 615 852 in
636 789 696 864 his,
719 805 798 868 quae
822 787 956 866 praefato
977 785 1072 848 caeri-

327 883 456 945 moniali
476 882 642 946 emendato
655 889 728 944 sunt
741 880 923 954 conformia,
939 879 1072 942 minime

327 976 443 1040 aboleri
464 983 517 1039 aut
537 977 685 1052 abrogare
703 975 824 1037 censeri
845 973 1002 1047 volumno,
1017 969 1070 1032 sed

327 1070 455 1134 illorum
486 1070 579 1134 etiam
610 1085 718 1143 usum,
748 1067 829 1130 salvi
855 1065 1069 1130 emendatione

327 1163 491 1242 praedicta,
514 1163 735 1241 permittimus.

368 1257 387 1332 ἓ
407 1257 436 1318 3.
453 1255 522 1318 Non
544 1256 736 1318 obstantibus
751 1253 935 1334 praemissis,
954 1269 987 1316 ac
1001 1269 1070 1331 apo·

326 1350 441 1414 stolicis
462 1356 494 1412 et
515 1349 547 1412 in
572 1348 798 1412 universalibus
818 1346 1071 1426 provincialibus·

328 1460 389 1524 que
413 1449 444 1506 et
470 1442 667 1522 synodalibus
694 1440 833 1505 conciliis
853 1441 954 1515 editis,
977 1455 1073 1518 gene-

329 1539 442 1602 ralibus
463 1538 513 1600 vel
534 1537 716 1618 specialibus
747 1535 1019 1600 constitutionibus
1040 1541 1071 1596 et

328 1631 585 1704 ordinationibus,
598 1645 720 1694 necnon
733 1628 915 1708 quarumvis
932 1625 1073 1690 ecclesia-

328 1741 410 1799 rum,
434 1725 528 1788 etiam
550 1725 737 1798 iuramento,
754 1722 989 1787 confirmatione
1003 1734 1071 1798 apo·

328 1817 444 1892 scotica,
470 1817 520 1880 vel
541 1817 648 1896 quavis
671 1816 819 1878 firmitate
837 1815 895 1876 alid
909 1812 1070 1898 roboratis,

328 1911 450 1974 statutis
463 1919 495 1974 et
507 1909 795 1983 consuetudinibus,
811 1906 983 1986 privilegiis
997 1920 1071 1982 quo-

328 2021 401 2084 que,
423 2003 554 2066 indultis
569 2009 599 2066 et
623 2002 721 2066 literis
741 1999 924 2080 apostolicis,
946 1998 1072 2077 quibus-

329 2099 376 2160 v'xs
386 2097 521 2162 ecclesiis
536 2105 567 2160 et
579 2097 719 2176 personis
734 2097 765 2160 in
780 2095 973 2158 contrarium
987 2109 1073 2171 prae-

328 2193 494 2256 missorum
533 2190 764 2270 quomodolibet
801 2188 968 2263 concessis,
1000 2202 1072 2250 con-

329 2285 459 2348 firmatis
482 2294 514 2348 et
548 2285 716 2360 innovatis,
739 2283 850 2362 quibus
876 2281 1020 2344 omnibus
1042 2287 1072 2342 et

327 2379 469 2457 singulis,
492 2379 618 2442 illorum
640 2386 763 2440 tenores
785 2375 997 2455 praesentibus
1016 2389 1072 2452 pro
1104 2391 1105 2430 1

326 2471 477 2551 expressis
498 2471 659 2545 habentes,
675 2470 710 2532 ad
726 2469 962 2558 praemissorum
984 2467 1072 2530 eflec-

327 2573 412 2640 tum,
444 2564 617 2644 specialiter
641 2571 673 2626 et
698 2578 841 2642 expresse
871 2563 1071 2638 derogamus,

326 2657 497 2737 ceterisque
511 2657 673 2720 contrariis
687 2656 943 2735 quibuscumque.

368 2754 436 2830 §h
464 2752 617 2816 Volumus
641 2759 761 2826 antem,
791 2757 822 2813 et
843 2750 909 2830 pari
934 2756 1021 2814 motu
1042 2755 1074 2812 et

328 2851 511 2914 auctoritate
532 2848 740 2922 decernimus,
757 2846 860 2926 utqui
881 2847 914 2908 in
936 2843 1073 2906 llomana
1104 2847 1105 2850 ’

328 2945 421 3010 Curia
440 2951 516 3008 sunt
536 2950 725 3022 praesentes,
749 2941 838 3021 lapsis
859 2939 995 3014 duobus,
1018 2935 1073 3016 qui

328 3055 402 3101 vero
423 3039 501 3102 cirea
523 3043 656 3108 montes,
678 3041 759 3108 octo,
775 3043 806 3096 et
827 3033 881 3112 qui
902 3033 983 3096 ultra
1005 3033 1074 3095 ubi-

327 3148 389 3210 que
410 3131 550 3193 locorum
571 3130 702 3206 degant,
725 3127 887 3190 duodecim
914 3125 1073 3188 mensibus

267 3295 274 3312 ι
327 3225 451 3300 integre
481 3221 635 3296 excursis,
658 3221 708 3282 vel
728 3221 801 3282 alias
827 3220 880 3282 ubi
911 3219 1072 3282 venalium

327 3317 421 3380 buius
441 3303 672 3378 caeremoniafis
700 3314 901 3378 voluminum
927 3313 1072 3374 notitiam

327 3419 358 3473 et
368 3409 546 3472 facultatem
560 3408 737 3483 habuerint,
751 3423 849 3470 sacras
863 3405 1072 3468 caeremonias

327 3510 358 3565 et
378 3503 457 3565 ritus
478 3501 512 3563 iu
532 3503 642 3564 eodem
669 3501 882 3564 caeremoniali
904 3499 1071 3578 praescrip-

327 3603 386 3669 tos,
409 3596 494 3657 iuxta
510 3594 593 3656 illius
608 3594 735 3656 modum
750 3601 781 3656 et
796 3609 941 3656 normam
956 3593 989 3654 in
1004 3593 1072 3672 qui·

327 3689 520 3766 bustumque
547 3687 663 3750 actibus
691 3701 835 3748 exercere
856 3694 887 3748 et
909 3686 1073 3748 observare

326 3788 512 3857 teneantur,
544 3781 689 3859 quodque
719 3780 899 3841 earumdem
931 3793 1073 3856 praesen-

328 3875 406 3937 tium
422 3874 596 3938 litterarum
612 3873 773 3952 exemplis,
783 3888 879 3934 manu
890 3873 1002 3933 notarii
1016 3887 1071 3950 pu·

327 3967 399 4030 blici
412 3967 603 4047 subscriptis,
615 3974 647 4028 et
657 3965 760 4043 sigillo
777 3965 905 4028 alicuius
922 3981 1073 4043 personae

328 4063 525 4140 indignitate
545 4060 745 4124 ecclesiastica
764 4059 950 4122 constitutae
969 4066 1022 4121 aut
1037 4059 1075 4120 il-

328 4157 387 4222 lius
399 4155 508 4220 Curiae
519 4152 660 4226 munitis,
670 4151 720 4214 vel
732 4152 765 4214 in
777 4151 849 4230 ipsis
860 4152 1073 4216 voluminibus

328 4253 442 4330 absque
451 4248 587 4328 praefato
599 4247 649 4308 vel
659 4246 719 4307 alio
730 4245 875 4324 quopiam
886 4245 1074 4310 adminiculo

329 4346 444 4408 Romae
465 4339 639 4420 impressis,
668 4340 776 4401 eadem
798 4339 913 4417 ubique
934 4339 1074 4404 locorum

329 4445 361 4499 et
382 4435 525 4514 gentium
539 4433 616 4495 fides
629 4431 823 4506 adhibeatur,
839 4447 917 4510 quae
932 4447 1074 4510 praesen-

331 4529 413 4594 tibus
433 4527 505 4606 ipsis
530 4525 729 4589 adhiberetur
750 4523 775 4584 si
796 4531 899 4586 essent
921 4525 1075 4588 exhibitae

330 4621 381 4683 vel
400 4628 550 4682 ostensae.

370 4714 482 4775 Datum
496 4711 621 4784 Romae,
643 4710 722 4788 apud
745 4707 776 4770 S.
799 4708 925 4774 Petrum
949 4712 1007 4774 sub
1021 4727 1074 4774 an·

330 4806 406 4870 nufo
423 4805 593 4878 Piscatoris,
610 4802 660 4866 die
678 4818 733 4864 vxi.
750 4803 855 4864 martii
867 4819 1074 4879 mcccxxvii,

330 4898 524 4977 pontificatus
544 4894 643 4958 nostri
662 4909 745 4956 anuo
767 4911 814 4956 ιιι.

649 5275 756 5341 XVlll.

333 5469 482 5532 Concedit
504 5469 540 5530 in
561 5483 752 5546 nnoqnnqne
772 5467 940 5544 procincid
966 5467 1074 5531 Indic-

370 5579 444 5624 rnm
462 5559 678 5624 Orientalium
693 5569 723 5623 et
742 5559 998 5622 Occidentalinm
1019 5559 1074 5623 Or·

369 5657 457 5720 dinis
469 5655 632 5720 Minorem
649 5653 762 5716 Sancti
778 5652 947 5716 Francisci
964 5653 999 5714 de
1017 5652 1073 5716 Ob-

369 5747 537 5812 serountict
571 5749 760 5812 erectionem
795 5748 919 5826 collegit
951 5749 1074 5809 missio-

1166 707 1245 754 nnm
1266 690 1308 754 ud
1329 705 1474 752 nor'ntom
1490 685 1761 750 constitutionum
1776 684 1868 748 luno-

1166 786 1264 850 centii
1288 785 1340 848 ΧΙ.
1365 784 1464 845 innto
1486 781 1589 859 petite
1611 780 1666 858 (l).

1292 949 1535 1022 BEllfiblellS
1552 949 1611 1018 ΡΡ.
1631 949 1700 1018 lllll.

1266 1080 1302 1147 ad
1323 1078 1455 1146 futuram
1477 1077 1520 1143 rei
1549 1073 1728 1141 memoriam.

1167 1261 1235 1334 §l-
1258 1257 1364 1338 Nuper
1391 1273 1447 1336 pro
1468 1264 1553 1336 parte
1581 1253 1765 1316 dilectorum
1793 1250 1869 1312 filio·
1916 1255 2050 1312 expositio.

1128 1371 1199 1417 rum
1221 1354 1352 1416 fratrum
1373 1351 1603 1432 provinciarum
1625 1346 1757 1410 familiae
1776 1345 1872 1408 ultra·

1128 1455 1294 1510 montanae
1318 1463 1351 1509 ac
1375 1436 1551 1519 lnfflarum,
1576 1451 1638 1506 tam
1666 1438 1871 1504 Orientalium

1127 1555 1219 1621 quam
1230 1539 1485 1614 occidentalium,
1494 1537 1616 1601 Ordinis
1628 1536 1783 1598 ldinorum
1796 1531 1871 1594 San·

1128 1636 1168 1697 cti
1183 1634 1336 1696 francisci
1350 1635 1386 1696 de
1402 1631 1601 1696 Obseruantia
1615 1629 1871 1692 Discalceatorum

1129 1736 1160 1791 et
1180 1727 1426 1792 llecollectorum
1448 1731 1712 1802 nuncupatorum,
1736 1722 1872 1796 Congre-

1129 1822 1245 1898 gationi
1267 1836 1362 1882 venn.
1386 1819 1518 1882 fratrum
1542 1824 1722 1881 nostrorum
1738 1814 1769 1877 S.
1784 1814 1819 1874 lt.
1833 1812 1868 1873 E.

1130 1914 1340 1978 Cardinalium
1372 1912 1504 1989 negotiis
1532 1919 1564 1972 et
1595 1905 1872 1973 consultationibus

1130 2007 1348 2087 Episcoporum
1361 2013 1391 2068 et
1402 2005 1604 2082 Regularium
1617 2001 1806 2082 praepositae
1819 2015 1871 2060 ex·

1129 2099 1245 2178 posito,
1269 2099 1350 2177 quod
1377 2101 1447 2178 ipsi,
1470 2106 1506 2161 ut
1533 2099 1710 2160 animarum
1737 2093 1872 2174 pretioso

1128 2193 1281 2270 sanguine
1305 2193 1336 2254 ll.
1361 2192 1398 2254 N.
1423 2194 1490 2255 lesu
1505 2193 1621 2256 Christi
1641 2193 1873 2268 redemptarum

1129 2287 1219 2348 saluti
1240 2288 1389 2366 proficere
1414 2294 1550 2366 possent,
1574 2287 1605 2348 in
1628 2299 1814 2363 unaquaque
1834 2298 1871 2344 ex

1130 2379 1217 2446 dictis
1238 2381 1406 2460 provinciis
1427 2397 1529 2444 unum
1550 2397 1588 2442 ex
1610 2395 1716 2442 earum
1738 2393 1873 2440 conven-

1131 2472 1212 2534 tibus
1232 2489 1288 2551 per
1303 2473 1412 2560 fratres
1427 2474 1594 2536 delinitorii
1609 2471 1806 2552 provincialis
1819 2487 1872 2534 cu-

1130 2565 1254 2628 iuslibet
1289 2568 1461 2646 respective
1491 2567 1667 2646 provinciae
1696 2563 1872 2628 huiusmodi

1130 2659 1354 2735 designandum
1365 2661 1399 2723 in
1415 2661 1653 2738 Collegiumseu
1669 2657 1872 2722 seminarium

1129 2752 1406 2830 missiouariorum,
1437 2755 1491 2834 qui
1521 2754 1704 2834 apostolicae
1733 2751 1872 2814 missioni

1130 2851 1220 2912 unice
1231 2856 1333 2911 essem
1347 2849 1453 2925 dediti,
1468 2848 1610 2926 erigendi
1626 2847 1801 2911 facultatem
1814 2847 1872 2908 sibi

1129 2943 1255 3005 concedi
1275 2942 1448 3021 plurimum
1463 2943 1686 3017 desiderabant,
1704 2943 1791 3005 cuius
1806 2942 1874 3022 qui-

1129 3040 1200 3100 dem
1223 3037 1353 3112 Collegii
1374 3052 1429 3098 seu
1450 3037 1608 3098 seminarii
1633 3036 1821 3112 guardianus
1842 3041 1873 3096 et

1128 3129 1179 3191 alii
1194 3127 1314 3203 fratres,
1331 3128 1506 3208 pariterque
1520 3129 1621 3208 ipsum
1634 3127 1808 3205 Collegium
1818 3143 1873 3188 seu

1129 3222 1357 3296 Seminarium,
1379 3222 1580 3284 strictissimis
1601 3221 1782 3284 earumdem
1804 3237 1874 3299 pro-

1128 3316 1301 3378 vinciarum
1316 3316 1592 3378 constitutionibus
1611 3315 1872 3394 gubernarentur,

1129 3417 1159 3472 et
1181 3409 1332 3470 ministris
1358 3415 1389 3470 et
1418 3408 1601 3470 delinitoriis
1632 3408 1873 3486 provincialibus

1128 3518 1184 3582 pro
1206 3509 1346 3580 tempore
1366 3501 1570 3564 existentibus
1581 3502 1689 3564 subiici
1710 3501 1871 3575 deberent,

1128 3595 1240 3674 quibus
1251 3595 1345 3656 etiam
1360 3595 1526 3658 electiones
1538 3596 1779 3672 guardianorum
1794 3597 1875 3657 eius-

1129 3688 1211 3749 modi
1234 3687 1445 3765 Collegiorum
1466 3705 1521 3750 seu
1540 3689 1793 3763 seminariorum,
1817 3706 1874 3751 nec

1128 3796 1192 3842 non
1214 3781 1406 3844 novitiorum
1429 3783 1564 3861 receptio
1585 3790 1775 3861 competeret
1795 3783 1875 3845 sicut

1129 3874 1162 3934 in
1184 3873 1250 3934 aliis
1271 3875 1477 3937 conventibus
1498 3875 1727 3948 observabatur,
1744 3892 1807 3937 non
1822 3893 1875 3938 au·

1129 3974 1193 4028 tem
1214 3967 1348 4046 praelato
1360 3965 1496 4044 generali
1509 3968 1749 4044 subiicerentur,
1768 3983 1875 4046 qnem-

1128 4065 1294 4128 admodum
1316 4065 1348 4126 in
1374 4065 1558 4143 quibusdam
1585 4083 1647 4128 rec.
1671 4081 1801 4128 memor.
1827 4066 1875 4127 ln·

1130 4161 1270 4224 nocentii
1296 4161 1351 4223 ΡΡ.
1375 4163 1427 4225 Xl.
1451 4161 1691 4241 praedecessoris
1720 4163 1818 4225 nostri
1840 4164 1874 4225 in

1129 4255 1224 4317 simili
1254 4254 1352 4317 forma
1383 4255 1491 4316 Brevis
1518 4256 1668 4334 expeditis
1701 4256 1798 4320 literis
1821 4275 1875 4338 pro

1129 4347 1267 4424 collegiis
1294 4348 1560 4410 missiouariorum
1587 4350 1623 4412 ad
1655 4350 1802 4412 familiam
1829 4353 1876 4413 hi-

1130 4442 1283 4520 spanicam
1304 4441 1512 4520 spectantibus
1524 4441 1754 4522 disponebatur,
1770 4447 1875 4524 prohi-

1130 4533 1230 4596 bendo
1251 4534 1345 4596 simul
1367 4551 1526 4612 expresse,
1549 4539 1630 4615 quod
1653 4539 1821 4602 dummodo
1843 4541 1875 4601 in

1131 4626 1219 4688 tlictis
1241 4627 1407 4706 provinciis
1428 4629 1581 4706 praedicta
1605 4631 1733 4708 collegia
1754 4649 1809 4694 seu
1829 4651 1877 4694 se-

1131 4719 1263 4780 minaria
1279 4719 1340 4781 iam
1354 4731 1454 4783 erecta
1465 4723 1647 4798 existerent,
1661 4723 1768 4786 nullus
1782 4723 1877 4787 frater

1131 4812 1225 4874 unius
1247 4829 1285 4874 ex
1306 4815 1486 4876 memoratis
1514 4817 1681 4894 provinciis
1702 4820 1739 4880 de
1766 4819 1815 4880 illd
1839 4820 1875 4882 ti-

1131 4904 1198 4966 tulo
1213 4907 1367 4967 missionis
1381 4907 1416 4968 ad
1431 4909 1522 4970 aliam
1537 4911 1727 4988 provinciam
1746 4913 1876 4974 transire

1131 5005 1248 5076 posset3
1270 5000 1467 5062 coneedendo
1488 5004 1605 5080 pariter
1625 5005 1672 5065 his
1692 5005 1781 5066 novis
1803 5007 1877 5068 mis·

1131 5093 1273 5154 sionariis
1283 5094 1385 5154 omnia
1399 5101 1429 5155 et
1439 5095 1561 5172 singula
1573 5098 1733 5175 privilegia
1745 5117 1779 5161 ac
1790 5115 1878 5178 prae-

1131 5187 1286 5264 rogativas
1307 5187 1339 5273 in
1361 5187 1450 5252 dictis
1471 5190 1643 5252 innocentii
1665 5192 1878 5270 praedecesso-

1131 5281 1172 5342 ris
1183 5278 1281 5342 literis
1291 5287 1462 5356 contentas,
1472 5282 1644 5362 quibusque
1655 5284 1705 5345 illa
1718 5285 1876 5347 missioua-

1130 5375 1250 5436 riorum
1261 5375 1352 5436 etiam
1364 5375 1878 5452 regularisObservantiaesemina·

1131 5468 1174 5528 ria
1188 5465 1384 5542 fruebantur,
1400 5477 1584 5532 romenente
1599 5478 1701 5532 tamen
1719 5471 1831 5534 intacti
1846 5481 1877 5533 et

1131 5559 1232 5622 illaesa
1253 5561 1359 5622 eadem
1375 5563 1502 5640 praelati
1521 5563 1673 5640 generalis
1693 5565 1876 5628 auctoritate

1130 5661 1161 5714 et
1182 5653 1411 5731 superfundere,
1427 5671 1520 5734 quam
1542 5657 1575 5718 in
1591 5657 1735 5720 omnibns
1750 5658 1876 5736 provin·

1131 5747 1184 5810 ciis
1198 5754 1229 5809 et
1244 5749 1449 5812 conventibus
1461 5751 1554 5813 totius
1566 5751 1687 5814 Ordinis
1701 5752 1874 5826 exercebat,
1943 5753 1953 5774 ·

371 5957 401 6012 (l)
417 5959 454 6000 Ex
468 5960 528 6012 app.
544 5955 599 6000 Bul.
614 5955 646 6000 de
660 5957 732 6012 Prop.
748 5957 811 6002 Fide
827 5957 876 6002 vol.
892 5959 932 6012 11,
946 5967 1004 6015 pag.
1019 5959 1053 6014 29,
1068 5959 1126 6004 coll.
1142 5969 1201 6004 oum
1217 5961 1278 6016 Reg.
1295 5959 1369 6004 Arch.
1385 5961 1458 6003 Brev.

438 6075 489 6122 fur.
508 6076 576 6124 Pom.
592 6076 622 6124 de
637 6077 711 6138 Prop.
726 6077 789 6124 Fide
802 6079 884 6126 Partis
899 6079 918 6126 l.
933 6079 986 6126 Vol.
1002 6079 1032 6126 11.

1791 542 1847 608 unt
1900 538 1952 592 an.
1967 539 1997 591 c.
2020 537 2088 588 1727
