4848 6990
113 587 171 652 Διι.
186 600 217 654 O.
238 587 308 653 toci
341 567 351 588 ⁸

376 738 536 802 «Paulos
556 737 646 819 Papo
665 741 710 814 tt,
728 737 769 806 od
791 741 942 824 futuram
957 743 1004 803 rei
1019 757 1080 802 mc-

336 834 483 898 moriam.
508 833 638 897 dilectos
665 835 744 898 filios
764 835 917 910 alumnos,
939 843 998 898 etc.
1022 833 1078 915 (l).

375 925 486 989 ilatum
517 927 643 1004 Romae,
672 931 752 1008 apud
782 931 812 994 S.
836 930 962 992 Mariam
990 929 1082 992 nlaio-

336 1037 415 1097 rem,
436 1021 494 1084 sub
508 1021 625 1084 annulo
640 1023 810 1099 Piscatoris,
826 1023 876 1086 die
890 1038 988 1085 ιιιιι.
1007 1021 1080 1084 maii

336 1133 474 1192 noenu,
495 1116 691 1195 pontificatus
712 1118 810 1180 nostri
831 1134 911 1179 anno
933 1133 1024 1178 un.»

159 1217 316 1264 constituito
376 1209 513 1273 Subinde
533 1225 608 1272 vero
629 1209 809 1273 recolendae
832 1210 1003 1274 memoriae
1023 1209 1080 1272 Ur-

102 1268 199 1316 urbani
218 1273 260 1319 vu

261 1273 280 1318 l.

336 1304 433 1366 banus
455 1303 532 1382 Papa
554 1302 647 1378 titt,
671 1303 763 1366 etiam
791 1305 1004 1382 praedecessor
1025 1319 1080 1365 no-

335 1405 410 1473 ster,
432 1398 468 1460 ad
495 1397 634 1460 levorem
665 1398 848 1462 eorumdem
879 1398 1080 1460 alumnorum

335 1491 407 1552 alias
427 1507 497 1553 suas
518 1493 632 1570 pariter
652 1492 685 1554 in
707 1492 804 1554 lorma
835 1492 942 1554 Brevis
963 1491 1080 1553 litteras

335 1583 431 1648 edidit
452 1587 568 1648 tenoris
588 1587 759 1666 sequentis,
781 1586 938 1649 videlicet:

375 1677 557 1742 «Urbanos
579 1677 667 1758 Papo
693 1680 785 1752 llll,
802 1680 844 1743 od
865 1681 1016 1762 (cruram
1031 1681 1078 1742 rei

334 1773 530 1836 memoriam.
553 1771 594 1836 Ut
615 1773 734 1837 alumni
755 1773 875 1851 collegii
893 1773 975 1838 Scoti
990 1775 1022 1836 in
1037 1773 1080 1835 ci-

333 1866 430 1928 vitate
450 1865 625 1942 Parisieusi,
647 1873 705 1928 etc.
729 1866 784 1946 (ι).

374 1959 486 2021 batum
507 1959 633 2035 Romae,
656 1960 734 2039 apud
751 1961 781 2023 S·
799 1960 938 2034 Petrum,
954 1960 1013 2022 sub
1026 1975 1080 2020 an-

334 2052 410 2114 nulo
431 2053 601 2129 Piscatoris,
624 2054 673 2115 dio
693 2069 738 2115 ιιι.
755 2053 886 2116 ianuarii
905 2067 1077 2128 uocatur,

333 2147 530 2226 pontificatus
550 2148 650 2210 nostri
670 2163 753 2210 anno
774 2163 861 2208 xx.»

145 2335 316 2386 confirmado
373 2333 443 2408 52.
467 2334 545 2397 Cum
567 2341 683 2410 autem,
704 2334 783 2398 sicut
804 2349 860 2414 pro
880 2340 967 2413 parte
988 2333 1079 2394 dilec-

99 2387 240 2437 relatarum
255 2401 316 2438 con·

100 2443 278 2492 sanctonum.
335 2433 438 2489 torum
460 2427 596 2489 liliorum
617 2428 814 2505 superiorum
834 2433 865 2489 et
879 2428 1078 2489 alumnorum

333 2519 455 2597 collegii
475 2520 639 2598 supradicti
659 2520 749 2582 nobis
775 2536 876 2600 nuper
902 2521 1078 2598 expositum

333 2613 404 2690 luit,
426 2613 496 2693 ipsi,
518 2629 579 2692 quo
607 2615 815 2693 praeinsertae
843 2614 939 2689 Pauli,
962 2629 1079 2692 quaen

332 2707 399 2785 piae
429 2706 599 2768 memoriae
630 2705 793 2770 Clemente
819 2707 896 2786 Papa
917 2707 969 2770 lll.
992 2723 1078 2785 prac-

332 2802 490 2864 decessore
510 2801 625 2880 pariter
655 2811 762 2863 nostro
792 2803 992 2864 confirmatae
1013 2801 1078 2864 lue-

332 2901 419 2969 runt,
448 2911 481 2957 ac
508 2893 622 2956 Urbani
655 2895 925 2973 praedecessorum
956 2893 1078 2956 litterae

332 2988 453 3050 firmius
483 2987 651 3050 subsistant
677 2997 707 3051 et
734 2997 900 3052 serventur
928 2989 1076 3062 exactius,

331 3082 513 3164 apostolicae
538 3097 662 3161 quoque
688 3083 933 3145 confirmationis
955 3089 1078 3143 nostrae

330 3175 499 3254 patrocinio
530 3176 720 3238 communiri
741 3193 774 3238 ac
801 3175 873 3238 alias
904 3182 1076 3255 opportune

330 3268 388 3330 sibi
408 3267 541 3348 desuper
561 3285 576 3328 a
598 3267 685 3330 uobis
712 3269 868 3348 provideri
889 3275 920 3331 et
941 3277 976 3332 ut
996 3268 1076 3330 inlra

330 3361 486 3440 indulgeri
497 3362 667 3442 plurimum
679 3361 867 3426 desiderent:
886 3379 952 3439 nos,
965 3363 1078 3441 specia-

330 3456 393 3518 lem
413 3455 485 3535 ipsis
507 3455 735 3534 exponentibus
753 3457 883 3533 gratiam
905 3457 1004 3520 lacere
1023 3472 1075 3517 vo·

330 3548 442 3623 lentes,
457 3555 489 3611 et
506 3563 616 3612 eorum
633 3549 807 3626 singulares
820 3565 963 3628 personas
977 3568 992 3612 a
1009 3551 1075 3630 qui-

330 3641 434 3704 busvis
454 3643 795 3718 excommunicationis,
817 3644 1027 3722 suspensionis
1045 3653 1076 3708 et

330 3733 508 3811 interdicti,
544 3733 673 3814 aliisque
708 3735 917 3798 ecclesiasticis
951 3745 1075 3800 seuten-

330 3827 381 3889 tils
408 3835 439 3890 et
466 3829 620 3904 censuris,
649 3845 666 3890 a
694 3830 762 3891 iure
793 3829 844 3891 vel
871 3829 908 3891 ab
935 3831 1073 3907 homine,

328 3923 437 4001 quavis
458 3923 616 3985 occasione
636 3921 686 3984 vel
707 3923 796 3985 causa
819 3921 898 3998 latis,
916 3924 942 3985 si
963 3925 1075 4003 quibus

329 4015 559 4093 quomodolibet
579 4015 743 4077 innodatae
764 4016 913 4092 existunt,
929 4017 965 4080 ad
987 4018 1076 4082 ellec-

328 4115 396 4170 tum
410 4109 622 4187 praesentium
636 4109 795 4171 dumtaxat
808 4113 1073 4189 consequendum,

327 4201 440 4264 harum
463 4201 543 4264 serie
566 4202 758 4264 absolventes
781 4209 813 4266 et
837 4203 989 4266 absolutas
1009 4205 1075 4268 loro

327 4301 501 4370 censentes,
523 4295 798 4373 supplicationibus
818 4311 927 4360 eorum
947 4299 1074 4360 nomine

327 4388 416 4449 nobis
435 4403 529 4466 super
550 4389 609 4450 boc
633 4388 793 4450 humiliter
818 4389 966 4468 porrectis
987 4391 1074 4454 incli-

327 4481 404 4556 nati,
426 4481 464 4543 de
485 4481 711 4544 venerabilium
741 4482 873 4545 lratrum
894 4491 1074 4548 nostrorum

327 4573 456 4638 Sanctae
475 4575 631 4637 Romanae
649 4575 800 4638 Ecclesiae
813 4577 1023 4642 cardinalium
1038 4581 1071 4642 in

326 4669 389 4730 tota
409 4669 566 4747 republica
585 4669 749 4733 christiana
766 4679 871 4734 contra
885 4673 1073 4737 haereticam

239 4801 246 4808 -
325 4764 510 4840 pravitatem
521 4764 715 4840 generalium
730 4765 948 4844 inquisitorum
963 4783 979 4828 a
996 4766 1073 4831 Sede

326 4855 496 4934 apostolica
511 4857 684 4935 specialiter
698 4859 914 4938 deputatorum
929 4861 1071 4936 consilio,

325 4951 431 5010 omnia
446 4955 476 5011 et
490 4950 612 5028 singula
626 4951 800 5030 privilegia,
817 4951 987 5031 facultates,
1004 4969 1071 5032 gra·

327 5041 381 5104 tias
401 5049 434 5104 ct
455 5044 585 5120 indulta,
608 5044 736 5122 collegio
757 5045 886 5124 eiusque
906 5049 1071 5126 superiori·

325 5135 383 5198 bus
396 5143 428 5199 et
441 5137 576 5199 alumnis
590 5139 751 5216 praedictis
765 5156 781 5200 a
795 5148 968 5203 memorato
978 5142 1071 5204 Paulo

324 5237 358 5292 et
383 5230 508 5293 Urbano
535 5231 819 5310 praedecessoribus
847 5251 1006 5311 concessa,
1036 5243 1071 5298 ut

324 5323 508 5403 praefertur,
525 5333 719 5389 emanatasve
734 5327 865 5405 desuper
879 5329 1007 5391 illorum
1022 5329 1072 5391 lit·

325 5423 408 5479 teras
426 5420 641 5496 praeinsertas,
663 5435 736 5482 cum
756 5422 901 5482 omnibus
919 5431 950 5483 et
963 5424 1071 5501 singu-

324 5509 363 5572 lis
383 5511 417 5572 in
437 5513 481 5573 eis
502 5515 672 5592 respective
693 5515 845 5576 contentis
860 5523 891 5576 et
905 5518 1068 5594 expressis,

322 5605 504 5666 auctoritate
524 5607 698 5685 apostolica,
720 5617 829 5669 tenore
845 5611 1068 5688 praesentium,

323 5698 546 5762 confirmamus
573 5707 604 5764 et
631 5703 845 5782 approbamus,
873 5702 995 5782 illisque
1023 5705 1069 5766 in-

364 5940 394 5996 it)
409 5939 512 5987 Bullam
527 5942 603 5988 Pauli
611 5945 638 5987 v.
654 5942 811 6000 omittimus,
824 5947 887 6003 quia
901 5947 953 5992 iarn
968 5947 1068 6006 legitur

323 6005 407 6053 allata
419 6019 436 6054 a
450 6009 582 6056 clemente
596 6013 636 6055 lx.
652 6011 679 6056 in
695 6012 748 6056 vol.
764 6013 857 6070 primo,
874 6027 897 6072 p.
912 6017 959 6060 403.
1091 5955 1097 6063 Ι

429 6131 481 6178 latr.
496 6133 567 6179 Pont.
582 6133 613 6180 dc
626 6133 701 6194 Prop.
717 6135 779 6182 Fide
793 6139 874 6184 Portis
889 6140 907 6184 1.
922 6138 977 6185 vol.
993 6141 1023 6185 li.

966 613 1174 670 invocaremus
1194 611 1253 669 ιιι.

1136 739 1287 804 violabilis
1307 741 1488 824 apostolicae
1508 739 1662 806 firmitatis
1682 741 1778 804 robur
1793 748 1824 804 et
1837 739 1881 802 el·

1137 835 1272 897 licaciam
1292 835 1463 898 adiicimns.
1487 836 1658 910 Praeterea,
1681 841 1717 898 ut
1737 834 1831 898 iidem
1852 853 1883 898 a·

1137 928 1238 992 lumni
1259 927 1295 992 ad
1317 945 1417 992 sacros
1437 917 1531 992 etiam
1553 929 1781 1010 presbyteratus
1801 929 1882 991 ordi·

1137 1038 1191 1085 nes
1213 1023 1390 1086 huiusmodi
1413 1040 1477 1086 non
1500 1031 1620 1086 tantum
1642 1030 1729 1086 extra
1746 1031 1883 1102 tempora

1136 1133 1151 1176 a
1173 1115 1241 1177 iure
1261 1123 1384 1192 statuta,
1400 1118 1454 1179 sed
1469 1117 1562 1179 etiam
1577 1117 1753 1180 interstitiis
1767 1131 1784 1178 a
1797 1122 1883 1180 sacro

1137 1207 1274 1272 Concilio
1296 1209 1478 1272 Tridentino
1493 1211 1659 1287 designatis
1674 1210 1806 1272 minime
1820 1225 1885 1271 ser-

1135 1303 1225 1377 vatis,
1248 1304 1385 1382 annique
1405 1303 1561 1366 curriculo
1582 1319 1646 1366 non
1664 1311 1833 1382 expectato,
1850 1319 1884 1363 ac

1134 1397 1256 1458 tametsi
1278 1397 1311 1458 in
1333 1412 1522 1476 unoquoque
1543 1413 1581 1458 ex
1595 1396 1682 1458 dictis
1696 1396 1789 1458 sacris
1803 1397 1884 1458 ordi·

1136 1489 1239 1565 nibus,
1262 1499 1427 1568 antequam
1449 1490 1483 1551 ad
1507 1491 1603 1552 allum
1627 1497 1881 1568 promoveantur,

1134 1599 1167 1644 se
1188 1583 1318 1646 minime
1338 1584 1545 1659 exercuerint,
1568 1585 1688 1645 servata
1709 1591 1813 1646 tamen
1835 1599 1882 1646 ce-

1135 1676 1258 1755 teroqui
1280 1678 1459 1740 earumdem
1483 1678 1746 1756 praeinsertarum
1768 1678 1882 1740 littera·

1135 1785 1207 1830 rum
1228 1769 1327 1831 torma
1347 1777 1378 1832 et
1399 1770 1610 1848 dispositione,
1640 1771 1828 1849 promoveri,
1852 1778 1882 1833 et

1135 1864 1268 1940 promoti
1291 1863 1322 1926 in
1344 1863 1406 1924 illis
1427 1864 1519 1926 etiam
1542 1864 1574 1924 in
1589 1863 1693 1926 altaris
1708 1863 1882 1926 ministerio

1135 1956 1313 2018 ministrare
1340 1956 1436 2018 libere
1465 1963 1495 2018 et
1524 1957 1606 2019 licite
1635 1958 1752 2035 possint
1780 1967 1810 2020 et
1832 1974 1882 2020 va·

1135 2047 1230 2124 leant,
1246 2051 1427 2112 anctoritate
1446 2057 1477 2112 et
1498 2059 1607 2113 tenore
1621 2051 1794 2130 praedictis,
1810 2067 1882 2116 con-

1134 2143 1273 2206 cedimus
1292 2150 1324 2205 et
1344 2145 1556 2220 indulgemus.

1174 2237 1194 2310 ἓ
1214 2235 1243 2298 3.
1268 2237 1489 2312 Decernentes,
1505 2240 1626 2300 easdem
1642 2247 1817 2318 praesentes
1831 2239 1881 2302 lit·

1135 2335 1215 2390 teras
1245 2345 1368 2408 semper
1399 2332 1514 2406 firmas,
1547 2331 1658 2395 validas
1690 2340 1721 2395 et
1747 2333 1881 2396 efficaces

1134 2423 1267 2484 existere
1287 2431 1318 2484 et
1343 2423 1420 2499 lore,
1449 2439 1582 2503 suosque
1608 2425 1762 2504 plenarios
1783 2435 1814 2489 et
1835 2429 1883 2489 in-

1134 2521 1237 2592 tegros
1259 2516 1384 2580 allectus
1404 2519 1510 2580 sortiri
1529 2526 1561 2580 et
1583 2519 1735 2595 obtinere,
1752 2537 1786 2583 ac
1806 2519 1879 2598 illis,

1134 2607 1170 2669 ad
1191 2625 1267 2688 quos
1288 2619 1404 2688 spectat
1425 2619 1456 2673 et
1477 2628 1533 2690 pro
1554 2619 1694 2691 tempore
1720 2615 1880 2691 spectabit,

1134 2701 1167 2764 in
1189 2703 1333 2766 omnibus
1355 2713 1386 2766 et
1406 2719 1463 2783 per
1488 2706 1591 2768 omnia
1619 2705 1798 2784 plenissime
1818 2707 1881 2770 sul-

1134 2796 1256 2873 lragarl,
1279 2799 1383 2876 sicque
1404 2799 1437 2858 in
1459 2799 1633 2877 praemissis
1648 2815 1703 2878 per
1718 2817 1882 2879 quoscum·

1133 2905 1195 2968 que
1216 2891 1332 2953 iudices
1352 2891 1522 2953 ordinarios
1543 2899 1575 2955 et
1598 2891 1763 2970 delegatos,
1785 2896 1880 2958 etiam

1133 2999 1294 3046 causarum
1325 2983 1430 3062 palatii
1460 2985 1615 3063 apostolici
1647 2986 1814 3064 auditores,
1847 3005 1880 3052 ac

1133 3076 1271 3139 eiusdem
1293 3075 1324 3140 S.
1342 3079 1378 3138 ll.
1396 3077 1430 3138 E.
1455 3078 1641 3154 cardinales,
1665 3081 1757 3142 etiam
1779 3083 1817 3144 de
1839 3083 1879 3144 la·

1133 3175 1200 3232 tere
1220 3171 1337 3246 legatos
1357 3178 1388 3232 et
1408 3172 1598 3249 apostolicae
1619 3173 1704 3236 Sedis
1735 3175 1877 3252 nuncios,

1133 3263 1260 3328 iudicari
1287 3274 1318 3327 et
1348 3265 1471 3328 deliniri
1502 3265 1625 3343 debore,
1647 3283 1680 3330 ac
1701 3267 1828 3332 irritum
1849 3279 1880 3332 et

1133 3356 1236 3433 inane,
1258 3359 1284 3419 si
1304 3373 1392 3420 secus
1411 3375 1506 3437 super
1526 3359 1574 3420 his
1590 3377 1606 3422 a
1621 3377 1787 3442 quoquam,
1804 3379 1877 3442 qua·

1133 3451 1179 3511 vis
1190 3452 1384 3527 auctoritate,
1394 3452 1530 3515 scienter
1540 3452 1590 3515 vel
1605 3455 1796 3533 ignoranter,
1808 3473 1878 3520 con·

1133 3544 1237 3622 tigerit
1257 3545 1413 3608 attentari.

1171 3639 1190 3713 ἓ
1212 3640 1239 3700 l.
1264 3637 1333 3701 Nou
1351 3639 1541 3704 obstantibus
1556 3643 1832 3710 constitutionibus
1846 3653 1877 3709 et

1131 3731 1378 3795 ordinationibus
1395 3733 1578 3812 apostolicis,
1594 3751 1718 3800 necnon
1733 3741 1878 3803 omnibus

1131 3835 1162 3888 et
1183 3825 1313 3903 singulis
1334 3826 1394 3889 illis
1416 3843 1495 3907 quae
1515 3829 1548 3891 in
1570 3831 1769 3909 praeinsertis
1791 3833 1878 3896 Pauli

1131 3929 1162 3982 et
1183 3920 1298 3983 Urbani
1320 3923 1588 3999 praedecessorum
1611 3925 1722 3987 litteris
1737 3943 1878 4010 concessa

1130 4022 1204 4076 sunt
1222 4029 1285 4076 non
1300 4015 1433 4090 obstare,
1447 4016 1621 4096 ceterisque
1635 4021 1796 4084 contrariis
1811 4022 1879 4101 qui-

1130 4109 1333 4188 buscumque.

1170 4203 1282 4266 Datum
1309 4203 1435 4280 Romae,
1465 4207 1543 4284 apud
1573 4205 1604 4270 S.
1635 4207 1761 4270 Mariam
1785 4209 1876 4273 Maio·

1130 4311 1209 4373 rem,
1224 4297 1283 4360 sab
1296 4297 1413 4358 annulo
1428 4297 1599 4376 Piscatoris,
1616 4301 1664 4364 die
1679 4317 1780 4364 xuvn.
1797 4305 1877 4382 apri·

1129 4390 1169 4451 lis
1189 4406 1356 4467 cccxciv,
1379 4393 1574 4470 pontificatus
1603 4397 1702 4458 nostri
1721 4413 1804 4460 anno
1825 4415 1874 4460 ιιι.

1480 4677 1519 4741 ll.

1132 4861 1346 4944 Transfertur
1366 4865 1573 4947 indulgentia
1600 4867 1748 4946 plenario
1768 4883 1872 4949 porpo-

1168 4963 1227 5019 tcm
1249 4958 1284 5018 in
1306 4961 1387 5040 [coto
1410 4961 1440 5024 S.
1465 4962 1586 5040 ignatii
1608 4961 1650 5025 od
1672 4963 1754 5025 diem
1776 4965 1874 5028 domi·

1167 5053 1276 5113 nicom
1295 5067 1354 5130 pro
1367 5055 1506 5117 ecclesiis
1521 5057 1803 5139 misaiomoriorctm
1819 5059 1872 5122 So-

1167 5144 1296 5208 cietotis
1318 5145 1390 5210 lectt
1411 5147 1446 5207 ia
1467 5147 1578 5211 inculti
1594 5149 1771 5216 Mortinico
1792 5151 1849 5232 (3).

1297 5315 1550 5386 ΙΝΝοοΕΝῘΙυε
1566 5319 1626 5387 ΡΡ.
1643 5320 1699 5388 llll.

1244 5438 1281 5506 ad
1303 5447 1477 5524 perpetuam
1499 5443 1542 5509 rei
1569 5443 1749 5512 memoriam.

1800 589 1861 668 lot
1912 592 2011 660 imo.
2032 593 2101 659 tosa

1927 2248 2069 2296 Clausulas.

1164 5615 1182 5690 ἓ
1206 5615 1232 5676 l.
1255 5616 1337 5679 Aliis
1358 5618 1453 5681 lelicis
1468 5619 1688 5684 recordationis
1703 5622 1869 5700 Gregorius
1928 5639 1993 5685 nam
2012 5637 2101 5687 tuant-

1123 5706 1179 5768 PP.
1200 5707 1268 5772 xv.
1292 5713 1504 5788 praedecessor
1517 5721 1623 5775 noster
1638 5715 1746 5777 volens
1761 5731 1869 5779 omnes

1163 5951 1192 6006 (2)
1207 5951 1318 6008 Reliqua
1334 5952 1391 5998 vide
1405 5952 1500 5999 in'Vol.
1515 5954 1609 6012 primo,
1624 5966 1648 6010 p.
1663 5955 1709 5999 215.

1162 6018 1191 6074 (3)
1207 6021 1244 6063 lix
1259 6022 1362 6076 Regest.
1377 6019 1405 6065 ln
1419 6021 1494 6066 arch.
1510 6022 1582 6066 Brev.

1887 5692 1976 5744 gentle
1993 5691 2019 5739 in
2035 5693 2099 5740 testo

1887 5746 1910 5791 s.
1927 5746 2021 5801 ignatii
2042 5758 2100 5794 con·
