4848 6990
337 512 525 578 tn.c.1ess
576 520 615 590 se
694 471 716 505 ⁵

359 4213 393 4256 he
409 4211 481 4257 libris
495 4221 536 4257 ac-

321 4265 388 4328 cepti
403 4269 428 4311 et
443 4275 535 4322 expan-

324 4329 354 4372 ει,
370 4329 468 4364 necnon
484 4329 536 4380 ma-

325 4371 448 4418 nualibus
484 4371 537 4418 dss-

324 4433 496 4480 pensatorum.

555 667 703 745 Romani,
726 675 756 732 ct
781 670 814 734 in
840 669 928 735 dictis
954 672 1172 754 Hispaniarum
1198 674 1302 752 regnis

555 765 587 824 in
615 765 743 827 diversis
774 767 938 830 audientiis
967 777 996 832 et
1027 771 1247 848 tribunalibus3
1270 779 1301 832 et

554 857 625 918 licet
641 859 671 918 in
688 860 846 935 praedictis
860 877 983 940 semper
997 863 1099 925 habita
1113 864 1209 925 luerit
1224 866 1301 927 hona

554 966 626 1009 cura
648 959 678 1010 et
701 953 789 1028 ratio,
808 953 902 1030 ipsam
921 956 1077 1017 reddendo
1092 965 1193 1034 patres
1209 973 1303 1032 gene-

553 1041 631 1102 rales
660 1042 691 1104 in
720 1045 784 1106 tine
814 1063 923 1108 eoram
954 1049 1044 1112 ollicii
1076 1050 1302 1112 suecessoribus

552 1134 628 1208 suis,
652 1144 766 1212 tamen,
800 1140 869 1216 quia
901 1158 995 1219 super
1017 1143 1073 1204 hoc
1105 1144 1190 1204 nulla
1218 1143 1302 1204 adest

552 1229 732 1290 constitutio
754 1247 811 1292 nec
832 1232 996 1308 ordinatio,
1017 1252 1094 1312 quae
1116 1237 1230 1315 aliquid
1252 1253 1303 1297 su-

553 1337 608 1397 per
624 1321 679 1382 hoc
694 1322 833 1401 disponat
848 1324 904 1406 (l),
917 1344 995 1405 quae
1011 1345 1065 1406 per
1079 1346 1111 1390 se
1128 1331 1300 1391 introducta

553 1420 611 1487 est,
623 1415 710 1476 cuius
724 1426 865 1495 respectu
881 1429 980 1497 posset
991 1421 1124 1483 tledccre
1137 1439 1209 1484 cum
1226 1431 1301 1484 tena-

554 1523 628 1584 pore
650 1509 716 1569 cius
737 1515 976 1588 perseverantia,
1000 1523 1030 1574 et
1052 1524 1086 1576 ut
1101 1517 1189 1576 firma
1205 1533 1303 1577 roma-

555 1605 637 1674 neat,
659 1609 690 1661 et
711 1603 789 1663 nihil
812 1605 906 1682 possit
932 1607 1074 1668 innovari
1096 1609 1128 1669 in
1151 1609 1302 1686 praeiudi-

555 1692 639 1754 cium
655 1702 714 1756 tam
732 1696 815 1756 utilis
829 1706 861 1758 et
877 1699 1034 1762 laudabilis
1050 1703 1301 1780 consuetudinis,

555 1785 715 1850 ordinatur
736 1789 854 1852 dicium
875 1793 1028 1855 aerarium
1043 1804 1075 1856 ct
1089 1811 1189 1856 arcam
1206 1797 1302 1857 trium

554 1879 689 1941 clavium
711 1891 860 1961 perpetuo
881 1889 1069 1963 conservari,
1085 1889 1117 1950 in
1133 1887 1230 1949 lormai
1245 1906 1303 1966 qua

554 1989 651 2050 usque
666 1975 857 2052 adpraesens
872 1977 999 2041 luerunt
1011 1989 1202 2056 conservata,
1216 1998 1302 2043 nern-

554 2081 593 2143 pe
613 2069 695 2144 quod
723 2067 895 2147 praedictae
927 2073 1026 2135 claves
1056 2075 1195 2136 diversae
1220 2075 1301 2150 sint,

555 2174 612 2220 nec
633 2160 693 2221 nisi
714 2165 859 2226 omnibus
878 2166 970 2228 simul
986 2167 1099 2230 iunctis
1115 2185 1182 2229 arca
1196 2169 1302 2230 huius-

555 2251 637 2312 modi
660 2254 868 2333 depositorum
901 2260 1012 2337 aperiri
1043 2261 1152 2338 possit;
1180 2277 1303 2339 unaque

555 2359 592 2404 ex
613 2345 728 2408 eisdem
751 2349 886 2412 clavibus
908 2369 924 2412 a
946 2360 1032 2430 patre
1060 2355 1208 2430 generali,
1232 2354 1302 2416 reli-

554 2453 632 2514 quae
652 2456 668 2498 a
688 2439 821 2518 singulis
842 2444 1055 2507 assistentibus
1083 2447 1300 2522 retineantur3

555 2530 726 2609 habeatque
745 2534 843 2598 d'tctus
859 2543 944 2612 pater
959 2538 1112 2613 generalis
1128 2539 1240 2600 librum
1257 2556 1304 2601 ra-

554 2623 677 2686 tionum
698 2625 735 2687 de
756 2628 885 2706 receptis
900 2637 937 2694 ,et
957 2631 1112 2708 expensis,
1136 2639 1166 2692 ct
1187 2632 1219 2692 in
1242 2633 1303 2694 line

554 2719 601 2780 sui
623 2719 714 2781 ollicii
741 2722 893 2802 rationem
923 2725 1028 2786 reddat
1059 2725 1225 2786 successori
1247 2742 1303 2788 suo

554 2818 585 2872 ct
607 2812 696 2872 novis
717 2813 783 2875 eius
802 2815 1014 2878 assistentibus
1036 2815 1074 2878 de
1095 2817 1234 2896 praelatis
1256 2835 1305 2878 re-

496 2949 505 2956 .
554 2905 649 2982 ceptis
671 2913 702 2968 et
721 2907 864 2984 expensis
884 2908 968 2972 lactis
990 2911 1023 2970 in
1044 2917 1181 2989 ternpore
1197 2912 1244 2974 sui
1260 2911 1305 2972 oi·

555 2997 627 3072 sicii,
649 2999 728 3062 sicut
750 3017 874 3080 semper
895 3001 954 3064 luit
976 3003 1186 3081 observatum,
1203 3012 1234 3066 ct
1256 3021 1303 3068 re-

556 3090 654 3154 latum
685 3101 843 3170 remanet3
875 3103 907 3157 et
932 3113 1018 3172 casu,
1049 3115 1110 3176 quo
1142 3097 1225 3161 haus
1253 3101 1303 3163 vel

554 3184 642 3246 dolus
663 3185 696 3248 in
718 3187 853 3248 custodit
875 3196 905 3249 et
927 3189 1194 3254 administratione
1210 3201 1304 3272 atque

554 3278 734 3354 erogatione
765 3281 917 3344 dictarum
948 3286 1152 3361 pecuniarum
1182 3285 1304 3364 detega-

555 3377 618 3445 tur,
647 3371 864 3450 delinquentes
896 3375 975 3437 male
1007 3386 1164 3440 versantes
1196 3381 1302 3459 poenis

553 3465 736 3542 privationis
758 3467 840 3529 vocis
861 3468 978 3531 activae
999 3477 1030 3531 et
1052 3472 1187 3549 passivae
1202 3473 1302 3535 subia-

553 3565 653 3632 ceant,
677 3566 707 3619 et
728 3559 764 3620 ab
785 3575 895 3622 eorum
916 3563 1023 3624 officiis
1044 3565 1217 3644 respective
1237 3584 1303 3628 sus·

553 3651 643 3729 pensi
673 3661 865 3728 remaneant,
889 3663 920 3716 et
941 3655 1006 3733 ipse
1033 3663 1118 3734 pater
1149 3661 1302 3735 generalis

553 3745 705 3822 privatus,
727 3752 758 3806 et
777 3745 823 3828 (Ξ)
845 3748 1011 3810 destitutus
1029 3760 1188 3813 remaneat
1203 3753 1302 3814 omni·

553 3836 610 3899 bus
632 3837 802 3916 privilegiis
823 3846 854 3901 et
876 3843 1095 3919 praerogativis
1111 3846 1303 3922 exgenerali-

554 3930 611 3993 bus
641 3933 873 4010 quomodolibet
904 3937 1167 4014 competentibus,
1201 3956 1258 4002 nec
1286 3957 1302 4000 a

553 4039 752 4102 quocumque
773 4026 832 4087 nisi
853 4043 869 4087 a
891 4027 1000 4090 Sancta
1025 4029 1106 4100 ,Sede
1131 4032 1302 4111 Apostolicd

553 4117 743 4180 rehabilitari
764 4127 794 4180 et
815 4121 930 4182 absolvi
953 4123 1081 4200 possint.

595 4227 629 4272 ιι.
652 4212 737 4286 Quod
759 4213 840 4274 ultra
861 4231 1042 4294 expressum
1058 4218 1091 4280 in
1107 4235 1173 4298 cap.
1189 4236 1299 4281 ιιινιιι.

555 4311 731 4367 nostrarum
753 4308 1012 4371 constitutionum
1032 4311 1204 4385 ordinatur,
1221 4315 1302 4392 quod

554 4399 728 4476 superiores
755 4399 789 4461 in
820 4417 931 4463 eorum
963 4405 1159 4466 monasteriis
1190 4407 1303 4468 habere

554 4491 684 4553 debeant
715 4491 810 4554 libros
838 4493 992 4557 bonorum
1018 4505 1049 4558 ct
1071 4497 1250 4560 reddituum
1272 4507 1302 4561 et

555 4599 761 4663 expensarum
782 4585 814 4646 in
836 4587 972 4649 archivio
993 4597 1023 4650 et
1044 4591 1109 4650 arca
1133 4591 1228 4652 trium
1243 4591 1302 4654 cla-

553 4677 653 4752 vium,
676 4677 790 4757 absque
812 4695 848 4742 eo
870 4682 952 4759 quod
972 4683 1089 4760 possint
1108 4686 1245 4746 amoveri
1266 4687 1302 4747 ad

553 4770 650 4832 alium
668 4771 825 4848 ellectum,
841 4773 902 4833 nisi
915 4775 952 4834 ad
967 4766 1180 4838 calculandum
1195 4777 1304 4839 introi-

554 4871 604 4926 tus
625 4871 655 4926 et
676 4865 875 4929 scribendum
897 4875 1018 4946 recepta
1034 4876 1064 4930 et
1078 4885 1211 4947 expensa
1227 4887 1301 4948 quo-

554 4957 630 5018 libet
650 4957 700 5018 dic
720 4957 854 5020 iacienda
876 4975 949 5022 cunr
973 4961 1144 5024 assistentia
1164 4964 1303 5025 consilia-

554 5050 691 5127 riorum3
725 5051 897 5128 ordinatur,
926 5054 1008 5131 quod
1040 5070 1134 5116 omne
1156 5055 1197 5130 id,
1220 5057 1303 5135 quod

555 5143 746 5222 dispensator
765 5145 872 5208 alteret
888 5161 1095 5224 expensarum
1110 5151 1208 5224 causi,
1227 5149 1303 5211 reci-

555 5237 657 5314 piatur
678 5245 709 5302 et
729 5237 881 5300 scribatur
901 5239 933 5300 in
961 5239 1060 5318 libris,
1083 5249 1113 5303 et
1135 5241 1167 5303 in
1195 5242 1301 5304 eadem

555 5328 652 5391 iormi
673 5337 704 5391 et
723 5332 826 5408 specie
840 5332 1041 5408 describatur,
1056 5350 1116 5412 qua
1131 5335 1229 5397 dictus
1243 5335 1302 5396 dis-

555 5431 699 5500 pensator
720 5424 837 5500 alteret,
854 5425 967 5504 absque
982 5426 1043 5488 ulla
1058 5429 1300 5504 permutatione,

554 5522 586 5578 et
606 5518 687 5593 quod
708 5525 935 5580 conserventur
949 5518 1019 5580 libri
1034 5521 1193 5582 manuales
1207 5522 1302 5584 dicto·

555 5625 628 5670 rum
658 5609 916 5687 dispensatorum,
940 5621 985 5688 ut,
1007 5615 1129 5690 quando
1161 5615 1301 5677 evenerit

554 5718 641 5764 casus
672 5703 868 5779 visitationis,
899 5705 1017 5783 possint
1048 5707 1147 5768 videri
1168 5715 1198 5769 et
1219 5723 1301 5770 com·

597 5913 626 5974 (tl
642 5915 746 5972 Aliquid
761 5915 842 5974 deest,
856 5917 966 5965 forsitan
981 5933 1030 5966 vox
1043 5927 1214 5968 consuetudo.

1079 543 1143 600 lUll·
1169 549 1259 600 bour.
1283 545 1323 598 DE
1346 552 1374 598 Ρ.
1398 549 1427 599 1³.
1452 553 1534 600 rans
1557 545 1577 598 l.

1357 673 1478 754 probari
1511 675 1693 739 eorumdem
1722 672 1809 742 listae
1836 690 1909 741 cum
1931 674 1993 740 illis
2015 675 2110 740 dicto-

1359 787 1430 832 rum
1460 771 1625 846 librorum,
1654 779 1686 834 et
1711 774 1792 850 quod
1821 773 1998 851 superiores
2029 772 2109 834 nihil

1358 864 1475 943 possint
1496 865 1655 943 percipere
1677 881 1735 926 nec
1757 867 1939 945 impendere
1960 867 2109 929 manuali-

1359 966 1415 1032 ter,
1439 957 1490 1017 sed
1513 958 1611 1020 dictae
1633 975 1785 1038 expensae
1806 967 1838 1020 et
1859 960 2028 1022 necessaria
2045 961 2109 1020 sint

1356 1052 1414 1111 sub
1435 1067 1530 1111 onere
1552 1060 1785 1129 procuratorum
1802 1061 1833 1113 et
1848 1051 2107 1131 dispensatorum.

1357 1145 1514 1206 Praedicta
1529 1146 1714 1206 ordinantur
1730 1145 1761 1206 in
1774 1147 1892 1207 virtute
1905 1155 2027 1207 sanctae
2039 1147 2110 1212 obe

1358 1237 1503 1312 dientiac,
1520 1247 1551 1300 ct
1572 1241 1669 1317 poenal
1689 1239 1870 1316 privationis
1886 1237 1977 1300 officii
1993 1247 2024 1300 et
2038 1239 2109 1300 arcti-

1358 1347 1413 1392 vae
1435 1339 1466 1392 et
1488 1332 1624 1408 passivae
1640 1331 1739 1393 'voeis

1400 1443 1446 1486 ιιι.
1470 1426 1544 1499 Quia
1567 1435 1658 1504 eaput
1676 1441 1785 1486 xxxix.
1804 1434 1982 1487 nostrarum
1997 1427 2109 1488 consti-

1360 1521 1517 1581 tutionum
1550 1519 1673 1580 ordinat
1695 1529 1725 1580 ot
1748 1519 1872 1580 marrdat
1904 1520 2000 1580 ollicia
2029 1519 2111 1598 prio

1360 1629 1430 1672 rum
1459 1614 1605 1673 duratura
1638 1629 1704 1674 esse
1735 1621 1859 1674 tantum
1888 1613 1985 1691 spatio
2014 1613 2109 1673 trium

1360 1721 1524 1780 annorum,
1549 1713 1591 1780 ct,
1607 1707 1655 1767 his
1672 1707 1795 1783 elapsis,
1813 1723 1876 1767 non
1892 1723 1980 1784 posse
1995 1706 2109 1767 iterum

1359 1799 1432 1875 eligi
1454 1806 1484 1860 et
1505 1800 1682 1860 conbrmari
1707 1799 1738 1862 in
1760 1799 1840 1862 dieto
1873 1800 1973 1862 cilicio
1994 1800 2109 1877 priora-

1360 1899 1408 1953 tus
1430 1893 1497 1953 illas
1518 1909 1663 1971 personas
1689 1909 1768 1971 quae
1789 1893 1850 1953 iam
1879 1892 2008 1953 luerunt
2029 1892 2110 1970 prio-

1360 2002 1419 2060 res,
1444 1993 1506 2047 tam
1529 1986 1560 2047 in
1583 2003 1619 2046 eo
1641 1985 1794 2064 hospitali,
1814 1985 1864 2047 ubi
1888 1994 2108 2059 exercuerunt,

1359 2095 1452 2157 quam
1474 2079 1506 2140 in
1528 2079 1640 2157 quovis
1655 2080 1725 2154 alio,
1742 2079 1801 2140 nisi
1817 2079 1927 2156 elapsis
1944 2079 2044 2140 tribus
2058 2095 2112 2140 an-

1359 2172 1408 2232 nis
1430 2171 1597 2234 vacationis
1629 2173 1677 2233 sui
1708 2173 1868 2247 nannetis,
1892 2179 1924 2232 et
1945 2170 2016 2248 quia
2037 2177 2110 2232 sunt

1359 2263 1450 2326 multi
1472 2264 1557 2338 anni,
1580 2267 1661 2342 quod
1684 2265 1764 2326 dicta
1780 2263 1891 2339 religio
1909 2263 2030 2339 indiget
2044 2278 2111 2342 per·

1358 2359 1442 2418 sonis
1464 2359 1582 2420 idoneis
1605 2374 1659 2437 pro
1681 2358 1768 2420 dietis
1787 2357 1905 2432 ciliciis,
1924 2366 1955 2418 et
1969 2357 2006 2416 ad
2021 2356 2112 2418 deve·

1359 2451 1511 2512 niendum
1538 2453 1575 2512 ad
1603 2467 1716 2512 novam
1747 2449 1934 2512 electionem
1957 2465 2033 2527 opus
2054 2449 2112 2511 luit

1360 2543 1391 2604 in
1413 2543 1554 2622 pluribus
1585 2543 1759 2620 praeteritis
1787 2541 1929 2620 capitulis
1951 2557 2111 2603 recurrere

1358 2639 1394 2698 ad
1417 2637 1560 2700 Sanctam
1582 2637 1695 2700 Sedem
1716 2635 1935 2714 apostoticam,
1952 2644 1984 2697 et
1998 2635 2112 2714 suppli-

1359 2746 1428 2790 care
1458 2729 1512 2791 SS.
1537 2730 1571 2790 l).
1596 2727 1633 2789 N.
1665 2745 1720 2807 pro
1753 2729 1851 2790 dictae
1882 2726 2112 2789 constitutionis

1358 2821 1598 2900 dispensatione,
1621 2839 1680 2899 qua
1703 2822 1885 2883 auctoritate
1904 2821 2008 2883 denuo
2023 2819 2111 2880 electi

1360 2913 1488 2976 luerunt
1510 2915 1543 2977 in
1565 2915 1652 2977 dictis
1667 2914 1826 2993 capitulis3
1845 2922 1875 2975 ct
1889 2915 1961 2992 quia
1976 2913 2113 2992 quotidie

1360 3009 1457 3084 magis
1472 3015 1596 3086 apparet
1610 3022 1816 3085 personarum
1832 3007 1969 3070 delectus
1983 3007 2022 3068 ob
2034 3003 2112 3066 mul-

1360 3107 1464 3162 torum
1486 3100 1703 3178 religiosorum
1726 3108 1878 3178 mortem;
1900 3107 1932 3162 et
1946 3100 2016 3178 quia
2031 3097 2111 3161 dele·

1359 3201 1470 3256 cerunt
1491 3194 1627 3256 seniores
1650 3193 1778 3270 triginta
1802 3209 1958 3256 annorum
1980 3191 2056 3253 citra
2074 3191 2112 3252 ob

1358 3287 1540 3349 continuam
1558 3287 1766 3348 assistentiam
1783 3287 1918 3349 habitam
1932 3286 1965 3346 in
1981 3285 2111 3347 infirmi-

1360 3381 1472 3443 tatibus
1503 3381 1607 3459 pestis,
1638 3379 1751 3458 quibus
1783 3396 1918 3455 regnum
1950 3379 2113 3457 Hispaniae

1359 3471 1509 3535 laboravit
1536 3475 1633 3550 spatio
1655 3481 1723 3536 octo
1756 3488 1921 3548 annorum,
1945 3473 2111 3550 inquibus

1359 3566 1504 3628 obierunt
1525 3565 1725 3644 quamplures
1746 3565 1900 3643 religiosi3
1917 3573 1948 3627 et
1963 3582 2035 3628 cum
2049 3565 2111 3626 sint

1357 3660 1452 3722 ceteri
1474 3667 1673 3722 remanentes
1702 3659 1844 3735 iuvenes,
1867 3667 1899 3720 ct
1924 3659 2040 3737 absque
2060 3674 2112 3720 ex·

1358 3752 1508 3830 perientid
1530 3760 1561 3814 et
1582 3759 1778 3830 competente
1809 3759 1909 3813 aetate
1936 3753 1973 3814 ad
2000 3751 2111 3828 guber·

1358 3847 1509 3920 nandum,
1532 3863 1592 3924 qua
1613 3846 1651 3908 de
1672 3847 1772 3920 causi,
1803 3861 1876 3907 eum
1908 3845 2003 3906 luerit
2033 3844 2110 3906 iacta

1359 3937 1550 4016 experientia
1581 3938 1758 4016 aliquorum
1790 3939 1972 4001 honorando
2004 3953 2055 3998 eos
2076 3937 2109 3999 in

1358 4029 1445 4092 dictis
1467 4030 1583 4104 ciliciis,
1606 4046 1683 4109 opus
1705 4029 1764 4092 luit
1779 4047 1830 4092 eos
1846 4030 1882 4092 ab
1897 4030 1959 4092 illis
1973 4030 2108 4107 privare,

1359 4122 1397 4183 ob
1418 4138 1528 4184 eorum
1549 4123 1667 4186 malum
1699 4125 1842 4200 regimen
1864 4131 1895 4185 et
1916 4123 2109 4186 administra-

1359 4216 1474 4277 tionem
1498 4215 1633 4276 habitnm
1648 4216 1883 4278 remanentibus
1899 4216 2061 4294 praedictis
2076 4216 2108 4278 in

1358 4321 1471 4382 magno
1494 4305 1679 4385 praeiudicio
1701 4315 1732 4368 et
1753 4307 1865 4368 damno
1887 4307 2108 4368 coenobiorum

1358 4409 1388 4461 et
1411 4399 1619 4478 hospitalium,
1642 4401 1724 4478 quod
1746 4415 1810 4462 non
1831 4399 1987 4462 accidisset
2001 4401 2027 4462 si
2042 4416 2108 4479 pos-

1357 4500 1427 4553 sent
1448 4494 1550 4554 denuo
1571 4492 1645 4568 eligi
1667 4499 1698 4554 et
1713 4493 1891 4555 confirmari
1906 4491 1952 4554 illi
1966 4493 2020 4572 qui
2034 4501 2108 4554 sunt

1358 4601 1479 4664 capaces
1501 4593 1531 4646 et
1552 4587 1674 4664 experti
1697 4587 1729 4648 in
1752 4585 1832 4649 dicto
1849 4587 2017 4664 regimine:
2035 4601 2108 4665 qua·

1358 4686 1483 4756 propter
1510 4679 1673 4742 ordinatur
1694 4689 1728 4742 ut
1750 4680 1783 4742 in
1806 4687 1965 4759 posterum
1990 4680 2108 4758 possint

1357 4771 1473 4834 iterum
1495 4771 1567 4848 eligi
1589 4781 1620 4833 et
1641 4773 1820 4835 conlirmari
1835 4791 1852 4834 a
1867 4773 1999 4852 capitulo
2014 4787 2109 4849 gene·

1359 4864 1414 4924 rali
1446 4863 1496 4926 vel
1528 4865 1715 4927 intermedio
1744 4867 1776 4928 in
1804 4867 1891 4929 dictis
1924 4866 2107 4928 muneribus

1358 4956 1511 5034 prioratus
1533 4973 1641 5020 omnes
1663 4959 1733 5021 illae
1754 4976 1901 5038 personae
1921 4975 2001 5037 quae
2014 4960 2106 5035 digne

1358 5049 1523 5111 videantur
1554 5051 1633 5114 dicto
1664 5053 1815 5131 capitulo;
1848 5054 1880 5114 in
1908 5053 1974 5114 aliis
2001 5059 2106 5114 tamen

1360 5143 1570 5222 hospitalibus,
1590 5146 1721 5210 exclusis
1743 5145 1816 5220 illis,
1833 5146 1865 5208 in
1887 5147 1999 5224 quibus
2022 5152 2106 5207 ante-

1358 5237 1504 5298 cedenter
1523 5245 1555 5299 et
1581 5238 1759 5300 immediate
1790 5240 1944 5318 prioratus
1976 5254 2108 5302 munere

1358 5327 1455 5389 iuncti
1484 5336 1569 5404 sunt,
1592 5329 1629 5390 ad
1651 5329 1745 5408 ipsius
1777 5331 1903 5408 capituli
1928 5329 2105 5405 arbitrium,

1358 5429 1388 5482 et
1409 5437 1464 5499 per
1482 5423 1669 5484 decennium
1683 5442 1699 5484 a
1714 5423 1765 5484 die
1779 5423 2024 5485 confirmationis
2038 5439 2106 5501 pro-

1358 5515 1480 5577 ximum
1502 5525 1634 5578 tantum.

1397 5631 1439 5674 ιν.
1463 5611 1547 5688 Quod
1569 5611 1710 5690 superior
1725 5628 1788 5674 non
1804 5613 1919 5676 habens
1934 5615 2035 5675 aulam
2051 5630 2106 5694 pro
2125 5637 2200 5735 naria?
2214 5635 2345 5684 vatorum-

1357 5707 1527 5768 intirmariri
1557 5721 1631 5768 cum
1659 5706 1751 5785 pleno
1779 5723 1913 5772 numero
1941 5709 2105 5783 lectorum,

1328 5925 1332 5979 Ι
1398 5924 1428 5979 (2)
1443 5923 1577 5970 particula
1590 5927 1614 5967 et
1628 5934 1674 5968 nos
1688 5923 1810 5970 addimus

2139 527 2194 590 An.
2209 534 2244 590 C.
2268 529 2340 586 1see

2169 1423 2204 1465 ne
2229 1420 2353 1476 priorum

2129 1475 2342 1520 conllrmationo.
