4880 6982
347 532 446 587 unc.
468 532 534 586 1721
585 531 644 594 aaa
692 504 695 515 '

1090 549 1154 597 luti.
1178 549 1269 596 PONT.
1294 549 1333 595 DE
1355 551 1384 596 P.
1407 549 1436 596 1¹⁸.
1461 549 1543 596 PARS
1565 547 1586 594 1.

566 673 597 728 et
617 666 756 744 singulos
771 665 985 732 christifideles
1005 669 1228 748 cuiuscumque
1245 685 1314 746 gra·
1364 667 1528 746 apostolici
1547 676 1655 730 tenore
1670 665 1883 746 praesentium
1897 665 2065 728 tribuimus
2083 673 2115 726 et

565 759 622 821 dus
634 767 664 822 et
676 762 859 824 conditionis
875 763 1048 839 extiterint,
1062 772 1124 826 tam
1144 763 1313 826 saeculares

565 869 657 932 quam
679 855 816 916 cuiusvis
843 857 964 918 Ordinis
991 858 1127 920 instituti
1155 857 1313 934 regulares

565 948 598 1009 in
614 947 675 1008 illis
690 948 826 1026 partibus
841 959 1081 1025 commorantes,
1098 951 1151 1029 qui
1167 967 1312 1012 censuras

564 1048 595 1100 et
607 1055 719 1117 poenas
734 1041 954 1105 ecclesiasticas
966 1044 1134 1122 praedictas
1146 1043 1314 1124 quomodo·

564 1131 639 1194 libet
659 1134 874 1210 incurrerunt,
890 1153 905 1196 a
922 1139 1062 1200 censuris
1078 1146 1108 1200 et
1128 1138 1234 1216 poenis
1255 1138 1312 1199 bu-

564 1226 710 1300 iusmodi‚
725 1229 866 1306 impositi
877 1231 920 1293 eis
932 1248 988 1310 pro
1001 1233 1175 1309 praemissis
1188 1231 1312 1294 arbitrio

565 1329 619 1382 tuo
634 1321 735 1399 aliqui
750 1323 940 1400 poenitentia
955 1324 1091 1400 salutari,
1107 1333 1139 1388 et
1154 1325 1219 1387 aliis
1234 1339 1312 1402 quae

565 1415 603 1476 de
631 1413 698 1474 iure
726 1414 844 1477 luerint
873 1417 1064 1494 iniungenda
1081 1418 1256 1493 iniunctis,
1281 1417 1312 1478 in

565 1514 699 1584 utroque
721 1506 799 1584 loro,
815 1511 910 1572 etiam
929 1519 1059 1585 secreto,
1076 1519 1106 1574 et
1120 1511 1234 1588 absque
1251 1509 1313 1572 ulla

565 1601 775 1676 solemnitate,
791 1603 968 1666 absolvendi
983 1614 1015 1666 et
1031 1605 1168 1666 totaliter
1183 1603 1313 1665 liberan-

566 1695 609 1771 di,
625 1695 781 1776 dictasque
804 1713 917 1776 poenas
939 1698 982 1759 eis
1004 1706 1035 1760 et
1057 1715 1167 1760 eorum
1188 1698 1314 1760 cuilibet

567 1791 699 1868 gratiose
718 1792 900 1854 remittendi
917 1801 947 1853 et
962 1793 1168 1866 condonandi,
1187 1808 1221 1852 ac
1242 1805 1313 1852 cum

566 1885 626 1946 illis
641 1885 694 1962 qui
709 1885 813 1947 clerici
827 1901 882 1946 seu
896 1885 989 1946 etiam
1004 1885 1178 1964 presbyteri
1196 1884 1314 1945 luerint

566 1994 659 2056 super
680 1978 910 2055 irregularitate
932 1994 987 2057 per
1001 1995 1067 2054 eos,
1085 1979 1155 2056 quia
1174 1977 1315 2040 censuris

567 2071 743 2134 huiusmodi
765 2079 889 2151 propter
910 2073 1019 2134 eudem
1033 2073 1198 2149 praemissa
1224 2073 1314 2132 inno-

567 2165 627 2226 dati
643 2165 749 2227 missas
760 2181 814 2227 seu
827 2165 883 2226 alia
895 2165 999 2228 divina
1011 2165 1108 2228 cilicia
1120 2165 1196 2244 (non
1210 2174 1313 2226 tanuen

567 2258 599 2319 in
621 2265 837 2338 courtemptum
857 2258 1007 2338 clavium)
1027 2258 1236 2334 celebrarunt,
1259 2275 1313 2320 seu

567 2351 639 2412 alias
655 2351 686 2412 in
699 2352 763 2414 suis
778 2351 939 2414 ordinibus
956 2353 1186 2428 ministrarunt,
1203 2353 1315 2431 quovis

567 2443 658 2506 modo
680 2446 847 2520 contracti,
868 2449 904 2508 ad
924 2463 1154 2524 quemcumque
1169 2447 1313 2508 ellectum

567 2538 600 2600 in
621 2547 755 2615 utraque
776 2540 890 2616 pariter
905 2539 970 2601 loro
986 2540 1197 2618 dispensanli3
1222 2541 1315 2619 ipsos-

567 2645 628 2710 quo
644 2639 796 2694 eteorum
810 2633 979 2712 quemlibet
995 2636 1030 2697 ad
1047 2633 1171 2708 lamam,
1190 2634 1312 2711 gradus,

567 2724 750 2800 dignitates,
780 2741 902 2788 necnon
924 2726 1072 2790 beneticia
1095 2735 1125 2789 et
1148 2728 1244 2789 cilicia
1267 2747 1313 2791 ec·

566 2817 734 2882 closiastica
755 2835 986 2898 quaecumque,
1010 2823 1191 2900 ceteroquin
1209 2829 1312 2884 tamen

567 2913 713 2976 canonice
734 2929 789 2990 per
803 2930 854 2975 cos
873 2914 1011 2990 obtenta,
1033 2925 1086 2977 aut
1107 2916 1178 2977 alias
1198 2917 1230 2978 in
1252 2917 1314 2996 pri-

566 3007 684 3069 stinum
706 3014 836 3081 etcum,
853 3007 885 3068 in
902 3024 963 3085 quo
978 3016 1066 3070 antea
1081 3009 1315 3086 quomodolibet

568 3107 673 3174 erant,
686 3109 812 3175 statum,
825 3109 857 3162 et
868 3101 1014 3163 adversus
1029 3103 1136 3164 eadem
1150 3103 1314 3180 praemissa

567 3193 797 3268 rcbabilitandi,
813 3194 1010 3269 restituendi,
1024 3195 1195 3274 reponendi
1209 3205 1241 3258 et
1252 3197 1314 3275 ple·

568 3287 654 3349 narie
678 3287 905 3364 reintegrandi,
929 3304 1158 3367 quamcumque
1179 3305 1315 3352 necessa-

567 3381 645 3443 riam
666 3386 697 3441 et
719 3389 926 3460 opportunam
941 3381 1117 3444 facultatem
1133 3384 1315 3446 arroteritate

1367 761 1580 840 impertimur:
1596 777 1718 823 necnon
1730 759 1936 823 absolutiones
1948 765 1979 821 et
1993 757 2114 836 dispen-

1366 855 1514 928 sationes,
1537 873 1613 934 quas
1635 856 1671 917 ab
1693 855 1809 916 eodem.
1822 855 1912 914 Petro
1935 853 2040 914 lacobo
2062 853 2115 913 Pa-

1367 949 1497 1010 triarobai
1529 948 1683 1013 ordinarii
1703 951 1758 1010 sui
1786 947 1984 1022 auctoritate,
2015 962 2069 1010 seu
2099 965 2114 1006 a

1366 1041 1484 1103 dilectis
1496 1057 1618 1120 quoque
1634 1041 1706 1102 filiis
1721 1041 1922 1103 missionariis
1933 1040 2115 1103 earumdem

1367 1137 1501 1214 partium
1513 1136 1570 1197 sub
1581 1136 1712 1198 obtentu
1728 1135 1908 1198 facultatum
1921 1135 2114 1212 generalium

1366 1228 1423 1290 sibi
1455 1229 1493 1290 ab
1524 1229 1631 1290 eadem
1663 1229 1742 1292 Sede
1771 1229 1992 1291 attributorum
2023 1244 2116 1306 super

1367 1322 1550 1401 praemissis,
1564 1323 1711 1386 hactenus
1723 1337 1756 1384 ac
1768 1323 1865 1385 donec
1879 1321 1997 1384 similes
2012 1322 2116 1384 literas

1367 1415 1466 1477 eidem
1488 1415 1578 1477 Petro
1601 1417 1706 1478 lacobo
1721 1416 1914 1478 Patriarcbae
1929 1415 2113 1489 reddideris,

1367 1507 1492 1570 concedi
1512 1508 1614 1570 lorsan
1636 1509 1817 1586 contigerit,
1835 1508 2016 1571 auctoritate
2030 1524 2116 1587 prae·

1367 1602 1446 1663 dicti
1473 1602 1585 1662 barum
1610 1603 1690 1664 serie
1717 1618 1860 1664 sanamus
1888 1609 1919 1664 et
1943 1601 2114 1664 convalida-

1368 1711 1449 1768 mus,
1465 1711 1498 1756 ac
1519 1696 1688 1756 necessaria
1704 1695 1923 1758 iurisdictionis
1939 1704 1969 1758 et
1984 1703 2115 1776 potesta·

1368 1789 1418 1862 tis,
1434 1788 1581 1866 aliosque,
1598 1791 1624 1850 si
1645 1789 1699 1868 qui
1721 1790 1852 1870 desuper
1871 1791 2112 1866 intervenerint,

1367 1881 1505 1943 deiectus
1527 1883 1715 1960 supplemus.
1746 1885 1789 1946 lta
1816 1891 1932 1960 tamen,
1956 1891 1991 1946 ut
2016 1885 2114 1947 dictus

1367 1975 1476 2038 Petrus
1502 1977 1626 2038 lacobus
1657 1977 1829 2040 Patriarcba
1857 1979 1890 2040 in
1918 1985 2114 2056 posteruma

1368 2069 1521 2132 similibus
1548 2069 1718 2144 abstineat,
1746 2071 1882 2150 ipsisque
1914 2073 2115 2134 missionariis

1367 2163 1536 2225 denuncies
1558 2169 1588 2225 ot
1610 2163 1759 2239 inllibeaS,
1787 2182 1828 2227 ne
1853 2165 1996 2244 deinceps
2014 2182 2030 2226 a
2050 2181 2113 2228 mo-

1368 2258 1494 2320 moratis
1520 2257 1659 2320 censuris
1680 2265 1711 2319 et
1738 2260 1860 2338 poenis,
1890 2267 1998 2339 utpote
2026 2261 2114 2322 nobis

1368 2360 1398 2414 et
1421 2353 1490 2415 Sodi
1511 2353 1680 2430 praedictae
1706 2353 1895 2432 specialiter,
1922 2354 2001 2415 sicut
2027 2369 2113 2432 prae-

1367 2446 1478 2520 lortur,
1494 2446 1669 2520 reservatis,
1685 2447 1854 2522 absolvere,
1870 2464 1925 2509 seu
1940 2464 2012 2510 cum
2026 2449 2114 2510 dictis

1367 2541 1618 2604 christifidelibus
1633 2543 1666 2603 in
1682 2541 1855 2620 praemissis
1871 2542 2045 2621 dispensare
2061 2559 2114 2604 au·

1367 2636 1460 2698 deant
1491 2635 1543 2698 vel
1578 2642 1786 2714 praesumant.
1820 2634 1889 2697 Non
1921 2636 2114 2698 obstantibus

1368 2731 1542 2809 praedictis,
1559 2747 1592 2792 ac
1607 2729 1777 2808 apostolicis
1792 2736 1822 2790 et
1838 2729 1869 2790 in
1885 2729 2113 2791 universalibus

1368 2823 1669 2903 provincialibusque
1697 2831 1728 2884 et
1756 2822 1954 2902 synodalibus
1976 2823 2113 2886 conciliis

1368 2918 1458 2980 editis
1479 2917 1676 2994 generalibus
1697 2915 1747 2978 vel
1764 2916 1946 2996 specialibus
1964 2918 2113 2978 constitu-

1370 3011 1515 3086 tionibus,
1533 3018 1563 3073 et
1577 3009 1835 3084 ordinationibus,
1852 3009 2024 3088 ceterisque
2042 3027 2114 3072 con·

1369 3106 1470 3168 trariis
1491 3105 1750 3186 quibuscumque.
1820 3149 1822 3155 ,

1408 3201 1519 3261 [lartum
1541 3199 1655 3260 Romae
1676 3199 1756 3276 apud
1778 3197 1944 3260 Silariam
1966 3198 2112 3260 Maiorem

1368 3293 1424 3354 sub
1439 3291 1555 3353 annulo
1571 3291 1691 3366 Piscat,
1705 3291 1754 3352 die
1766 3305 1823 3350 xri.
1838 3291 1942 3352 martii
1955 3307 2109 3352 unocurt.

1368 3385 1567 3449 Pontificatus
1589 3384 1686 3445 nostri
1708 3400 1789 3445 anno
1811 3399 1878 3447 xxi.
