4836 6998
123 531 181 588 An.
194 533 225 587 O.
246 527 314 586 ttae

346 663 476 742 gistros,
505 656 634 726 servatis
662 659 839 738 servandis,
870 659 1040 726 instituerit
1063 666 1093 722 et

345 759 509 832 creaverit,
540 757 676 820 lauream
697 757 884 830 doctoratus,
907 757 1030 835 praevio
1053 757 1094 818 ri·

347 867 457 928 goroso
480 851 623 912 examine
650 865 753 912 coram
782 849 884 928 priore
911 841 1094 927 provinciali

348 943 519 1024 praedictae
540 943 715 1022 provinciae
738 942 877 1005 lluminis
899 943 1044 1017 Ianuarii,
1065 948 1095 1002 et

349 1043 481 1112 quatuor
502 1035 534 1097 in
552 1034 659 1097 eadem
674 1035 757 1096 sacrat
772 1035 924 1112 theologia
940 1035 1096 1112 magistris

349 1128 416 1188 sive
437 1129 628 1204 regentibus,
651 1128 841 1206 illorumque
865 1127 1095 1206 approbatione,

262 1287 264 1291 .
349 1221 479 1282 servatis
500 1222 680 1300 ceteroquin
706 1213 938 1284 conditionibus
963 1237 1017 1299 per
1038 1229 1099 1282 sta-

351 1323 417 1377 tuta
446 1331 502 1376 seu
531 1315 772 1378 constitutiones
802 1315 924 1380 Ordinis
954 1315 1098 1393 praedicti

352 1407 563 1486 praescriptio,
586 1409 623 1468 ab
645 1408 775 1487 ipsomet
797 1407 980 1487 provinciali
1004 1408 1098 1470 susci-

353 1517 426 1578 pere
450 1501 545 1561 libere
567 1509 598 1564 et
620 1501 703 1564 licite
716 1504 835 1580 possint
851 1511 881 1564 et
895 1501 1030 1574 valeant,
1047 1515 1100 1562 att-

353 1594 494 1655 otoritate
523 1594 703 1672 apostolica,
734 1603 841 1656 tenore
869 1594 1099 1672 praesentium,

354 1685 552 1748 concedimus
580 1687 694 1765 pariter
720 1697 751 1749 et
777 1687 994 1764 indulgemus:
1018 1685 1102 1746 salva

355 1786 459 1840 tamen
493 1793 616 1856 semper
648 1781 679 1842 in
712 1780 889 1858 praemissis
921 1779 1102 1844 anctoritate

355 1873 612 1949 congregationis
634 1873 817 1936 eorumdem
841 1871 1061 1938 cardinalium.

396 1969 415 2044 ἓ
436 1967 465 2029 [ι.
489 1967 708 2044 DecernenteS,
727 1970 850 2031 easdem
865 1975 1039 2047 praesentes
1054 1965 1102 2027 lit·

357 2053 436 2124 teras'
462 2077 589 2140 semper
616 2061 739 2136 firmas,
768 2061 882 2123 validas
911 2070 941 2123 et
967 2059 1104 2122 efficaces

358 2155 490 2217 existere
512 2162 542 2215 et
563 2153 647 2228 lore,
674 2170 809 2232 suosque
832 2154 985 2232 plenarios
1006 2161 1037 2216 et
1058 2155 1104 2214 in·

358 2257 462 2324 tegros
483 2247 609 2310 allectus
630 2247 736 2309 sortiri
758 2255 788 2310 et
809 2247 964 2323 obtinere,
983 2265 1017 2308 ac
1032 2246 1103 2322 illis,

359 2341 394 2402 ad
423 2357 499 2420 qnos
527 2348 643 2418 spectat
665 2348 696 2402 et
717 2357 772 2418 pro
801 2346 941 2417 tempore
969 2342 1107 2420 quaudo-

359 2449 494 2512 cumqne
515 2434 725 2514 spectabitur
750 2434 897 2497 omnibus
917 2443 948 2496 et
963 2451 1018 2513 per
1042 2447 1106 2494 om·

360 2527 411 2588 nia
431 2527 612 2606 plenissime
632 2529 803 2605 suliragari,
819 2535 850 2590 et
865 2529 903 2590 ab
924 2529 968 2590 eis
991 2542 1106 2606 respec-

363 2619 425 2680 tive
440 2601 663 2680 inviolabiliter
678 2621 848 2696 observari,
860 2623 964 2699 sicque
979 2621 1011 2682 in
1022 2635 1108 2698 prae·

361 2711 461 2772 missis
481 2727 537 2788 per
558 2727 771 2790 quoscumque
798 2713 915 2775 indices
937 2713 1108 2775 ordinarios

363 2813 393 2863 et
414 2803 581 2880 delegatos,
604 2805 697 2866 etiam
720 2823 881 2868 causarum
908 2807 1012 2887 palatii
1040 2822 1108 2884 apo-

362 2895 462 2956 stolici
493 2897 663 2972 auditoreS,
701 2899 828 2962 iudicari
856 2907 886 2960 et
908 2899 1031 2962 deliniri
1059 2900 1109 2960 de·

363 2987 447 3062 bere,
470 3004 503 3050 ac
530 2989 657 3052 irritum
679 2999 710 3054 et
736 2992 842 3068 inane,
865 2993 890 3054 si
910 3010 999 3055 secus
1018 3007 1111 3069 super

166 1967 308 2016 Clausulae.

365 3080 412 3141 his
426 3097 441 3142 a
457 3097 624 3160 quoquam,
647 3085 755 3162 quavis
769 3088 961 3162 auctoritate,
979 3087 1111 3148 scienter

365 3173 415 3234 vel
436 3175 628 3252 ignoranter,
649 3179 813 3256 contigerit
834 3179 989 3240 attentari.

153 3280 346 3344 cantariorum
405 3269 424 3344 ᾗ
452 3269 481 3328 5.
513 3268 581 3331 Non
613 3271 807 3333 obstantibus
838 3270 1112 3334 constitutionibus

129 3337 274 3392 ¹¹¹⁰¹¹¹¹¹⁰'
367 3369 397 3422 ot
419 3363 665 3426 ordinationibus
679 3365 861 3443 apostolicis,
879 3380 1003 3428 necnon
1026 3379 1112 3442 prae-

367 3455 522 3518 dictorum
543 3455 665 3518 Ordinis
687 3465 717 3517 et
739 3457 927 3536 provinciae,
951 3461 1044 3521 etiam
1066 3459 1114 3521 itt·

366 3556 521 3624 ramento,
534 3549 770 3612 confirmatione
784 3552 958 3630 apostolica,
976 3552 1026 3614 vel
1040 3567 1113 3630 qua·

367 3641 414 3702 vis
439 3642 585 3704 llrmitate
607 3643 662 3704 alia
673 3643 834 3720 roboratis,
851 3645 973 3707 statutis
994 3654 1025 3706 et
1043 3660 1114 3706 oon·

366 3734 594 3811 suetudiuibns,
623 3736 795 3814 privilegiis
822 3755 957 3817 quoque,
987 3739 1116 3801 indultis

368 3835 399 3889 et
421 3828 532 3890 litteris
557 3829 741 3908 apostolicis,
765 3831 796 3891 in
819 3832 1009 3894 contrarium
1032 3848 1116 3911 prae·

368 3921 536 3984 missorum
560 3923 788 4000 quomodolibet
813 3925 979 4001 concessis,
1007 3927 1116 3988 coufir-

369 4015 459 4075 matis
472 4023 502 4077 et
514 4015 678 4094 innovatis
692 4017 802 4096 quibus
814 4019 958 4081 omnibus
969 4027 1000 4080 et
1009 4019 1117 4096 singu-

370 4107 418 4182 lis,
435 4107 561 4170 illorum
584 4119 707 4172 tenores
728 4113 939 4189 praesentibus
956 4129 1012 4192 pro
1028 4113 1118 4192 plene

371 4209 401 4261 et
411 4201 602 4264 sufficienter
613 4203 774 4281 expressis,
787 4223 820 4266 ao
830 4207 866 4268 ad
878 4207 1010 4269 verbum
1021 4207 1118 4268 inser-

372 4294 410 4356 tis
432 4295 589 4371 babentes,
613 4297 674 4358 illis
694 4298 766 4373 alias
787 4299 820 4359 in
841 4315 898 4361 sno
919 4300 1030 4362 robore
1051 4315 1119 4379 per·

372 4388 542 4464 tnansuris,
564 4391 600 4452 ad
622 4392 863 4468 praemissorum
884 4393 1040 4469 ellectum,
1064 4393 1120 4456 hac

373 4481 440 4544 vice
459 4485 628 4558 dumtaxat,
644 4484 816 4562 specialiter
830 4494 861 4547 ot
876 4501 1018 4564 expresse
1032 4487 1119 4549 doro-

374 4577 1117 4658 gamus3ceterisquecontrariisquibuscumque.

414 4671 527 4732 Datum
540 4671 667 4746 Romae,
680 4671 757 4749 apud
775 4671 805 4734 S.
820 4673 947 4734 blariam
962 4673 1119 4749 Maiorem,

374 4763 432 4826 sub
452 4762 570 4825 annulo
591 4764 761 4839 Phameris,
778 4765 828 4826 die
843 4780 936 4827 xxtrt.
950 4765 1122 4829 decembris

377 4873 574 4933 uncexxm,
597 4859 793 4936 pontificatus
814 4861 913 4920 nostri
934 4876 1017 4922 anno
1032 4877 1079 4922 ιιι.

712 5143 793 5207 XIV.

381 5327 508 5390 Statuit
530 5336 568 5390 ut
590 5325 748 5391 Rtttheot's
765 5327 806 5392 od
820 5329 892 5408 fidoi
905 5329 1066 5391 unitatem
1078 5343 1126 5387 rc-

418 5421 616 5484 oerteatt'htts
640 5421 720 5488 botta
735 5441 796 5486 sua
821 5424 945 5504 integre
967 5437 1126 5484 t'csereett·

420 5522 478 5578 latr
498 5515 553 5592 (l).

420 5718 450 5772 (ll
465 5714 503 5762 ιιι
516 5719 579 5773 Reg.
595 5717 622 5762 ln
636 5717 711 5762 Aroh.
727 5721 799 5763 Brev.
815 5718 956 5764 clementis
970 5721 1009 5762 xl.
1021 5717 1124 5764 constit.

380 5783 440 5828 edit.
457 5795 572 5840 moretm,
587 5784 628 5829 die
643 5797 679 5829 ιιι.
696 5785 796 5842 tttartii,
810 5785 899 5842 pontis.
911 5797 955 5840 tv,
969 5786 1125 5831 conllrmata

381 5853 407 5895 et
425 5855 552 5911 ampliata
573 5855 646 5899 luere
666 5854 805 5911 privilegiet
827 5854 1019 5910 neophytorum
1040 5853 1126 5910 quoad

381 5925 550 5982 temporatim
565 5927 591 5968 et
605 5922 738 5968 Benedicti
747 5925 810 5966 xllt.
822 5925 902 5966 coust,
914 5920 952 5966 etl.
964 5931 1126 5979 mncexxvtt,

968 539 1180 590 landebertus
1201 535 1270 586 xtlt.

1818 507 1876 578 363
1928 512 1980 568 An.
1995 511 2025 566 O.
2047 505 2116 564 trae

1319 697 1569 771 tuuueetttttts
1587 697 1647 768 ΡΡ.
1664 697 1736 768 ΧΙΙΙ.

1292 842 1327 910 al
1357 841 1487 909 loturam
1509 841 1552 908 rei
1575 840 1756 908 memoriam.

1193 1034 1311 1098 AEterni
1334 1033 1476 1106 Pastoris,
1499 1033 1552 1111 qui
1573 1031 1750 1093 misericors
1764 1036 1796 1090 et
1810 1029 1899 1090 mise·
1919 1035 2133 1138 craiiiiiliiui

1154 1136 1237 1192 rator
1259 1127 1374 1201 existit,
1398 1142 1456 1188 neo
1477 1126 1547 1188 vult
1566 1132 1699 1186 mortem
1721 1122 1898 1202 peccatoris,
1919 1143 2087 1204 xpostottcae.

1153 1223 1206 1284 sed
1228 1229 1263 1284 ut
1285 1220 1381 1296 magis
1409 1225 1611 1281 convertatur
1631 1225 1662 1279 et
1687 1217 1782 1291 vivat,
1806 1217 1900 1288 vices,

1154 1315 1226 1377 licet
1242 1311 1403 1385 immeriti,
1418 1313 1449 1372 in
1466 1311 1556 1372 terris
1572 1317 1726 1387 gerentes,
1744 1309 1781 1369 iis
1796 1308 1900 1381 etiam,

1156 1408 1208 1486 qui
1230 1426 1246 1468 a
1267 1408 1327 1469 tide
1348 1404 1463 1467 Christi
1485 1403 1649 1482 aliquando
1669 1403 1825 1476 aberrant,
1840 1401 1904 1479 pie·

1159 1501 1227 1564 tatis
1248 1509 1278 1562 et
1307 1497 1535 1560 misericordiae
1562 1497 1684 1558 ianuam
1714 1509 1902 1567 reseramus,

1127 1550 1131 1670 i
1157 1611 1191 1656 ao
1212 1609 1335 1673 poenas,
1359 1609 1432 1670 quas
1453 1590 1530 1651 iuris
1550 1589 1699 1652 severitas
1720 1589 1752 1650 itt
1774 1604 1825 1650 eos
1846 1594 1904 1648 sta·

1129 1673 1131 1705 ¹
1159 1688 1230 1760 tuit,
1253 1685 1443 1764 hpostolioae
1465 1683 1552 1746 Sedis
1579 1681 1744 1744 clementia
1766 1681 1906 1742 modera-

1160 1796 1243 1855 mur,
1266 1786 1301 1841 ut
1322 1777 1459 1839 eiusdem
1477 1775 1564 1840 Sedis
1586 1774 1777 1852 benignitate
1792 1772 1904 1846 allecti,

1159 1873 1223 1938 suis
1244 1871 1390 1934 abiuratis
1405 1871 1574 1945 erroribus,
1591 1871 1626 1932 ad
1642 1867 1757 1931 Christi
1780 1865 1861 1928 ovile
1875 1873 1906 1926 et

1160 1982 1268 2044 pascua
1289 1965 1394 2026 salutis
1415 1966 1614 2026 reducantur.

1201 2060 1220 2133 ὅ
1243 2060 1268 2120 l.
1294 2060 1371 2122 Cum
1393 2059 1508 2136 itaque,
1530 2057 1610 2120 siout
1635 2056 1826 2118 venerabiles
1849 2055 1908 2116 lra—
1970 2067 2038 2110 ueto
2057 2063 2139 2120 priva-

1163 2161 1224 2214 tres
1240 2152 1465 2230 llrchiepiscopi
1482 2159 1512 2212 ot
1528 2151 1668 2229 Episcopi
1684 2149 1905 2212 liuthericum
1926 2118 2140 2217 iiiliiili‘iil

1163 2247 1193 2308 S.
1204 2247 1240 2308 lt.
1252 2246 1286 2308 Ε.
1311 2245 1391 2307 uniti
1407 2245 1495 2306 nobis
1510 2260 1611 2322 nuper
1625 2243 1738 2322 exponi
1754 2241 1906 2318 iecerunt,
1926 2225 2141 2325 ξῗξξξᾞρῖἢῖξ

1163 2341 1219 2420 ipsi
1242 2339 1286 2400 nil
1307 2339 1382 2400 adeo
1403 2337 1563 2399 Ruthenos
1593 2338 1812 2409 schismaticos,
1835 2353 1910 2416 quo·
1927 2336 2007 2380 tatem
2020 2331 2139 2378 redirent.

1163 2434 1269 2495 minus
1290 2434 1323 2494 ad
1346 2448 1437 2493 verae
1458 2439 1489 2492 et
1507 2431 1693 2494 orthodoxae
1715 2432 1788 2494 tidei
1809 2431 1909 2493 uuita-

1164 2535 1228 2590 tem
1250 2533 1461 2601 revertantur,
1478 2525 1619 2588 detinere
1639 2543 1673 2587 ac
1693 2526 1806 2588 morari
1829 2541 1910 2587 com-

1164 2621 1315 2701 pererint,
1332 2633 1426 2697 quam
1441 2625 1562 2680 metum
1579 2619 1760 2698 privationis
1775 2625 1805 2681 et
1821 2619 1911 2680 amis-

1165 2715 1258 2776 sionis
1274 2715 1427 2775 bonorum
1442 2729 1570 2774 suorum
1587 2713 1818 2791 temporalium,
1834 2729 1913 2792 quae

1165 2808 1201 2868 ad
1231 2807 1389 2885 gremium
1417 2806 1448 2869 S.
1473 2805 1507 2867 ll.
1533 2807 1567 2867 Ε.
1598 2807 1845 2883 revertentibus,
1874 2823 1913 2867 ex

1167 2902 1255 2964 causa
1283 2901 1454 2964 schismatis
1485 2901 1518 2961 in
1540 2917 1601 2978 quo
1631 2899 1746 2978 delapsi
1777 2899 1911 2973 inerant,

1167 2995 1327 3058 multoties
1349 2995 1440 3056 etiam
1456 2994 1591 3073 pervim
1613 2993 1726 3056 auferri
1745 3007 1915 3055 consueve-

1169 3096 1255 3164 runt,
1278 3096 1319 3163 et,
1342 3088 1368 3148 si
1388 3087 1564 3149 istiusmodi
1586 3102 1696 3166 poena,
1712 3087 1838 3164 quaein
1854 3085 1914 3148 illis

1167 3183 1305 3262 partibus
1335 3182 1483 3256 invaluit,
1506 3197 1523 3242 e
1548 3181 1650 3242 medio
1677 3180 1858 3252 tolleretur,
1881 3195 1915 3240 ao

1169 3276 1247 3338 bona
1273 3274 1453 3354 temporalia
1475 3276 1511 3337 ad
1533 3274 1604 3335 hdei
1630 3273 1794 3335 catholicae
1815 3271 1916 3334 unita-

1170 3376 1234 3430 tem
1262 3368 1464 3432 redeuntibus
1486 3373 1741 3442 reservarentur,
1772 3364 1917 3427 loturum

1170 3467 1296 3540 sperent
1317 3467 1352 3523 ut
1373 3461 1510 3522 Rutheni
1525 3459 1710 3522 schismatici
1730 3458 1849 3522 facilius
1871 3457 1918 3519 ln-

1171 3555 1356 3633 bentinsque
1382 3554 1513 3616 schisma
1545 3555 1673 3632 eiusque
1702 3569 1824 3615 errores
1845 3552 1917 3613 abii·

1171 3648 1268 3710 ciant:
1294 3647 1381 3710 nobis
1401 3654 1562 3726 propterea
1579 3647 1739 3710 humiliter
1753 3645 1918 3726 supplicari

1171 3742 1312 3805 feceruut
1333 3751 1368 3804 ut
1390 3741 1422 3802 iu
1451 3741 1625 3819 praemissis
1652 3749 1827 3819 opportune
1848 3755 1919 3818 pro-

1173 3837 1278 3898 videre
1299 3834 1336 3896 de
1365 3835 1558 3911 benignitate
1585 3835 1748 3914 apostolica
1777 3834 1918 3911 dignare-

1173 3946 1255 3992 mur.
1279 3927 1352 4004 Nos,
1369 3927 1545 3990 animarum
1559 3928 1662 4004 saluti,
1679 3936 1832 4007 quantum
1846 3943 1919 3989 cum
1977 3947 2037 4010 roeo
2058 3949 2151 4012 evucurt

1173 4023 1305 4084 Domino
1333 4037 1514 4100 possumus,
1547 4022 1709 4084 consulere
1740 4021 1918 4100 cupientes,
1938 4005 1968 4049 ¹¹¹
1984 4012 2011 4046 ¹¹¹
2027 4004 2137 4052 ¹¹¹¹¹¹¹·

1174 4117 1374 4195 ipsorumque
1389 4115 1696 4194 hrohiepiscoporum
1712 4123 1743 4177 et
1758 4115 1920 4194 Episcopo-

1175 4225 1247 4271 rum
1269 4209 1349 4270 votis
1369 4209 1424 4271 hac
1446 4209 1479 4270 in
1501 4225 1536 4270 re
1556 4209 1765 4271 favorabiliter
1779 4223 1921 4271 annuere

1176 4301 1334 4377 volentes,
1364 4302 1553 4380 illorumque
1582 4303 1756 4379 singulares
1777 4317 1922 4380 personas

1176 4413 1192 4456 a
1214 4396 1374 4475 quibusvis
1389 4397 1730 4472 excommunicationis,
1750 4395 1924 4474 suspensio-

1177 4490 1225 4552 nis
1246 4497 1277 4552 et
1298 4489 1465 4566 interdicti,
1478 4490 1607 4568 aliisque
1629 4489 1840 4554 ecclesiasticis
1854 4506 1923 4551 sen-

1178 4584 1295 4658 tentiis,
1318 4584 1459 4645 censuris
1481 4589 1512 4645 et
1534 4585 1652 4662 poenis,
1675 4601 1691 4644 a
1717 4583 1785 4646 inre
1810 4581 1860 4644 vel
1888 4583 1925 4644 ab

1178 4675 1322 4751 homine,
1344 4677 1452 4756 quavis
1484 4677 1641 4740 occasione
1661 4677 1712 4740 vel
1733 4678 1822 4740 causa
1843 4676 1924 4750 latis,

1178 4771 1201 4830 si
1218 4769 1329 4848 quibus
1343 4769 1576 4848 quomodolibet
1591 4771 1753 4834 innodatae
1768 4769 1924 4842 existunt,

1179 4862 1215 4924 atl
1236 4863 1381 4926 ellectum
1408 4865 1620 4942 praesentium
1641 4866 1800 4928 dumtaxat
1821 4878 1927 4925 conse-

1179 4958 1350 5036 quendum,
1364 4957 1475 5019 harum
1496 4959 1576 5020 serie
1590 4957 1783 5020 absolventes
1798 4965 1828 5018 et
1843 4955 1927 5017 abso·

1179 5051 1259 5112 lutas
1287 5051 1354 5114 lore
1380 5058 1554 5127 censentes,
1580 5050 1757 5114 huiusmodi
1779 5049 1929 5129 snpplica-

1181 5143 1318 5206 tionibns
1338 5143 1490 5220 inclinati,
1513 5144 1593 5224 quod
1619 5145 1763 5224 deinceps
1784 5143 1927 5206 omnibus

1181 5244 1212 5300 et
1232 5236 1364 5314 singulis
1385 5238 1537 5300 Rutheuis
1560 5239 1724 5316 utriusque
1744 5253 1847 5312 sexuS,
1865 5243 1927 5298 tam

1181 5329 1265 5392 laicis
1286 5347 1378 5409 quam
1407 5331 1545 5405 clericiS,
1568 5331 1774 5392 saecularibus
1796 5337 1826 5391 et
1852 5344 1929 5407 quo-

1183 5424 1302 5484 rumvis
1314 5423 1465 5487 Ordinem
1475 5431 1506 5485 et
1522 5424 1706 5486 militiarum
1720 5421 1927 5499 regularibus,

1183 5520 1405 5596 cuiuscumque
1416 5515 1784 5594 status,gradus,ordinis
1795 5516 1844 5578 vel
1856 5531 1929 5577 con-

1179 5717 1222 5762 die
1236 5729 1290 5763 xxv.
1307 5717 1590 5774 februarii,p011tts.11.,
1605 5717 1779 5762 confirmatur
1793 5714 1929 5760 decretum

1180 5787 1212 5830 de
1226 5785 1347 5831 hebraeis
1361 5785 1556 5832 declarantibus
1570 5783 1690 5831 animum
1702 5783 1860 5842 suscipiendi
1871 5782 1930 5844 bap·

1181 5855 1267 5900 timna.
