4880 6982
896 613 901 616 ·
975 586 1185 632 innocertrttts
1206 585 1277 630 Xlll.

356 705 596 784 Transylvaniae
611 705 754 786 principi,
777 707 906 784 eiusque
920 703 1102 771 haeredibus

355 807 386 864 et
412 800 639 862 successoribus
666 801 695 864 in
724 803 833 864 eoclem
861 801 1116 880 Transylvaniae-

356 894 540 970 principatu,
564 893 611 956 ius
633 903 823 970 patronatus,
840 903 871 956 et
885 897 1101 973 praesentandi

356 985 448 1046 etiam
471 1003 486 1046 a
509 990 664 1062 primaeva
687 995 777 1062 tunc,
802 995 835 1048 ut
857 988 1100 1066 praeferebatur,

355 1079 430 1140 lacta
452 1079 604 1142 electione
632 1079 710 1141 inira
741 1089 862 1159 tempus
883 1083 919 1144 ad
941 1082 970 1142 id
996 1099 1011 1142 a
1033 1082 1102 1144 iure

355 1172 540 1250 praefixum,
562 1173 663 1234 eidem
686 1174 841 1238 Clementi
863 1175 1101 1252 praedecessori,

355 1270 386 1326 et
407 1265 546 1326 Romano
566 1265 707 1327 Pontifici
731 1281 785 1343 pro
801 1274 941 1344 tempore
955 1267 1101 1328 existenti

357 1373 518 1435 personam
542 1357 682 1420 idoneam
698 1360 733 1420 ad
749 1361 861 1422 dictam
878 1360 1042 1422 Ecclesiam
1058 1359 1103 1420 io·

356 1451 561 1526 garasiensem
584 1453 617 1512 in
640 1451 722 1513 illius
737 1453 925 1530 Episcopum
946 1454 1046 1529 graeci
1061 1453 1102 1514 ri-

357 1551 406 1604 tus
428 1543 585 1620 praedicti,
608 1551 637 1605 et
659 1552 812 1622 pastorem
835 1545 1103 1623 adpraeservatio·

357 1651 427 1698 nem
448 1637 635 1710 buiirsmodi,
652 1643 682 1698 et
699 1653 762 1698 non
779 1637 850 1698 alias
865 1637 1102 1716 praeficiendam

356 1731 526 1791 reservavit
547 1738 578 1792 et
599 1730 762 1804 concessit,
793 1748 826 1793 ac
848 1732 895 1794 ius
923 1739 1102 1809 patronatus

356 1829 386 1882 et
413 1823 626 1900 praesentandi
658 1824 834 1886 huiusmodi
864 1825 966 1886 eidem
995 1823 1103 1886 Carolo

356 1915 570 1992 llispaniarum
593 1923 623 1977 et
644 1916 855 1980 Romanorum
877 1917 965 1993 Regi,
988 1917 1021 1978 in
1043 1917 1102 1978 lm-

356 2016 530 2086 peratorem
561 2008 678 2081 electo,
702 2009 848 2085 illiusque
869 2009 1051 2072 baeredibus
1072 2015 1103 2070 et

355 2101 580 2162 successoribus
602 2101 781 2177 praedictis,
804 2108 838 2162 ut
861 2097 1103 2180 Transylvaniae

356 2193 546 2272 principibus
567 2209 604 2254 eu
633 2194 728 2256 meris
757 2191 941 2256 larudatione
968 2202 998 2256 et
1019 2195 1103 2256 dota·

356 2287 442 2348 tione
463 2295 656 2364 competere,
680 2287 787 2364 illique
809 2304 863 2366 per
890 2287 1001 2350 Sedem
1023 2290 1102 2365 Apo·

355 2379 494 2440 stolicam
517 2379 608 2441 etiam
629 2380 886 2442 consistorialiter
906 2393 1101 2458 quacumque

355 2471 476 2532 ratione
498 2471 546 2532 vel
568 2489 656 2533 cansa
678 2473 818 2548 derogari
840 2489 904 2534 uon
926 2489 1024 2550 posse,
1045 2489 1102 2533 nec

355 2563 536 2640 derogatum
556 2565 689 2638 censeri,
712 2565 771 2626 nisi
794 2565 918 2642 praelati
935 2564 1035 2628 Caroli
1050 2565 1101 2626 lli-

354 2657 533 2734 spaniarum
548 2664 579 2718 et
601 2657 813 2720 Romanorum
835 2657 937 2734 Regis,
956 2658 988 2718 iu
1004 2658 1101 2736 lmpe-

355 2757 488 2811 retorem
511 2751 618 2824 electi,
642 2751 725 2812 etin
754 2751 835 2812 dicto
862 2750 1101 2828 Transylvaniae

355 2844 529 2921 principatu
550 2859 679 2906 suorum
706 2844 875 2906 haeredum
897 2851 928 2906 ot
949 2859 1101 2904 successo-

355 2951 427 2998 rum
448 2935 656 3014 praeiatorum
672 2937 706 2998 ad
722 2935 751 2996 id
768 2952 930 3014 expressus
945 2936 1100 2998 accederet

355 3042 507 3102 assensus,
520 3035 550 3088 et
571 3028 596 3088 si
619 3027 708 3089 aliter
729 3029 841 3105 quovis
863 3029 954 3090 modo
975 3031 1101 3106 deroga·

355 3127 460 3193 retur,
489 3119 705 3196 derogationes
737 3119 915 3182 huiusmodi
937 3135 1008 3182 cum
1030 3120 1102 3182 inde

354 3213 493 3290 sequutis
515 3211 632 3274 nullius
653 3212 783 3287 roboris,
806 3213 955 3274 efficaciae
976 3220 1008 3274 et
1036 3228 1102 3274 mo·

355 3307 454 3370 urenti
475 3307 595 3368 luturas
615 3305 693 3380 iore,
707 3306 812 3385 sicque
828 3312 858 3367 et
879 3321 940 3366 uon
960 3305 1032 3366 alias
1048 3321 1102 3382 per

355 3415 568 3478 quoscumque
593 3399 709 3460 iudices
737 3398 908 3459 ordinarios
930 3405 961 3459 et
982 3397 1102 3474 delega-

356 3497 414 3566 tos,
437 3493 529 3553 etiam
550 3507 712 3554 causarum
727 3489 830 3569 palatii
846 3489 1003 3568 apostolici
1017 3491 1101 3552 audi·

355 3590 449 3660 tures,
461 3601 495 3646 ac
509 3584 647 3646 eiusdem
670 3583 744 3646 ER.
754 3584 789 3645 E.
807 3583 995 3659 cardinales,
1008 3583 1101 3644 etiam

355 3677 393 3738 de
413 3677 507 3740 latere
522 3677 663 3753 negatos,
686 3677 753 3738 vice
774 3677 919 3752 Legatos,
943 3677 1102 3755 dictaeque

356 3771 442 3834 Sedis
457 3769 650 3850 Apostolicae
660 3768 808 3844 Nuncios,
824 3769 938 3830 aliosve
949 3768 1102 3848 quoslibet

355 3865 444 3926 aliter
476 3863 630 3925 iudicandi
652 3870 683 3924 et
704 3861 874 3925 definiendi
903 3861 1045 3924 lacultate
1071 3870 1102 3924 et

355 3957 548 4032 auctoritate,
571 3954 699 4018 iudicari
721 3963 752 4018 et
773 3956 896 4016 definiri
918 3954 1049 4030 debere,
1071 3964 1102 4016 et

355 4050 505 4130 quidquid
525 4065 613 4112 secus
633 4065 728 4128 super
748 4049 795 4110 bis
814 4063 1013 4126 aquoquam,
1030 4065 1103 4125 qua·

356 4146 403 4206 vis
433 4143 630 4218 auctoritate,
660 4143 794 4204 solenter
822 4142 872 4204 vel
904 4143 1100 4218 ignoranter,

356 4237 536 4314 contigisset
567 4236 730 4310 attentari,
753 4235 877 4298 irritum
906 4235 1043 4298 decrevit
1072 4243 1103 4296 et

355 4332 460 4406 inane,
483 4329 760 4392 nonobstantibus
788 4328 1001 4390 Lateraneusis
1024 4328 1104 4390 Gon-

356 4423 418 4488 cilii
439 4423 608 4485 novissime
639 4421 800 4496 celebrati,
823 4421 1022 4484 ecclesiarum
1043 4421 1103 4482 dis-

355 4516 598 4578 membrationes
613 4515 681 4577 lieri
697 4515 901 4594 prohibentis,
917 4530 950 4576 ao
965 4513 1103 4576 eiusdem

357 4608 527 4672 Clementis
558 4605 817 4686 praedecessoris,
840 4615 870 4670 et
898 4605 1102 4669 Cancellariae

356 4700 548 4780 apostolicae
579 4699 696 4776 regulis
717 4701 755 4762 de
782 4715 845 4760 nun
878 4697 1014 4762 tollendo
1035 4699 1104 4758 iure

357 4793 507 4872 quaesito,
530 4800 562 4854 et
582 4801 736 4872 quatenus
757 4809 834 4872 opus
855 4799 933 4854 esset
955 4793 993 4855 de
1014 4791 1104 4853 unio-

357 4888 449 4950 nibus
470 4886 703 4950 committendis
724 4885 760 4947 ad
782 4894 894 4964 partes,
911 4900 968 4946 uec
987 4901 1051 4946 non
1066 4885 1104 4946 de

357 4980 560 5060 exprimendo
591 4997 665 5042 vero
686 4995 790 5042 annuo
818 4979 941 5054 valore,
974 4978 1104 5056 aliisque

357 5073 631 5136 constitutionibus
659 5080 691 5134 et
719 5071 963 5135 ordinationibus
985 5078 1102 5148 aposto·

357 5167 436 5242 licis,
458 5167 570 5248 quibus
592 5165 737 5228 omnibus
763 5172 795 5227 et
815 5163 959 5240 siugulis,
983 5163 1104 5226 etiamsi

358 5261 397 5323 de
417 5260 478 5322 illis
507 5275 677 5338 eorumque
706 5258 777 5320 totis
806 5257 967 5322 tenoribus
987 5256 1105 5336 ,specia-

357 5352 406 5430 lis,
428 5353 586 5433 specifica,
618 5367 759 5431 expressa
781 5357 812 5412 et
835 5347 1012 5424 individua,
1040 5363 1103 5409 non

358 5455 464 5510 autem
492 5463 547 5527 per
572 5445 722 5509 clausulas
755 5444 915 5522 generales
943 5441 1025 5503 idem
1047 5442 1104 5502 im-

357 5549 527 5620 portantes,
543 5541 662 5604 mentio
675 5553 731 5624 seu
743 5539 869 5617 quaevis
880 5537 937 5598 alia
950 5535 1104 5615 expressio

358 5635 500 5706 habitura
511 5635 591 5698 ioret
602 5637 638 5700 de
651 5632 761 5695 litteris
774 5631 890 5694 tenoris
902 5631 1026 5693 illarum
1038 5627 1103 5692 Ele·

358 5729 474 5792 meutis
494 5725 745 5806 praedecessoris,
756 5725 783 5787 si
797 5725 929 5806 desuper
949 5721 1105 5786 coniectae

358 5820 502 5894 luissent,
515 5835 570 5898 pro
586 5819 738 5898 expressis
750 5819 877 5894 babens,
891 5817 957 5896 ¹illis
979 5818 1052 5879 alias
1070 5819 1103 5880 iu

358 5927 414 5974 suo
428 5911 540 5974 robore
561 5911 784 5994 permansuris,
800 5929 834 5974 ea
856 5911 924 5974 vice
946 5913 1105 5976 dumtaxat

1157 706 1330 786 specialiter
1355 713 1387 767 et
1415 721 1559 784 expresse
1582 705 1752 782 derogavit,
1778 705 1904 767 ceteris-

1158 818 1218 880 que
1233 802 1395 864 contrariis
1409 802 1668 880 quibuscumque.
1683 800 1790 862 Voluit
1801 808 1906 863 autern

1157 895 1240 957 idem
1263 895 1407 958 Clemens
1428 894 1652 972 praedecessor,
1675 896 1757 973 quod
1780 903 1855 957 tunc
1873 900 1906 954 et

1157 989 1402 1066 quamprimum,
1424 989 1487 1049 erni
1512 988 1638 1049 deberet
1660 989 1770 1050 domus
1791 987 1906 1066 episco-

1159 1081 1243 1158 palis,
1266 1097 1322 1159 pro
1343 1097 1402 1159 qua
1418 1087 1550 1158 quatuor
1564 1079 1698 1142 millium
1714 1081 1905 1142 florenorum

1157 1189 1279 1235 summa
1299 1174 1361 1235 iam
1383 1183 1451 1236 tum
1473 1173 1625 1250 assignata
1646 1173 1869 1252 reperiebatur.

1196 1267 1266 1340 §E
1288 1267 1386 1342 Quod,
1403 1267 1474 1344 quia
1496 1266 1581 1328 iuxta
1603 1267 1702 1343 graeci
1724 1267 1803 1329 ritus
1824 1268 1906 1330 ordi·

1158 1360 1298 1422 nationes
1329 1360 1362 1420 in
1391 1359 1499 1422 eadem
1531 1359 1666 1422 Ecclesia
1694 1359 1904 1436 Eogarasiensi

1158 1453 1303 1515 constitui
1325 1452 1457 1516 debeant
1478 1453 1622 1516 monachi
1638 1461 1668 1516 et
1682 1452 1864 1528 sacerdotes,
1880 1453 1904 1514 si

1158 1544 1237 1608 torte
1258 1553 1333 1609 tunc
1353 1563 1416 1609 non
1439 1549 1580 1610 adessent
1601 1547 1702 1623 graeci
1719 1547 1798 1609 ritus
1820 1561 1905 1626 prae-

1158 1638 1222 1714 lati,
1245 1640 1298 1718 qui
1320 1639 1385 1702 loco
1407 1639 1510 1702 iurent
1531 1639 1753 1702 canonicorum
1775 1647 1806 1702 et
1826 1639 1906 1718 capi-

1160 1732 1228 1807 tuli,
1251 1749 1284 1794 ao
1306 1733 1432 1812 insuper
1454 1734 1533 1812 quod
1560 1733 1767 1812 promovendi
1787 1731 1824 1793 ad
1844 1732 1906 1795 dio-

1160 1832 1221 1886 tam
1243 1825 1401 1888 ecclesiam
1423 1827 1684 1902 Eogarasiensem,
1708 1840 1815 1888 eorum
1838 1831 1907 1886 tan-

1160 1917 1303 1996 tum,qui
1319 1917 1434 1994 graecis
1456 1919 1565 1982 ritibus
1584 1917 1694 1980 addicti
1717 1923 1817 1992 eram,
1834 1917 1905 1994 Epi·
1936 1962 1939 1972 .

1157 2011 1240 2088 scopi
1267 2011 1370 2072 vocari
1391 2017 1422 2072 et
1442 2027 1509 2072 esse
1538 2011 1704 2084 deberent,
1727 2027 1761 2072 ac
1782 2010 1814 2071 in
1837 2008 1906 2070 illos

1158 2109 1280 2164 tantum
1306 2103 1550 2166 iurisdictionem
1577 2119 1726 2166 exercere
1743 2103 1904 2177 valerent,

1157 2194 1341 2269 declaravit,
1363 2213 1397 2257 ac
1417 2211 1491 2257 cum
1511 2197 1568 2257 boc
1593 2202 1716 2268 tamen,
1739 2195 1821 2273 quod
1842 2211 1905 2257 ser·

1158 2296 1308 2350 vacentur
1330 2289 1449 2350 decreta
1470 2289 1574 2350 omnia
1597 2288 1853 2366 congregationis
1867 2289 1906 2351 de

1158 2379 1352 2458 Propaganda
1367 2381 1441 2443 Fide
1456 2383 1555 2460 quoad
1575 2381 1704 2444 Graecos
1719 2381 1773 2459 qui
1788 2381 1905 2443 Latinis

1157 2473 1292 2536 immisti
1314 2475 1427 2536 vivunt
1448 2474 1567 2553 saepius
1589 2481 1740 2548 emanata,
1760 2489 1815 2553 per
1835 2489 1905 2534 suas

1157 2575 1262 2630 autem
1291 2568 1425 2642 litteras,
1447 2568 1473 2628 si
1495 2569 1627 2646 desuper
1648 2567 1803 2630 coniectae
1830 2565 1904 2628 luis·

1157 2668 1236 2736 sent,
1254 2659 1459 2722 iurisdictioni
1473 2660 1660 2722 venerabilis
1674 2659 1778 2722 iratris
1794 2659 1903 2734 nostri,

1157 2759 1232 2815 tunc
1253 2754 1312 2827 sui,
1334 2753 1459 2830 Georgii
1480 2754 1626 2816 Martonsi
1653 2753 1795 2831 Episcopi
1816 2752 1906 2814 latini

1158 2847 1432 2924 Transylvanensis
1460 2847 1589 2924 eiusque
1619 2861 1849 2918 successorum,
1871 2861 1905 2906 ac

1157 2940 1229 3000 alias
1240 2940 1324 3000 iuxta
1339 2939 1500 3001 decretum
1512 2939 1770 3016 dongragattouts
1781 2954 1904 2999 eorum·

1157 3031 1227 3092 dem
1250 3031 1410 3096 fructuum
1432 3032 1524 3094 rebus
1539 3031 1799 3094 consistorialibus
1820 3046 1906 3108 prae-

1158 3125 1330 3204 positorum
1350 3124 1482 3201 desuper
1503 3131 1682 3186 emanatum
1697 3122 1907 3202 praeiudicare

1159 3233 1221 3280 nou
1243 3218 1387 3281 intendit.
1412 3219 1473 3280 llae
1495 3225 1601 3281 autem
1621 3217 1658 3279 de
1679 3217 1843 3291 divisione,
1859 3231 1905 3277 se·

1158 3312 1326 3390 paratione,
1350 3311 1544 3386 eximitione,
1569 3311 1760 3384 liberatione,
1776 3309 1905 3371 erectio·

1158 3421 1209 3478 ne,
1233 3405 1443 3480 institutione,
1459 3404 1669 3479 concessione,
1686 3403 1904 3480 assignatione,

1157 3497 1371 3575 applicatione,
1404 3497 1668 3576 appropriatione,
1701 3497 1904 3570 subiectione,

1158 3589 1378 3664 reservatione,
1401 3590 1610 3664 concessione,
1637 3590 1772 3663 decreto,
1794 3587 1907 3650 volun-

1158 3690 1236 3757 tate,
1270 3682 1486 3758 derogatione,
1519 3682 1744 3756 declaratione,
1776 3680 1907 3758 aliisque

1158 3775 1330 3854 praemissis
1347 3774 1515 3838 Clementis
1531 3775 1771 3854 praedecessoris
1784 3775 1907 3835 litterae

1158 3869 1224 3930 eius
1234 3868 1476 3946 superveniente
1490 3868 1577 3930 obitu
1591 3867 1748 3930 conlectae
1761 3883 1826 3929 non
1841 3867 1908 3928 iue-

1158 3969 1243 4037 runt,
1259 3961 1399 4036 valeant;
1415 3960 1646 4040 quomodolibet
1661 3960 1803 4022 baesitari
1814 3959 1906 4022 volu·
1942 3999 1947 4006 =

1158 4070 1239 4128 mus,
1256 4061 1286 4116 et
1308 4054 1470 4132 apostolica
1494 4053 1676 4116 auctoritate
1696 4053 1906 4126 decernimus,
1942 4063 1946 4070 ·

1158 4148 1239 4226 quod
1260 4146 1381 4219 divisio,
1403 4145 1565 4224 separatio,
1588 4145 1740 4220 eximitio,
1753 4144 1905 4219 liberatio,

1159 4239 1284 4314 erectio,
1298 4238 1465 4312 institutio,
1481 4238 1646 4312 concessio,
1662 4236 1840 4314 assignatio,
1856 4252 1908 4314 ap

1158 4332 1293 4410 plicatio,
1309 4330 1526 4409 appropriatio,
1543 4331 1705 4408 subiectio,
1725 4330 1904 4402 reservatio,

1158 4425 1324 4498 concessio,
1353 4425 1531 4498 decretum,
1554 4423 1713 4497 voluutas,
1737 4421 1906 4498 derogatio,

1160 4517 1305 4592 intentio,
1329 4516 1449 4594 aliaque
1469 4517 1633 4594 praemissa
1649 4533 1664 4579 a
1680 4517 1730 4578 die
1744 4533 1792 4577 nr.
1810 4529 1907 4578 nonas

1158 4609 1905 4684 februariisuumdebitumsortianturellectum,

1159 4704 1230 4765 acsi
1245 4703 1413 4782 superlitis
1428 4703 1523 4780 ipsius
1545 4703 1717 4766 Clementis
1731 4701 1909 4780 praedeces-

1159 4797 1236 4858 soris
1263 4797 1385 4858 litterae
1405 4795 1463 4856 sub
1489 4797 1558 4858 dato
1585 4796 1725 4858 eiusdem
1753 4795 1814 4857 diei
1835 4810 1907 4856 con·

1160 4889 1255 4951 lectae
1270 4888 1412 4963 luissent,
1429 4896 1522 4968 prout
1535 4888 1678 4968 superius
1693 4894 1854 4949 enarratur
1870 4888 1906 4949 ad

1161 4982 1344 5060 probandam
1377 4981 1471 5058 plene
1501 4981 1710 5055 divisionem,
1745 4979 1908 5058 separatio-

1159 5091 1245 5150 nem,
1266 5075 1501 5150 eximitionem,
1523 5075 1753 5149 liberationem,
1778 5071 1908 5135 erectio-

1160 5184 1244 5243 nem,
1257 5167 1498 5242 institutionem,
1513 5167 1757 5241 concessionem,
1771 5166 1908 5242 assigua-

1160 5261 1298 5336 tionem,
1331 5261 1578 5340 applicationem,
1610 5259 1904 5339 appropriationem,

1160 5353 1403 5429 subiectionem,
1439 5353 1702 5426 reservationem,
1738 5351 1907 5414 concessio-

1160 5461 1246 5520 nem,
1259 5446 1431 5521 decretum,
1441 5446 1649 5519 voluntatem,
1659 5443 1907 5520 derogationem,

1159 5537 1413 5614 declarationem,
1442 5539 1669 5610 intentionem,
1692 5545 1723 5600 et
1744 5536 1801 5598 alia
1821 5551 1909 5614 prae-

1161 5633 1250 5692 missa
1277 5631 1393 5710 ubique
1413 5631 1583 5706 sufficiant,
1612 5647 1670 5693 nec
1690 5631 1727 5696 ad
1748 5629 1780 5692 id
1800 5629 1907 5707 proba-

1161 5723 1252 5787 tionis
1274 5725 1412 5786 veterius
1431 5723 1656 5788 adminiculum
1678 5723 1865 5800 requiratur.

1199 5820 1218 5894 §
1238 5817 1267 5882 3.
1287 5817 1374 5882 Nulli
1389 5835 1463 5896 ergo
1477 5818 1644 5880 bominum
1658 5815 1746 5878 liceat
1760 5815 1839 5877 hanc
1853 5831 1903 5895 pa-

1160 5911 1265 5988 ginam
1287 5918 1468 5974 nostrorum
1489 5909 1604 5973 decreti
1626 5916 1657 5972 et
1674 5907 1844 5972 voluntatis
1859 5909 1907 5974 iu·

1826 565 1885 631 tit
1937 567 1990 625 nn.
2005 573 2034 625 o.
2056 573 2123 624 1721
