4878 6982
116 553 180 615 An.
194 559 226 612 c.
249 559 318 613 1708
1013 583 1154 630 canuass
1176 583 1219 630 nr.
1811 571 1869 636 25¹
1923 568 1976 622 nn.
1991 569 2021 622 ⁰·
2043 567 2111 620 1⁷⁰⁸

346 701 443 780 quieti
464 707 496 763 et
517 702 734 780 tranquillitati
761 702 888 780 provide
914 702 1092 768 consultum

345 803 392 858 est
413 795 450 857 de
470 795 574 874 aliquo
601 797 637 860 ad
658 797 877 859 amoenitatem
903 797 981 860 lacto
1013 799 1090 872 loco,

347 886 399 948 ubi
421 887 617 951 vacationum
640 895 779 966 tempore
794 889 845 950 vel
865 890 987 952 statutis
1008 890 1092 952 horis

346 979 525 1044 intermisso
536 980 637 1044 studio
651 981 799 1044 honestae
810 983 1007 1044 recreationis
1022 999 1091 1046 cau-

345 1073 376 1136 si
397 1073 609 1136 conveniunt:

386 1165 456 1240 52.
479 1165 556 1228 ilinc
577 1173 739 1246 propterea
768 1166 977 1244 Congregatio
998 1184 1092 1230 vene-

1147 705 1317 783 praedictae
1329 707 1419 770 Urbis
1434 707 1575 788 positam,
1588 707 1667 772 airis
1680 707 1890 782 saluberrimi,

1147 814 1219 860 cum
1240 799 1350 876 palatio
1371 807 1402 862 et
1429 799 1496 862 aliis
1524 801 1737 864 mansionibus
1757 799 1795 862 de
1823 815 1892 878 per-

1148 890 1289 953 tinentiis
1317 893 1496 955 monasterii
1528 893 1666 955 abbatiae
1697 899 1893 970 nuncupatae

1147 981 1178 1046 S.
1202 984 1361 1048 Laurentii
1383 993 1469 1049 extra
1491 1003 1597 1050 muros
1618 986 1790 1066 praedictae
1801 985 1892 1048 Urbis

1147 1077 1177 1140 S.
1202 1077 1370 1152 Augustini
1391 1079 1613 1144 canonicorum
1629 1077 1821 1155 regularium
1837 1093 1892 1139 seu

1147 1170 1273 1232 alterius
1295 1170 1433 1245 Ordinis,
1456 1171 1544 1234 cuius
1565 1172 1630 1250 ipse
1657 1172 1765 1234 Petrus
1788 1169 1892 1238 (lardi-

1148 1263 1225 1324 nalis
1246 1261 1335 1324 abbas
1356 1279 1411 1326 seu
1426 1271 1594 1342 perpetuus
1612 1262 1892 1327 commendatarius

1147 1371 1186 1416 ex
1206 1356 1388 1418 commenda
1413 1357 1450 1420 ad
1477 1357 1526 1419 sui
1557 1357 1653 1419 vitam
1675 1357 1713 1419 de
1737 1355 1892 1433 praedicto

104 1167 328 1268 aedilhild

103 1272 329 1338 soongrepaqo
347 1259 493 1322 rabilium
513 1259 646 1322 fratrum
668 1265 848 1324 nostrorum
870 1259 901 1322 S.
912 1261 948 1322 lt.
960 1261 995 1322 li.
1019 1261 1093 1324 ilar·

103 1333 328 1427 fifflffluiffi’uvss
346 1351 497 1415 dinalium
519 1352 652 1428 negotiis
673 1350 887 1430 Propagandac
901 1353 986 1416 Fidei
1007 1369 1094 1434 prae·

103 1441 178 1530 ἓξὲξ
199 1445 237 1533 0¹3
248 1433 328 1534 atrism-
346 1445 529 1524 positorum,
542 1459 621 1522 quae
631 1445 807 1521 cogitareet
822 1460 913 1522 agere
928 1461 1091 1526 nunquam

102 1539 193 1640 {iau}
207 1540 328 1588 sunsvs-
345 1537 460 1600 desinit
479 1553 513 1598 ea
534 1553 612 1616 quae
634 1537 891 1616 primodictorum
918 1538 1040 1615 collegii
1061 1547 1092 1601 et

345 1629 546 1694 alumnorum
567 1631 648 1693 bono
662 1630 823 1709 profutura
844 1633 1012 1708 cognoscit,
1027 1647 1093 1694 em-

345 1725 444 1804 ptioni
459 1724 587 1788 alicuius
605 1724 715 1786 similis
730 1725 799 1800 loci,
815 1741 871 1788 seu
886 1726 1007 1800 vineae,
1023 1741 1093 1805 pro-

345 1825 425 1896 poet
440 1825 526 1881 entra
541 1819 664 1882 moenia
679 1819 780 1894 Urbis,
793 1819 845 1882 ubi
861 1819 991 1882 iuvenes
1007 1834 1092 1898 prae·

345 1914 418 1976 dicti
438 1912 578 1976 sanitatis
592 1912 642 1974 vel
657 1913 875 1976 oblectamenti
892 1912 980 1976 causi
995 1927 1091 1990 quan-

346 2009 447 2085 doque
468 2005 601 2068 recreari
622 2011 653 2068 et
674 2005 758 2068 vires
779 2007 916 2084 recipere
937 2005 1090 2082 valerent,

345 2099 486 2178 pluribus
507 2099 545 2161 ab
566 2097 638 2160 hinc
658 2099 749 2161 anuis
775 2098 911 2161 studiose
936 2099 1090 2174 incubuit,

345 2199 376 2254 et
397 2207 454 2253 nos
485 2198 641 2269 postremo
662 2192 698 2254 ad
719 2191 804 2256 hunc
836 2191 981 2254 ellectum
1007 2199 1091 2256 scuta

344 2290 477 2362 quatuor
488 2283 586 2346 millia
597 2289 741 2346 monetae
752 2299 898 2347 romanae
909 2283 1090 2358 obtulimus,

345 2385 380 2439 ut
395 2377 458 2455 ipsa
471 2377 677 2453 congregatio
693 2383 737 2438 tot
752 2377 895 2454 expensis
907 2377 1091 2440 missionum

344 2475 541 2550 praegravata
557 2469 594 2530 ab
608 2469 788 2532 huiusmodi
808 2469 1006 2532 incommodo
1021 2467 1092 2531 sub

344 2561 511 2624 levaretur.
536 2561 594 2626 Sed
607 2577 641 2624 re
655 2561 694 2624 ob
708 2569 886 2624 enascentes
908 2563 1020 2642 passim
1035 2561 1091 2626 dil·

345 2656 496 2718 licultates
517 2655 678 2733 hucusque
698 2654 850 2734 protracti
871 2654 957 2734 (uam
976 2655 1028 2717 ubi
1044 2655 1090 2718 in-

344 2756 438 2812 venta
469 2755 516 2811 est
546 2747 760 2826 opportunitas
792 2745 849 2808 loci
872 2753 902 2809 et
926 2747 1088 2810 salubritas

344 2841 434 2915 aeris,
455 2840 553 2904 deluit
574 2839 719 2902 voluntas
740 2837 941 2902 dominorum
953 2839 1091 2918 proprias

344 2933 451 2996 vineas
471 2933 606 2996 alienare
627 2933 843 3005 renuentium,
861 2941 892 2994 et
913 2932 966 2994 ubi
988 2946 1089 3010 prom-

343 3031 395 3104 pta
416 3033 481 3088 erat
504 3025 632 3099 occasio,
660 3023 845 3086 deficiebant
872 3024 1034 3102 qualitates
1054 3026 1089 3087 ad

344 3118 549 3196 indigentiam
581 3116 776 3196 exoptatae),
805 3117 936 3180 dilectus
963 3117 1090 3180 tandem

343 3213 426 3274 lilius
448 3218 553 3274 noster
574 3211 683 3272 Petrus
699 3210 729 3273 S.
748 3210 907 3274 Laurentii
928 3211 961 3272 in
983 3211 1091 3272 Dama-

343 3323 377 3368 so
392 3305 573 3383 nuneupati,
591 3303 622 3368 S.
639 3303 675 3366 li.
692 3303 727 3365 E.
751 3303 898 3365 diaconus
920 3303 1090 3365 cardinalis

343 3398 514 3463 ottobonus
535 3404 745 3474 nuncupatus,
771 3395 910 3459 eiusdem
937 3395 967 3458 S.
992 3395 1027 3458 ii.
1052 3395 1087 3456 li.

344 3489 621 3564 vicecancellarius,
645 3497 737 3566 atque
758 3504 839 3550 unus
861 3504 900 3548 er
922 3488 1089 3552 Cardinali-

343 3585 401 3647 bus
422 3582 575 3662 praelatae
607 3579 881 3656 Congregalionis‚
910 3579 984 3642 adeo
1006 3581 1090 3643 utilis

344 3683 376 3738 et
395 3675 537 3738 salutaris
548 3672 776 3736 deliberationis
796 3672 943 3734 ellectum
957 3673 1090 3738 ulterius

344 3768 462 3830 diiierri
490 3782 553 3829 non
583 3767 720 3844 patiens,
743 3766 842 3828 menti
863 3782 896 3828 ac
921 3765 1089 3827 intentioni

312 3879 315 3886 ·
344 3867 468 3924 nostrae
482 3867 513 3920 et
527 3859 625 3922 dictae
638 3858 894 3934 congregationis
909 3857 1087 3932 adhaerens,

345 3969 466 4016 necnon
488 3952 555 4014 zelo
577 3951 802 4029 propagationis
815 3957 937 4012 sanctae
957 3951 1043 4014 Fidei
1059 3957 1090 4012 et

344 4045 570 4108 conservandae
582 4043 678 4104 bonae
690 4042 877 4105 valetudinis
888 4043 1087 4105 alumnorum

342 4139 379 4200 ad
400 4153 517 4200 munus
532 4135 746 4214 apostolicum,
763 4135 869 4198 divini
883 4134 1007 4197 lavente
1022 4149 1089 4211 gra-

343 4231 396 4306 tiai,
419 4235 600 4292 vocatorum
614 4227 737 4302 ductus,
751 4227 875 4290 vineam
897 4228 930 4290 in
946 4227 1089 4292 contradi

342 4322 455 4385 Parioli
482 4322 516 4383 in
544 4321 745 4384 eminentiori
776 4321 839 4384 situ
870 4328 1089 4382 extramuros

342 4525 476 4578 cessionis,
490 4534 569 4582 qaam
584 4523 684 4568 salvam
703 4533 760 4568 esse
778 4523 844 4576 vult,
859 4525 964 4568 tantum
978 4524 1005 4568 in
1020 4523 1087 4569 lavo

342 4592 471 4637 rabilibus
482 4603 528 4646 pro
539 4589 754 4646 congregatione,
764 4593 790 4633 et
799 4589 910 4646 collegio
922 4590 1086 4646 primodicto,

342 4659 369 4702 et
384 4658 460 4702 firma
475 4658 628 4702 remanente
642 4655 751 4712 antiqua
771 4659 831 4701 taxa
846 4655 1001 4701 monasterii
1015 4667 1087 4714 prae·

342 4724 413 4778 dicti,
427 4723 490 4780 quia
504 4723 537 4768 ati
552 4723 626 4768 iilam
647 4721 846 4768 substinentiam
867 4722 964 4780 reliqui
984 4722 1086 4767 inmotus

342 4791 483 4844 sufficiunt,
497 4793 524 4834 et
544 4799 604 4836 curn
625 4788 730 4834 decreto
751 4788 833 4833 solius
855 4789 1018 4844 signaturae,
1040 4799 1086 4833 seu

342 4858 422 4903 etiam
444 4855 617 4912 expeditionis
637 4855 778 4899 literarum
800 4866 846 4910 per
864 4855 934 4900 viam
950 4858 1086 4909 secretam,

341 4925 388 4969 aut
402 4924 433 4968 de
454 4923 537 4976 curia,
551 4923 578 4966 et
592 4921 660 4978 quod
681 4919 857 4976 transumptis
878 4931 959 4966 manu
980 4919 1086 4974 datarii,

341 5002 388 5037 seu
402 4989 549 5047 prodatarii
569 4985 734 5044 subscriptis,
749 4987 813 5032 tides
828 4986 965 5032 habeatur.
981 4991 1008 5030 A.
1025 4986 1087 5032 Sub·

340 5057 469 5104 statarius.

380 5123 533 5180 Registrata
546 5121 615 5184 libro
630 5119 730 5166 decimo
743 5123 834 5165 octavo
846 5121 1010 5164 secretorum
1024 5117 1087 5162 solio

340 5189 543 5248 quadragesimo
563 5191 661 5233 octavo.
677 5192 704 5231 Α.
724 5187 755 5232 de
770 5185 926 5230 laurentiis.
943 5188 968 5228 ll.
985 5187 1084 5230 Partus.

341 5257 430 5304 Gratis
443 5256 571 5314 vigesima
584 5257 679 5312 quarta
700 5252 856 5310 septembris
874 5251 1087 5298 Mamnrilianus-

341 5323 495 5379 Ualenghus.

380 5394 455 5433 Anno
468 5387 659 5433 incarnationis
673 5385 822 5432 borninicae
838 5385 980 5430 millesimo
992 5385 1087 5442 septin-

340 5454 488 5512 gentesimo
508 5463 589 5508 nono,
609 5453 651 5498 die
672 5463 734 5498 vero
754 5451 909 5497 duodecima
929 5451 1086 5508 septembris

341 5521 576 5574 eminentissimus,
597 5523 623 5564 et
645 5519 880 5564 reverendissimus
901 5519 1023 5564 dominus
1045 5521 1087 5564 Pe·

341 5590 400 5633 trus
421 5586 567 5633 cardinalis
588 5585 729 5630 otthoboni
745 5595 879 5641 persuum
894 5585 1033 5641 epistolam
1048 5597 1087 5630 re·

341 5653 497 5710 trascriptae
511 5653 653 5698 cessationi
674 5649 814 5697 solutionis
832 5651 998 5708 retroscripti
1012 5663 1087 5697 cano-

340 5719 391 5775 nis,
405 5729 436 5764 ae
448 5719 589 5765 literarum
610 5717 769 5776 expeditioni
783 5717 915 5763 consensit
930 5721 977 5764 etc.
994 5719 1025 5762 hi.
1041 5721 1087 5764 Ga·

341 5796 403 5842 epar
416 5787 533 5831 Stassart
548 5786 696 5842 deputatus.

381 5855 436 5901 Qua
457 5851 562 5908 quidem
583 5850 692 5896 caedula
713 5851 786 5895 motu
806 5849 906 5907 proprii
921 5849 1086 5896 sanctissimi

340 5917 444 5964 Domini
464 5917 553 5965 Nostri
574 5917 703 5974 inspecta,
725 5927 849 5974 praesens
869 5915 1031 5974 transumpti
1049 5916 1087 5962 in·

1146 1448 1334 1509 monasterio
1345 1449 1445 1512 eidem
1460 1448 1552 1510 Petro
1567 1447 1721 1511 cardinali
1735 1448 1808 1510 aliis
1822 1461 1892 1526 apo·

1144 1538 1250 1600 stolici
1271 1541 1452 1602 auctoritate
1472 1541 1549 1604 lacta
1571 1541 1686 1614 existit,
1709 1545 1819 1618 sponte
1839 1539 1891 1602 ob

1148 1631 1231 1706 tulit,
1248 1639 1278 1694 et
1293 1648 1327 1694 re
1342 1632 1404 1710 ipsi
1425 1633 1548 1695 vineam
1570 1633 1755 1710 praedictam
1777 1631 1810 1694 in
1827 1646 1891 1696 ma·

1146 1725 1238 1790 nibus
1270 1725 1384 1788 nostris
1414 1735 1526 1804 sponte
1553 1731 1584 1788 et
1615 1725 1711 1788 libere
1742 1731 1891 1788 oretenus

1146 1817 1276 1892 dimisit,
1305 1833 1376 1880 cum
1403 1820 1616 1882 reservatione
1643 1825 1764 1894 muron,
1787 1815 1892 1878 lavere

1145 1909 1260 1972 abbatis
1274 1927 1328 1974 seu
1343 1910 1595 1976 commendatarii
1606 1927 1662 1990 pro
1674 1919 1815 1988 tempore
1827 1910 1891 1972 exi-

1145 2003 1256 2064 stentis
1277 2002 1350 2065 dicti
1378 2003 1569 2079 monasterii,
1592 2020 1633 2068 ne
1658 2003 1759 2067 eidem
1786 2019 1891 2066 mona·

1144 2097 1241 2157 sterio
1258 2112 1297 2158 ex
1311 2096 1490 2160 dimissione
1504 2095 1657 2175 praedicta
1678 2111 1830 2174 magnum
1846 2097 1892 2160 in-

1147 2187 1263 2250 ieratur
1284 2189 1507 2267 praeiudicium
1531 2189 1660 2252 alicuius
1681 2189 1823 2266 perpetui
1844 2205 1892 2250 oa·

1146 2282 1236 2343 nonis
1250 2297 1306 2344 scu
1320 2298 1442 2344 annuae
1457 2281 1677 2360 responsionis,
1694 2289 1725 2344 et
1739 2297 1812 2344 cum
1826 2281 1892 2344 aliis

1145 2374 1374 2438 conditionibus
1395 2374 1484 2438 nobis
1505 2374 1658 2437 benevisis
1680 2379 1711 2437 et
1732 2374 1812 2438 dioto
1827 2389 1893 2438 mo-

1146 2469 1279 2530 nasterio
1301 2467 1440 2530 utilibus.

1185 2561 1204 2636 ἓ
1225 2561 1254 2622 3.
1278 2559 1339 2622 Nos
1360 2561 1474 2640 itaque,
1497 2561 1550 2640 qui
1574 2560 1747 2640 primodicti
1769 2563 1892 2641 collegii

1145 2662 1176 2717 et
1197 2653 1399 2716 alumnorum
1421 2655 1498 2730 eius,
1521 2669 1656 2733 quorum
1679 2655 1716 2718 de
1738 2626 1927 2734 praesentiq

1145 2762 1309 2820 numerus,
1319 2745 1550 2824 comprehensis
1562 2746 1715 2824 aliquibus
1728 2747 1892 2811 iuvenibus

1146 2839 1268 2902 Svetiae
1289 2838 1391 2914 regni,
1414 2839 1451 2902 ad
1472 2839 1675 2916 quadraginta
1696 2847 1827 2917 septem,
1857 2846 1892 2902 ot

1144 2931 1328 3010 accepimus,
1351 2931 1497 3007 ascendit,
1519 2940 1634 2994 statum
1656 2947 1840 3010 prosperum
1862 2939 1892 2996 et

1145 3023 1351 3102 tranquillum
1363 3025 1493 3086 intensis
1504 3025 1891 3099 desideramusaliectibus,

1144 3116 1184 3178 ob
1204 3115 1391 3178 laboriosum
1412 3131 1508 3193 quem
1529 3117 1586 3195 ipsi
1600 3117 1634 3180 in
1655 3118 1746 3181 vinea
1767 3117 1893 3180 Domini

1144 3209 1322 3288 praestituri
1333 3217 1409 3272 sunt
1423 3208 1618 3284 lamulatum,
1631 3215 1662 3272 et
1677 3218 1804 3289 propter
1819 3210 1892 3272 ube·

1144 3317 1193 3362 res
1215 3300 1333 3364 tructus
1353 3317 1431 3379 quos
1453 3302 1485 3364 in
1506 3316 1581 3378 agro
1603 3302 1766 3364 militantis
1789 3302 1892 3366 Eccle-

1143 3393 1206 3454 siae
1225 3393 1375 3456 hactenus
1396 3395 1613 3472 produxerunt
1627 3393 1748 3457 utiliter
1768 3411 1802 3458 ac
1824 3411 1893 3474 pro·

1144 3487 1274 3560 ducunt,
1298 3493 1333 3546 ut
1354 3485 1388 3546 in
1409 3485 1554 3548 iuturum
1576 3487 1781 3564 producturos
1802 3489 1891 3550 lirma

1143 3593 1198 3656 spe
1219 3585 1374 3653 tenemus,
1387 3585 1422 3640 ut
1437 3577 1532 3640 iidem
1547 3580 1754 3657 promptiores
1769 3596 1892 3658 semper

1143 3670 1367 3748 alacrioresque
1390 3671 1426 3732 ad
1446 3687 1502 3732 sua
1517 3671 1614 3732 olllcia
1635 3672 1668 3732 in
1689 3671 1754 3735 dies
1776 3673 1892 3752 persol-

1145 3761 1244 3824 venda
1274 3763 1460 3838 reddantur,
1490 3762 1622 3839 dignum
1650 3765 1840 3828 arbitramur
1861 3773 1891 3828 et

1144 3869 1319 3931 congruum
1344 3854 1562 3918 sollicitudinis
1591 3864 1714 3918 nostrae
1735 3865 1837 3936 partes
1859 3859 1891 3920 in

1145 3945 1175 4008 id
1196 3947 1290 4009 etiam
1311 3947 1524 4026 adiioe1·e,per
1545 3951 1627 4026 quod
1647 3949 1738 4012 alicui
1763 3954 1892 4012 honesto

1144 4055 1254 4103 eorum
1275 4039 1482 4102 sublevemini
1497 4048 1529 4104 et
1542 4040 1710 4103 seruandae
1725 4057 1891 4120 corporum

1143 4135 1235 4198 saluti
1257 4134 1452 4212 consulatum
1475 4151 1509 4197 ea
1531 4136 1645 4215 quippe
1671 4143 1717 4198 est
1738 4136 1892 4200 humanae

1144 4235 1273 4290 naturae
1303 4226 1454 4303 conditio,
1478 4235 1523 4302 ut,
1547 4228 1607 4290 nisi
1633 4228 1755 4290 animus
1783 4230 1892 4292 remis·

1143 4321 1233 4384 sione
1254 4321 1386 4398 quadam
1407 4320 1544 4398 rigorem
1559 4321 1742 4384 intentionis
1756 4337 1830 4384 suae
1845 4322 1893 4384 in·

1142 4525 1321 4568 strumentum
1336 4522 1441 4578 conieci,
1457 4525 1487 4568 ut
1501 4522 1543 4568 illi
1558 4522 1622 4568 tides
1633 4523 1772 4580 habeatur,
1782 4524 1890 4582 perinde

1141 4601 1171 4634 ac
1186 4601 1233 4634 suo
1248 4589 1380 4646 originali.
1396 4591 1489 4634 Actum
1506 4591 1536 4634 ut
1551 4599 1640 4646 supra,
1655 4591 1839 4646 praesentibus
1849 4591 1891 4636 do·

1142 4655 1221 4700 minis
1237 4655 1349 4700 Antonio
1364 4654 1519 4711 aiorgietto,
1535 4657 1561 4699 et
1582 4657 1678 4700 Ioanne
1693 4655 1811 4712 Baptista
1826 4659 1891 4701 Maz-

1141 4721 1273 4766 zucchello
1288 4721 1399 4766 testibus
1414 4725 1461 4765 etc.
1477 4721 1645 4767 Praeinseria
1661 4721 1786 4767 schedula
1802 4725 1889 4768 nrotus

1141 4787 1241 4845 proprii
1256 4787 1420 4834 sanctissimi
1435 4787 1537 4834 Donrini
1553 4788 1640 4833 Nostri
1654 4788 1795 4832 Clementis
1805 4791 1890 4846 Papae

1142 4853 1275 4900 Undecimi
1296 4865 1355 4898 cunr
1377 4854 1482 4900 decreto
1499 4854 1581 4899 solius
1598 4854 1752 4910 signaturae
1767 4867 1826 4900 orum
1842 4867 1890 4902 sua

1142 4919 1331 4976 supplicatione
1346 4919 1471 4976 originali
1486 4920 1572 4964 revisa
1586 4921 1733 4966 concordat.

1195 5055 1212 5097 1.
1228 5056 1253 5098 Β.
1270 5055 1385 5098 Rroasrr
1402 5055 1522 5108 officialis
1536 5057 1689 5106 maurotus.

1248 5191 1266 5232 1.
1283 5187 1355 5232 card.
1371 5186 1549 5232 Prodatarius.

1169 5325 1234 5367 Loco
1249 5323 1269 5376 ι
1285 5319 1378 5376 Sigilli.

1452 5453 1491 5500 lia
1506 5457 1553 5500 est.
1570 5459 1596 5498 A.
1613 5458 1777 5502 Paraoccrus

1381 5523 1441 5565 Rev.
1460 5524 1586 5566 creterrae
1601 5527 1688 5574 apost.
1705 5527 1875 5570 secretarius.

1168 5658 1234 5700 Loco
1249 5655 1269 5710 i·
1285 5653 1365 5710 signi.

1469 5789 1506 5832 bn
1521 5791 1612 5836 Tuane
1628 5792 1653 5836 et
1668 5792 1834 5838 annnrrus.

1944 2559 2077 2606 concessio
2092 2558 2123 2604 de

1930 2625 1963 2661 ua
1976 2613 2002 2659 ln
2012 2607 2122 2660 rubrica.
