4848 6990
329 535 383 588 Au.
398 537 428 589 6.
450 536 518 588 1686
568 536 607 600 96

352 3118 499 3164 Exordium.

309 5489 523 5606 artrliasaa
543 5505 664 5568 corano

309 5599 394 5644 tiones
403 5607 448 5652 pro
456 5605 524 5640 nova

309 5651 436 5696 missione,

548 673 665 734 tamin
688 671 800 734 iudicio
821 687 915 750 quam
935 677 1022 732 extra
1043 669 1118 734 illud
1133 670 1293 744 habeatur,

548 781 626 842 quae
640 765 713 842 ipsis
727 763 940 842 praesentibus
955 763 1133 838 haberetur,
1148 763 1174 822 si
1193 762 1295 824 iorent

547 855 702 916 exhibitae
725 855 775 916 vel
797 862 946 918 ostensae.

587 949 697 1011 ilatum
716 948 830 1010 Romae
851 950 931 1026 apud
953 948 984 1010 S.
1001 948 1126 1012 Mariam
1148 948 1293 1010 Maiorem

546 1041 604 1102 sub
634 1040 751 1102 annulo
781 1041 952 1115 Piscatoris,
982 1041 1032 1104 die
1067 1059 1132 1102 svr-
1163 1040 1295 1102 octobris

548 1149 758 1210 uncnxnxvr,
782 1134 980 1213 pontificatus
1003 1136 1101 1196 nostri
1123 1150 1207 1196 anno
1228 1150 1273 1194 nr.

873 1419 974 1481 XXX.

550 1598 738 1679 Cora-firmat,
755 1603 854 1664 iacta
877 1604 1016 1674 modom,
1034 1602 1195 1664 decreto-at
1213 1599 1291 1662 Mire

588 1691 661 1754 Gerr.
698 1694 831 1756 Ordinis
860 1695 939 1758 Mitt.
974 1695 1004 1757 S.
1029 1693 1064 1754 F.
1090 1695 1125 1754 de
1155 1695 1296 1754 trnrtslu-

587 1787 673 1846 tioac
703 1789 738 1850 ia
772 1789 950 1868 Aegyptam
984 1787 1121 1850 alcoram
1152 1787 1294 1846 millium

586 1895 761 1942 (aureorum
782 1898 822 1942 ea
833 1883 979 1958 pecuariis
991 1881 1132 1942 collectis
1148 1895 1205 1956 pro
1226 1879 1295 1938 Ter-

586 1979 753 2045 rosoatcta,
770 1974 811 2036 od
832 1974 1016 2052 erigendam
1039 1987 1152 2033 nouom
1171 1972 1296 2034 missio-

586 2080 656 2124 nem
681 2063 874 2143 Coplttorrtm
896 2066 952 2146 (l).

547 2247 664 2316 Dilecto
686 2249 750 2316 lilio
763 2249 930 2317 francisco
944 2251 1058 2318 Mariae
1075 2251 1109 2317 de
1128 2250 1228 2317 Salem
1242 2247 1296 2314 Or-

587 2341 662 2408 dinis
678 2342 806 2410 iralrum
819 2345 962 2411 Minorum
976 2343 1008 2410 S·
1025 2344 1182 2411 Francisci
1196 2342 1294 2409 Siriu-

585 2435 908 2612 {iourriia(?)bservanliae
926 2443 1160 2520 nunoupaiurun
1177 2436 1296 2513 proies·

728 2659 980 2730 innocentius
998 2661 1058 2729 ΡΡ.
1077 2663 1121 2729 itt.

819 2809 935 2877 dilecte
962 2810 1020 2890 iili,

578 2901 760 2970 salutemet
784 2905 981 2987 apostolicam
1008 2904 1259 2972 benedictionem.

584 3091 757 3169 Religionis
779 3092 876 3168 zeluS,
892 3094 976 3155 vitae
996 3111 1029 3156 ac
1051 3110 1176 3156 morum
1198 3096 1294 3156 lione·

544 3191 617 3258 stas,
639 3184 760 3264 aliaque
783 3185 946 3248 laudabilia
962 3187 1122 3264 probitatis
1142 3195 1174 3248 ct
1195 3186 1293 3248 virtu-

546 3281 614 3338 tum
637 3279 763 3351 merita,
787 3293 882 3354 super
910 3278 1021 3356 quibus
1050 3280 1129 3357 apud
1155 3293 1212 3340 nos
1234 3277 1293 3340 fide

545 3369 640 3444 digno
661 3369 887 3431 commendaris
913 3371 1101 3446 testimonio,
1125 3387 1180 3432 nos
1202 3369 1292 3434 indu-

545 3467 630 3536 cunt,
654 3469 688 3522 ut
710 3468 741 3523 te
761 3461 942 3540 specialibus
964 3463 1119 3526 lareribus
1134 3471 1165 3526 et
1187 3463 1293 3541 gratiis

545 3568 780 3631 prosequamur.

339 3669 526 3734 consolatus
585 3647 603 3721 S
627 3645 653 3706 i.
679 3646 800 3724 Exponi
821 3647 974 3725 siquidem
997 3649 1084 3710 nobis
1099 3665 1200 3728 nuper
1223 3649 1292 3712 ieci·

313 3723 515 3769 ⁰⁰⁰⁵¹'‘¹¹²¹⁰¹¹¹⁵·
544 3738 595 3812 sti,
608 3739 690 3817 quod
706 3739 836 3802 dilectus
852 3740 934 3802 tilius
950 3741 1059 3804 Petrus
1070 3741 1206 3804 Marinus
1222 3743 1293 3806 Sor·

544 3847 654 3894 manus
675 3831 819 3894 minister
840 3833 995 3909 generalis
1016 3833 1139 3898 Ordinis
1159 3833 1292 3896 fratrum

543 3925 700 3986 Minorum
723 3924 754 3988 S.
771 3926 923 3988 Francisci
938 3927 976 3989 de
997 3926 1196 3990 observantia
1211 3943 1291 3990 nun-

543 4023 726 4094 cupatorum
747 4017 814 4092 tibi,
837 4018 902 4098 qui,
926 4027 960 4082 ut
981 4020 1100 4094 asseris,
1125 4019 1219 4082 irater
1239 4038 1291 4082 ex-

542 4125 647 4187 presse
668 4110 821 4189 prolessus
843 4111 1020 4190 provinciae
1035 4112 1129 4174 Vallis
1143 4114 1291 4176 Mazariae

544 4202 712 4265 strictioris
732 4203 951 4267 observantiae
973 4204 1046 4268 dicti
1060 4205 1193 4282 Ordinis,
1210 4223 1244 4268 ac
1258 4208 1291 4270 in

1072 553 1137 598 llllt.
1161 551 1252 597 POMT.
1276 549 1317 596 bit
1338 550 1366 595 Ρ·
1391 549 1420 596 F·
1445 550 1527 598 PARS
1549 551 1570 595 l.

1349 667 1493 729 minister
1514 666 1667 744 generalis
1688 674 1720 728 et
1740 654 1860 743 servus,
1884 669 1995 732 dilecto
2010 670 2098 732 nobis

1350 760 1381 822 in
1409 760 1532 824 Christo
1564 760 1641 838 patri
1670 759 1708 822 ir.
1732 761 1894 823 Francisoo
1922 763 2033 824 Mariae
2061 765 2098 826 de

1350 853 1452 918 Salem
1468 853 1637 916 strictioris
1652 853 1870 916 observantiae
1889 855 2098 918 concionatori

1350 947 1528 1026 provinciae
1541 953 1664 1008 nostrae
1679 946 1774 1010 Vallis
1796 948 1945 1010 Menariae
1959 949 2097 1025 alumno,

1349 1057 1382 1104 ac
1404 1042 1436 1104 in
1458 1033 1555 1118 regno
1570 1041 1701 1118 aegypti
1723 1041 1919 1102 missionario
1933 1043 2098 1122 apostolica

1348 1135 1482 1196 salutern
1503 1134 1534 1194 in
1557 1135 1688 1196 Domino
1712 1134 1936 1213 sempiternam
1957 1143 2016 1198 etc.

1391 1227 2094 1306 Cumpraecipueabapraeteritouncnxnxr.

1348 1337 1418 1400 spes
1429 1320 1579 1383 adulserit
1591 1321 1770 1399 aegyptiae,
1783 1339 1838 1382 seu
1850 1323 1987 1402 Gopbtae
2001 1325 2099 1386 natio-

1350 1416 1398 1476 nis
1419 1412 1662 1476 reconciliandae
1687 1431 1741 1492 per
1762 1415 1886 1478 Ordinis
1908 1417 2005 1478 nostri
2026 1418 2099 1478 mis-

1349 1509 1497 1570 sionarius
1519 1515 1550 1568 et
1570 1507 1749 1586 praecipuos
1767 1509 1923 1586 praesules
1945 1511 2048 1586 gentis
2062 1511 2099 1572 il-

1351 1602 1480 1680 lius‚qui
1496 1601 1555 1662 iam
1567 1616 1639 1664 cum
1650 1601 1781 1662 Ecclesia
1790 1601 1924 1664 Romani
1935 1605 2096 1679 unionem,

1351 1693 2098 1774 ipsiquoobedientiamprotiteriincipiunt‚ideo-

1349 1805 1410 1866 que
1427 1789 1458 1850 in
1470 1789 1562 1850 buius
1578 1787 1690 1867 operis,
1704 1795 1738 1850 ut
1753 1803 1807 1866 par
1822 1795 1879 1861 est,
1892 1791 2096 1867 prosequendi

1350 1882 1524 1944 lomentum
1556 1889 1586 1942 ot
1613 1881 1816 1944 directionem
1851 1883 2031 1960 captandam
2061 1885 2097 1946 ad

1348 1979 1426 2036 banc
1454 1974 1626 2036 Romanam
1653 1974 1779 2036 Curiam
1807 1975 1983 2048 accesseris,
2010 1983 2040 2038 et
2061 1977 2099 2038 ab

1350 2068 1413 2146 ipsa
1428 2069 1462 2128 ad
1479 2067 1690 2130 Matritensem
1712 2066 1898 2130 Oatbolicam
1914 2083 1930 2126 a
1945 2068 2034 2128 nobis
2048 2070 2099 2130 de·

1349 2162 1496 2234 stinctae,
1526 2160 1625 2236 regias
1646 2159 1820 2220 maiestates
1842 2160 1874 2220 in
1897 2159 1924 2220 id
1952 2161 2098 2240 propitias

1348 2261 1496 2332 expertus
1518 2251 1705 2316 desideratae
1726 2253 1926 2330 protectionis
1946 2256 2099 2332 acceperis

1350 2346 1540 2421 testimonia,
1557 2363 1591 2406 uc
1606 2345 1643 2406 de
1665 2361 1808 2423 expresso
1829 2345 2022 2424 beneplacito
2044 2363 2098 2410 no·

1349 2447 1425 2512 stru,
1438 2455 1476 2499 ex
1487 2438 1693 2514 eleemosynis
1705 2455 1759 2516 pro
1771 2439 1864 2500 'Terrai
1876 2439 1985 2502 Sancta
1997 2441 2098 2518 (cuins

1349 2533 1504 2595 custodiae
1530 2547 1598 2610 pars
1627 2539 1673 2594 est
1695 2531 1798 2594 missio
1827 2532 1992 2614 praedicta)
2021 2535 2097 2596 inibi

1349 2626 1485 2689 collectis
1511 2640 1633 2686 summa
1661 2626 1794 2686 (luorum
1825 2623 1961 2688 millium
1989 2643 2098 2688 aureo-

1349 2735 1421 2782 rum
1446 2718 1594 2796 applicata
1615 2715 1721 2792 luerit,
1752 2719 1873 2796 hucque
1894 2719 2036 2793 remissa,
2066 2727 2097 2782 et

1349 2813 1475 2891 syndico
1492 2811 1630 2889 generali
1647 2813 1757 2874 Terrae
1773 2811 1903 2874 Sanctae
1917 2813 2096 2889 consignata

1349 2907 1432 2968 utin
1448 2905 1621 2968 subsidium
1643 2905 1788 2978 nationis,
1804 2904 1960 2966 missionis
1982 2914 2013 2969 et
2028 2923 2096 2986 pro-

1349 2997 1518 3077 pagationis
1540 2995 1710 3074 praedictae
1738 2998 1774 3058 ad
1802 2997 1938 3074 Cayrum
1965 2998 2096 3076 Aegypti

1348 3091 1401 3152 tua
1423 3091 1514 3170 opera
1530 3090 1768 3163 transferantur,
1784 3094 1815 3150 et
1834 3089 1890 3150 ista
1906 3090 2097 3152 transmissio

1347 3201 1380 3246 ac
1401 3183 1596 3264 reliquorum
1621 3183 1764 3245 omnium
1787 3181 1932 3256 directio,
1962 3198 2039 3261 quae
2061 3183 2097 3246 ad

1347 3277 1448 3355 operis
1469 3276 1694 3356 perlectionem
1726 3274 1899 3338 conducere
1926 3275 2054 3354 possint,
2080 3293 2095 3336 a

1347 3369 1434 3430 nobis
1456 3370 1617 3434 ordinatur
1638 3376 1669 3431 et
1690 3368 1889 3430 concedatur:

1388 3479 1409 3522 r.
1434 3461 1513 3524 llinc
1533 3461 1646 3539 primo,
1663 3469 1772 3524 tenore
1786 3461 2008 3538 praesentium,
2024 3477 2096 3524 cum

1346 3561 1467 3618 sanctae
1488 3554 1681 3617 obedientiae
1703 3554 1815 3616 merito
1830 3554 1885 3616 tibi
1900 3553 2097 3630 iniungimus

1346 3649 1439 3711 buius
1459 3647 1675 3724 eleemosynae
1697 3646 1975 3721 transmissionem,
1997 3647 2096 3710 consi·

1347 3742 1487 3818 gnandae
1508 3739 1635 3818 quidem
1664 3755 1813 3818 personae
1832 3739 2035 3818 competenti,
2065 3747 2096 3802 te

1346 3841 1377 3896 et
1391 3841 1478 3912 patre
1491 3833 1702 3895 commissario
1724 3831 1861 3908 generali
1877 3833 1989 3896 Terrae
2004 3833 2096 3896 Sanc·

1348 3933 1394 3988 tae
1416 3924 1720 4000 intervenientibus,
1751 3924 1792 3986 ita
1815 3931 1867 3999 ut,
1897 3926 2040 3988 extractis
2062 3943 2096 3988 ao

1345 4019 1509 4098 separatim
1533 4017 1687 4082 tradendis
1708 4018 1745 4080 ad
1765 4017 1948 4079 conficiendi
1974 4018 2095 4080 itineris

1346 4127 1495 4192 expensas
1516 4118 1644 4173 centurn
1667 4117 1697 4172 ct
1718 4109 1832 4190 yiginti
1853 4109 1949 4172 scutis
1966 4111 2017 4174 vel
2037 4112 2096 4173 cir-

1346 4205 1440 4277 citer,
1464 4203 1582 4281 reliqua
1609 4217 1731 4264 summa
1758 4203 1917 4264 observata
1938 4220 1971 4266 ac
1992 4203 2094 4281 sigillo

542 4311 641 4372 regno
655 4297 788 4375 Aegypti
802 4297 1014 4360 missionarius
1028 4299 1212 4378 apostolicus
1228 4301 1291 4363 exi·
1316 4300 1319 4368 i
1346 4298 1460 4360 Terrae
1481 4297 1610 4360 Sanctae
1636 4295 1754 4372 signata
1783 4303 2025 4376 transportetur,
2048 4298 2094 4360 in·

541 4389 788 4464 clamamavit,
807 4390 1042 4454 translationem
1064 4394 1200 4455 duorum
1222 4395 1290 4456 mil-

543 4481 621 4568 lium
641 4499 809 4546 aureorum
825 4499 862 4546 ea
878 4486 1017 4562 pecuniis
1036 4502 1092 4563 pro
1107 4486 1201 4548 Terrai
1216 4487 1290 4550 San·

542 4575 589 4640 cti
610 4576 642 4636 ln
669 4576 812 4654 Hispania
843 4577 980 4640 collectis
1007 4580 1042 4642 ad
1070 4579 1204 4657 Cayrum
1233 4582 1290 4642 Ae-

542 4669 628 4746 gypti
649 4669 685 4730 ad
716 4670 789 4744 boc,
813 4671 901 4732 utin
931 4671 1105 4734 subsidium
1135 4673 1290 4734 missionis

541 4762 710 4840 Aegyptiae
725 4779 759 4824 ac
772 4765 1024 4842 propagationem
1039 4764 1205 4827 catholicae
1219 4765 1290 4830 fidei

518 4861 713 4936 ‚erogentur
738 4855 795 4916 sub
816 4856 945 4917 dirersis
972 4855 1200 4919 conditionibus
1224 4857 1290 4919 sive

542 4946 682 5024 capitulis
703 4953 734 5008 et
759 4947 1019 5024 ordinationibus,
1043 4957 1074 5010 et
1096 4949 1168 5011 alias
1196 4958 1290 5028 prout

541 5039 663 5117 plenius
677 5046 709 5100 et
723 5039 864 5102 dillusius
885 5041 1063 5104 continetur
1078 5042 1110 5103 in
1127 5042 1225 5105 literis
1240 5059 1289 5122 pa-

542 5133 680 5194 tentibus
701 5132 797 5211 ipsius
819 5133 901 5196 Petri
928 5135 1038 5197 Marini
1067 5135 1206 5198 ministri
1232 5137 1289 5198 Ge·

541 5224 655 5287 neralis
669 5225 801 5304 desuper
816 5225 965 5288 emanatis
988 5227 1104 5290 tenoris
1119 5228 1173 5307 qui
1188 5229 1290 5308 sequi-

541 5326 603 5394 tur,
627 5319 786 5382 videlicet:
1185 5313 1187 5318 ’

337 5435 464 5482 insontia
480 5435 524 5480 ut·
581 5413 721 5476 «Frater
742 5411 851 5478 Petrus
866 5413 1003 5476 Marinus
1014 5415 1182 5478 Sermanus
1197 5431 1213 5476 a
1229 5415 1289 5478 Me·

693 5507 789 5568 lector
819 5505 983 5581 iubilatus‚
1013 5507 1044 5570 S.
1077 5507 1289 5586 Inquisitionis
1316 5556 1317 5567 ,

542 5600 744 5678 qualificatus,
766 5600 1013 5677 ex-guardianus
1039 5601 1289 5678 Hierosolymita-
1315 5574 1318 5642 3

542 5709 619 5766 nus,
642 5709 676 5754 ac
696 5693 790 5756 totius
818 5692 941 5758 Ordinis
969 5693 1101 5756 fratrum
1129 5692 1318 5768 minarum!

1347 4379 1435 4465 tegre'
1447 4405 1480 4450 ac
1496 4387 1629 4450 lideliter
1649 4387 1857 4465 consignanda
1874 4387 1906 4450 in
1923 4389 2022 4468 Gayro
2036 4389 2094 4452 be-

1346 4482 1432 4560 ggpti
1444 4481 1580 4560 patribus
1595 4481 1817 4560 vicepraelecto
1833 4490 1864 4544 et
1879 4481 2007 4562 reliquis
2022 4484 2095 4546 mis-

1345 4573 1485 4636 sionariis
1497 4575 1612 4636 nostris
1627 4575 1668 4636 ibi
1684 4576 1879 4652 degentibus,
1892 4576 1942 4638 vel
1957 4576 1995 4637 iis
2009 4593 2095 4656 prae-

1343 4667 1483 4730 sentibus
1516 4667 1708 4746 procuratori
1742 4668 1890 4731 saeculari
1922 4669 2094 4734 secundum

1345 4767 1460 4824 statum
1490 4768 1686 4823 nostramet
1713 4761 1861 4842 temporis
1889 4779 1922 4824 ac
1950 4763 2008 4824 loci
2036 4761 2092 4826 cir-

1344 4851 1554 4914 cumstantias.
1579 4851 1637 4928 Qui
1659 4853 1806 4932 praedicti
1828 4854 2014 4916 missionarii
2039 4854 2093 4918 eli-

1345 4961 1418 5022 gere
1449 4961 1482 5006 ac
1513 4945 1677 5022 designare
1714 4945 2016 5008 teneaminiunum
2055 4964 2092 5010 ex

1344 5037 1490 5100 iratribus
1511 5038 1607 5116 ipsius
1628 5037 1774 5113 familiae,
1797 5039 1851 5117 qui
1872 5041 2094 5119 expendendae

1344 5130 1521 5193 huiusmodi
1551 5131 1768 5208 eleemosynae
1795 5134 1969 5196 secundum
1997 5133 2093 5197 direc-

1344 5227 1443 5288 tiones
1454 5225 2094 5304 annectendascomputumexactissimum

1343 5319 2094 5394 conficereetconservaredebeatsingulismen·

1343 5413 1439 5487 sibus,
1463 5419 1497 5475 ut
1512 5431 1527 5474 a
1544 5411 1720 5490 guardianis
1741 5412 1810 5474 lieri
1830 5412 1920 5487 solet,
1937 5412 2094 5490 publican-

1344 5505 2094 5582 dumdictiscommissionariis‚ctcumexigatur

1345 5601 1536 5664 reddendum
1559 5598 1791 5678 Superioribus:
1816 5598 1967 5662 eiusmodi
1988 5605 2092 5660 tamen

1345 5701 1535 5774 procurator,
1557 5692 1654 5755 semel
1675 5691 1816 5770 legitime
1829 5693 2002 5770 assignatus
2023 5708 2091 5754 mu-

584 5907 614 5962 (1)
629 5909 666 5952 lix
679 5906 755 5952 areb.
772 5909 795 5950 S.
812 5911 835 5952 C.
852 5907 883 5953 de
898 5913 922 5953 P.
939 5911 965 5954 T.
981 5908 1080 5956 emend.
1097 5921 1129 5954 ex
1143 5911 1205 5966 leeg.
1221 5908 1249 5955 in
1263 5910 1338 5955 arob.
1354 5909 1426 5954 Brea.

2129 536 2183 588 An.
2198 538 2229 590 C.
2254 535 2330 588 1685·
