4848 6990
343 577 396 632 An.
412 581 442 630 O.
464 580 532 632 1686
582 578 620 643 94

389 5395 423 5435 Do
444 5392 539 5436 alectri-

327 5445 375 5504 ne,
405 5445 541 5491 confirma·

327 5503 396 5542 tione
427 5502 540 5543 statuto-

326 5561 393 5604 rum,
402 5551 493 5597 borum
504 5552 541 5596 ln-

326 5607 436 5664 te'rprcte
451 5610 476 5651 et
486 5616 540 5660 gra·

328 5663 376 5702 tns.

562 716 654 780 modo
674 717 860 798 procedendi
875 719 1070 796 deturpetur,
1090 715 1197 780 nullus
1211 715 1309 777 nostri

561 810 683 876 Ordinis
703 810 851 885 fratrum,
875 811 928 890 qui
950 817 1036 874 extra
1061 810 1196 888 predicta
1217 808 1310 870 semi·

561 904 647 968 naria
668 905 765 980 vivat,
787 905 974 968 missionarii
1005 920 1138 978 munus,
1161 919 1308 982 quarum·

561 1013 695 1076 cumque
716 997 892 1062 litterarum
913 1015 928 1060 a
951 997 1039 1062 nobis
1061 997 1111 1060 vel
1132 997 1308 1076 praedeces·

560 1090 681 1153 soribus
710 1092 824 1154 nostris
846 1109 879 1155 ac
900 1092 937 1154 ab
958 1092 1061 1171 aliquo
1089 1090 1237 1153 inferiore
1259 1089 1309 1152 vel

561 1183 592 1245 in
605 1193 712 1247 nostro
723 1185 824 1247 officio
838 1201 1015 1249 successore
1028 1199 1243 1248 concessarum
1258 1183 1306 1245 vel

560 1279 828 1342 concedendarum
855 1280 976 1358 vigore,
1001 1279 1059 1342 sub
1080 1279 1184 1357 aliquo
1212 1293 1309 1356 quan·

560 1374 677 1436 tumvis
703 1374 841 1452 specioso
866 1374 969 1435 colore
995 1381 1047 1436 aut
1078 1379 1253 1451 praetextu,
1276 1371 1307 1431 in

560 1466 722 1544 Hispaniae
742 1467 924 1546 partibus,a
945 1461 1087 1546 tempore
1108 1481 1170 1544 quo
1192 1465 1248 1526 tria
1262 1478 1308 1524 se-

559 1561 690 1621 minaria
717 1560 750 1623 in
776 1560 835 1622 illis
863 1569 963 1623 erecta
994 1559 1130 1635 fuerint,
1163 1573 1308 1620 exercere

560 1653 668 1715 valeat.
693 1653 727 1716 ln
748 1654 915 1732 provinciis
935 1662 1040 1717 autern
1061 1661 1124 1716 tam
1146 1652 1308 1730 Hispaniae

559 1762 652 1825 quam
674 1746 843 1822 indiarum,
863 1763 942 1826 qnae
964 1763 1028 1810 non
1049 1747 1216 1828 habuerint
1236 1761 1308 1808 con·

560 1847 691 1902 ventum
713 1839 859 1903 idoneum
873 1848 905 1902 et
920 1855 975 1918 pro
996 1840 1129 1920 praefate
1151 1841 1309 1903 erectione

560 1933 855 1997 inconvenientibus
884 1934 1144 2013 insuperabilibus
1169 1949 1233 1996 non
1255 1949 1307 1994 ex·

559 2027 706 2105 positum,
723 2026 862 2090 fundatio
877 2029 951 2089 novi
966 2029 1135 2101 seminarii,
1152 2027 1308 2104 requisitis

559 2121 720 2183 servandis
740 2122 885 2194 servatis,
910 2121 990 2185 licita
1017 2123 1086 2196 erit,
1116 2121 1308 2198 arbitrioque

560 2215 762 2276 commissarii
793 2215 979 2278 missionum
1006 2215 1211 2293 relinquitur,
1239 2221 1306 2274 eta

560 2307 648 2370 nullo
676 2309 773 2370 nostri
797 2309 919 2372 Ordinis
943 2309 1056 2384 fratre,
1079 2309 1146 2370 sive
1171 2307 1305 2381 subdito,

558 2401 626 2462 sive
645 2401 817 2479 superiore,
840 2401 1064 2480 cuiuscumque
1088 2401 1248 2478 dignitatis
1268 2401 1308 2463 sit

559 2493 701 2572 impediri
729 2495 854 2574 poterit.
888 2495 920 2559 st
942 2495 1107 2557 seminaria
1129 2495 1306 2574 praemissa,

559 2587 591 2649 in
613 2588 776 2666 praedictis
797 2589 960 2666 Hispaniae
981 2595 1012 2650 et
1034 2589 1193 2652 indiarum
1214 2589 1307 2667 parti-

558 2680 616 2744 bus
637 2691 737 2743 erecta
753 2699 786 2744 ac
800 2683 960 2760 erigenda,
983 2682 1147 2759 aliquando
1168 2682 1309 2744 relaxen-

561 2783 613 2836 tur
634 2785 664 2837 et
686 2793 701 2836 a
723 2776 910 2854 perfectione
933 2783 964 2838 et
985 2775 1128 2838 laudabili
1160 2775 1241 2849 bne,
1271 2777 1306 2838 ad

559 2883 653 2946 quem
674 2869 901 2943 instituuntur,
924 2869 1104 2934 notabiliter
1124 2868 1306 2943 defecerint,

559 2963 610 3024 vel
630 2969 743 3025 statuta
766 2961 815 3026 bic
835 2969 992 3038 contenta,
1009 2971 1040 3024 et
1057 2963 1114 3024 alia
1130 2979 1207 3041 quae
1221 2977 1307 3042 prae-

559 3057 699 3119 sentibus
731 3071 795 3118 non
816 3064 890 3118 sunt
915 3056 1084 3131 contraria,
1107 3065 1139 3118 et
1165 3073 1220 3134 pro
1242 3055 1307 3118 aliis

558 3149 734 3212 seminariis
766 3151 827 3211 iam
850 3150 959 3212 erectis
981 3166 997 3210 a
1019 3149 1097 3213 Sede
1124 3149 1305 3228 apostolici,

560 3251 595 3306 ut
616 3243 800 3322 praefertur,
822 3243 985 3322 approbata
1007 3245 1220 3322 reperiuntur,
1243 3259 1306 3305 non

559 3338 812 3413 observaverint,
845 3353 900 3400 seu
922 3353 1040 3400 novum
1066 3337 1255 3414 gubernium
1277 3345 1308 3398 et

559 3431 693 3510 aliquam
714 3431 752 3493 ab
764 3431 965 3495 Obseruantia
985 3431 1208 3509 separationem
1223 3449 1240 3492 a
1255 3430 1308 3492 Se-

559 3525 598 3588 de
618 3527 791 3605 dpostolicd
823 3534 876 3588 aut
903 3543 918 3586 a
944 3525 1157 3603 superioribus
1185 3523 1306 3588 Ordinis

559 3620 719 3698 petierint,
741 3619 792 3681 vel
814 3635 868 3698 per
888 3636 922 3681 se
936 3626 989 3681 aut
1009 3619 1223 3697 interpositam
1239 3635 1306 3697 per·

558 3729 665 3775 sonam
688 3714 831 3775 obtinere
850 3713 1041 3787 curaverint,
1058 3713 1108 3773 vel
1123 3721 1234 3790 sponte
1254 3713 1306 3774 ob·

558 3806 652 3868 latam
673 3822 746 3869 cum
775 3806 885 3869 effectu
911 3805 1110 3881 admiserint;
1140 3806 1305 3867 seminaria

558 3900 675 3962 eisdem
696 3899 907 3978 provinciis,a
929 3900 1042 3978 quibus
1062 3904 1235 3961 conventus
1249 3913 1305 3976 pro

558 3993 685 4056 illorum
707 3993 862 4054 erectione
891 3993 1007 4072 sumpti
1033 3993 1166 4067 fuerint,
1189 3993 1305 4054 iterum

559 4087 808 4165 incorporentur,
830 4094 861 4148 et
883 4086 1018 4148 ministri
1040 4086 1237 4164 provincialis
1258 4103 1305 4148 re·

558 4181 681 4258 gimini,
693 4181 773 4244 sicut
783 4181 877 4243 ceteri
892 4181 1030 4244 eiusdem
1041 4181 1219 4260 provinciae
1232 4196 1304 4242 con-

558 4283 689 4350 ventus,
712 4274 996 4352 indispensabiliter
1023 4274 1242 4337 subiiciuntur:
1265 4275 1305 4335 si-

559 4371 683 4448 qnidem
716 4369 774 4430 sub
795 4367 843 4430 lais
873 4375 993 4430 tantum
1022 4367 1253 4430 conditionibus
1274 4375 1305 4429 et

559 4461 804 4524 ordinationibus
835 4463 923 4540 (quas
944 4462 1009 4522 vim
1032 4461 1115 4522 illius
1143 4461 1305 4523 indissolu-

558 4555 627 4616 bilis
647 4555 844 4631 obligationis
865 4563 896 4618 et
924 4563 1116 4627 contractus,
1140 4555 1192 4632 qui
1222 4555 1305 4616 inter

559 4649 667 4710 fratres
679 4647 887 4709 missionarios
899 4655 930 4708 et
940 4647 1049 4708 fratres
1061 4647 1305 4726 provinciarum,

557 4742 732 4820 superiores
752 4740 993 4802 seminariorum
1008 4747 1039 4801 ct
1060 4741 1234 4819 superiores
1249 4740 1306 4803 Ob

556 4835 732 4896 servantine
752 4849 820 4894 esse
834 4834 939 4910 possit,
956 4833 1070 4894 habere
1088 4831 1258 4912 volumus),
1273 4841 1306 4894 et

559 4943 621 4990 non
642 4928 700 4988 sub
721 4926 821 5004 aliqud
848 4926 905 4987 aliti
934 4925 1198 5000 consideratione,
1220 4941 1305 5003 prae-

557 5031 679 5083 sentem
693 5019 936 5082 seminariorum
950 5017 1138 5082 erectionem
1153 5019 1306 5096 permitti-

559 5131 640 5188 mus,
663 5113 823 5176 laudamns
845 5119 876 5173 et
897 5113 1112 5191 approbamus,
1134 5129 1167 5172 ac
1188 5113 1226 5173 ab
1240 5129 1305 5174 om·

559 5207 651 5270 nibus
672 5207 708 5269 ad
729 5223 805 5284 quos
819 5211 946 5284 spectat,
962 5205 1020 5266 sub
1035 5205 1145 5283 poenis
1160 5207 1306 5282 praemis-

558 5301 611 5375 sis,
633 5301 754 5363 admitti
775 5298 989 5377 praecipimus.

599 5410 642 5454 vv.
667 5393 705 5454 Et
725 5393 798 5470 quia
819 5407 876 5452 nos
898 5407 962 5452 non
985 5391 1058 5453 latet
1079 5391 1305 5470 quamplurima

558 5488 687 5549 absurda
708 5503 746 5547 eu
768 5485 866 5548 nimii
884 5485 1043 5565 opinandi,
1058 5486 1116 5547 sub
1131 5485 1306 5564 privilegio-

559 5597 631 5642 rum
659 5585 832 5658 praetextu,
855 5596 889 5641 ac
912 5579 1059 5657 operandi
1088 5579 1210 5640 licentii
1232 5595 1307 5657 qno·

560 5674 635 5736 tidie
656 5674 731 5734 oriri
753 5690 851 5752 posse,
873 5689 950 5750 quae
978 5672 1117 5733 scandala
1138 5681 1169 5733 et
1189 5673 1306 5734 retaxa-

560 5767 659 5826 tiones
693 5767 841 5828 suscitare
875 5765 994 5827 valent:
1029 5765 1173 5827 omnibus
1209 5767 1307 5827 nostri

559 5860 685 5921 Ordinis
716 5860 934 5934 missionariis,
962 5875 996 5920 ac
1016 5858 1083 5919 aliis
1112 5859 1171 5920 sub
1200 5861 1307 5920 nostrai

558 5953 728 6015 directione
748 5971 804 6015 sen
826 5952 1000 6014 obedientie
1025 5951 1209 6029 degentibus
1237 5969 1306 6030 per-

1082 595 1146 642 lllll.
1170 595 1261 640 PONT·
1285 595 1326 642 bn
1347 595 1377 640 Ρ.
1401 595 1430 642 F·
1455 597 1538 642 nans
1559 598 1581 642 l.

1365 715 1459 789 sonis,
1472 714 1504 776 in
1526 715 1657 778 Domino
1677 716 1843 782 suademus
1864 726 1896 782 et
1917 721 2111 796 mandamus,

1366 815 1401 870 ut
1422 809 1575 870 doctrinas
1590 811 1719 874 tutiores
1740 829 1774 874 ac
1794 813 2013 892 probabiliores
2033 831 2112 878 sem-

1366 917 1420 979 per
1451 901 1581 966 doceant
1601 912 1632 966 et
1653 906 1890 984 amplectantur.
1925 907 1965 970 Ut
1986 915 2111 984 autem,

1365 994 1447 1072 quod
1479 997 1700 1075 temporalibus
1731 1000 1853 1078 proflcit
1877 1001 2000 1078 spatiis,
2022 1001 2114 1079 spiri-

1365 1086 1498 1149 tualibus
1512 1105 1638 1169 quoqne
1652 1093 1858 1171 amplificetur
1872 1094 2024 1157 dictarum
2040 1095 2113 1157 mis-

1364 1179 1489 1242 sionum
1504 1185 1692 1259 augmentis,
1704 1193 1736 1248 et
1747 1202 1789 1248 ne
1802 1188 1950 1266 perpetui
1965 1187 2114 1250 firmitate

1364 1280 1476 1348 eareat,
1493 1277 1574 1352 quod
1595 1277 1658 1338 sola
1680 1280 1784 1342 nostra
1805 1280 1989 1344 auctoritate
2010 1283 2112 1344 decer-

1365 1364 1470 1441 nitur,
1493 1371 1704 1446 praesentinm
1734 1379 1853 1448 tenore,
1883 1381 1991 1436 nostro
2019 1374 2114 1436 buius

1364 1455 1477 1520 Curiae
1498 1463 1709 1526 commissario
1724 1465 1863 1542 generali
1877 1475 2039 1546 paternam
2059 1467 2114 1530 be-

1365 1551 1574 1614 nedictionem
1602 1561 1632 1616 et
1653 1555 1831 1620 facultatem
1858 1559 2055 1624 concedimus
2075 1559 2113 1622 ad

1365 1643 1422 1704 hoe
1443 1651 1478 1710 ut
1501 1651 1657 1725 tamquam
1668 1649 1792 1713 Ordinis
1812 1652 1910 1716 nostri
1931 1653 2113 1716 honorabile

1364 1736 1531 1811 negocium
1553 1755 1698 1818 praesens
1718 1743 1931 1822 amplectatur,
1951 1754 1982 1808 et
2003 1761 2112 1809 enum

1364 1843 1490 1905 rerum,
1523 1833 1654 1909 quaein
1677 1835 1723 1896 bis
1751 1835 1863 1898 litteris
1895 1839 2110 1913 continentur,

1364 1922 1632 1988 confirmationem
1658 1945 1691 1990 ao
1712 1939 1894 2009 perpetuam
1922 1930 2112 1996 validitatem

1363 2029 1379 2072 a
1401 2017 1504 2078 sancta
1526 2018 1604 2082 Sede
1632 2023 1803 2100 apostolica
1825 2033 1919 2103 petat,
1949 2033 1980 2088 et
1999 2025 2113 2088 sollici-

1365 2117 1429 2174 tare
1450 2127 1513 2174 non
1535 2115 1677 2192 desistat;
1701 2134 1760 2195 qua
1782 2116 1919 2193 obtenti,
1942 2119 2044 2182 omnia
2064 2135 2111 2180 se-

1363 2206 1513 2281 minaria,
1536 2217 1598 2270 tam
1620 2219 1721 2273 erecta
1742 2228 1836 2289 qnam
1856 2213 2004 2289 erigenda
2025 2213 2111 2276 iuxta

1364 2312 1483 2365 nostras
1512 2303 1630 2365 litteras
1663 2304 1831 2381 gubernari
1863 2313 2040 2368 teneantur.
2072 2308 2110 2369 tta

1361 2396 1387 2456 si
1408 2397 1530 2475 aliquod
1563 2395 1695 2460 dubium
1715 2398 1794 2460 circa
1819 2399 1953 2478 aliquam
1985 2399 2111 2462 illarum

1362 2488 1532 2550 clausulam
1556 2489 1721 2568 aliqnando
1744 2491 1873 2566 oriatur,
1895 2493 2037 2572 superior
2058 2508 2110 2570 ge·

1363 2581 1476 2644 noratis
1507 2581 1635 2644 illarum
1661 2584 1797 2661 partium
1824 2587 2012 2664 respective,
2046 2603 2110 2650 non

1363 2689 1438 2736 vero
1465 2675 1575 2753 aliquis
1602 2675 1777 2753 delegatus,
1798 2677 1836 2740 de
1862 2679 1992 2743 oonsilio
2013 2688 2045 2742 et
2065 2697 2109 2743 as-

1362 2782 1456 2830 sensn
1478 2775 1581 2830 tamen
1603 2770 1729 2832 maioris
1750 2771 1844 2850 partis
1862 2773 2035 2838 discretorii
2055 2774 2109 2836 ali·

1363 2861 1451 2924 cuins
1477 2862 1653 2938 seminarii,
1684 2875 1825 2944 ternpore
1851 2865 2055 2943 visitationis,
2077 2875 2108 2930 et

1363 2969 1427 3016 non
1460 2954 1536 3030 alio,
1567 2971 1624 3019 nec
1651 2956 1760 3034 aliter,
1793 2959 1892 3023 valeat
1923 2961 2109 3038 providere,

1363 3047 1460 3110 donec
1491 3049 1598 3112 sancta
1632 3050 1726 3114 Sedes
1753 3052 1946 3128 consulatur,
1983 3071 2039 3118 seu
2063 3073 2108 3118 aa·

1363 3155 1413 3201 cra
1435 3140 1641 3219 congregatio
1662 3143 1879 3223 Propagandae
1899 3146 2005 3223 Fidei3
2028 3165 2111 3214 nun·

1363 3249 1457 3310 quam
1481 3243 1584 3298 nmen
1607 3237 1640 3299 in
1661 3237 1764 3316 alique
1785 3238 1900 3317 absque
1921 3240 2008 3304 Sedis
2029 3243 2109 3322 dpe-

1363 3327 1486 3390 stolicae
1517 3331 1700 3393 auctoritate
1720 3330 1895 3410 dispensare
1917 3335 2041 3414 poterit.
2070 3337 2109 3402 Et

1364 3430 1426 3484 tam
1445 3422 1532 3484 dictis
1558 3423 1742 3485 missionum
1763 3426 1992 3504 commissariis‚
2014 3445 2109 3508 quam

1362 3515 1508 3578 omnibns
1529 3514 1595 3578 aliis
1616 3517 1766 3594 personis,
1788 3535 1867 3596 quae
1887 3521 1923 3584 ad
1944 3521 2057 3591 barum
2077 3540 2107 3585 e·

1362 3610 1549 3683 rectionem,
1582 3609 1832 3674 stabilimentum
1861 3619 1891 3674 et
1922 3615 2108 3680 missionum

1362 3701 1569 3781 praefatarum
1591 3703 1821 3780 promotionem
1845 3705 1997 3773 auxilium
2018 3709 2108 3772 dede·

1362 3795 1437 3870 rint,
1459 3795 1610 3873 seraphici
1636 3796 1731 3873 patris
1752 3797 1851 3858 nostri
1876 3799 2028 3865 francisci
2057 3801 2109 3863 be-

1362 3888 1572 3950 nedictionem
1592 3888 1810 3966 impartimur;
1832 3898 1874 3966 et,
1892 3892 1918 3952 si
1938 3893 2108 3958 saeculares

1361 3980 1490 4056 fuerint,
1517 3981 1598 4044 ultra
1625 3981 1738 4044 dictam
1767 3983 2033 4061 benedictionem,
2055 4003 2108 4049 eos

1361 4075 1397 4136 ad
1425 4075 1692 4153 participationem
1723 4077 1869 4140 omnium
1896 4077 2108 4156 indulgentia-

1361 4183 1433 4229 rum
1454 4175 1485 4228 et
1512 4182 1643 4246 operum
1673 4168 1899 4247 spiritualium,
1928 4174 2108 4251 quaeipsis

1361 4261 1592 4324 communicare
1612 4261 1763 4338 valemus,
1788 4279 1828 4324 ex
1850 4281 1935 4328 nunc
1956 4281 2012 4344 pro
2033 4275 2107 4331 tunc

1361 4354 1570 4429 admittimus,
1594 4361 1624 4416 et
1646 4371 1700 4432 pro
1726 4371 1849 4436 semper
1869 4359 2012 4421 admissas
2041 4377 2107 4424 esse

1361 4454 1392 4508 ct
1413 4446 1477 4509 fore
1503 4447 1704 4510 declaramus.

1401 4569 1513 4630 flatum
1525 4569 1651 4644 Romae,
1663 4586 1701 4631 ex
1717 4577 1823 4632 nostro
1834 4581 1989 4635 conventu
2006 4575 2037 4637 S.
2048 4577 2107 4637 lfa-

1362 4662 1422 4723 riae
1437 4660 1474 4722 de
1490 4661 1637 4738 Aracaeli,
1661 4665 1710 4726 dic
1725 4681 1780 4726 vir.
1791 4665 1894 4743 aprilis
1908 4683 2104 4730 nocuxnxvr.

1401 4783 1450 4844 Fr.
1476 4782 1600 4844 Parnes
1622 4783 1781 4866 maninus,
1808 4786 1950 4848 nriitister
1971 4803 2077 4863 gener.

1441 4901 1522 4964 Loco
1536 4903 1557 4980 †
1570 4903 1675 4979 sigilli.

1401 5025 1444 5085 lle
1465 5025 1608 5085 mandato
1622 5041 1696 5085 suae
1710 5025 1987 5089 reverendissimae
2008 5037 2109 5108 pater-

1363 5117 1478 5192 nitatis,
1501 5119 1551 5179 Fr.
1577 5118 1687 5180 fosuan
1706 5137 1727 5179 a
1746 5119 1863 5195 Leone,
1886 5131 1996 5184 secret.
2014 5138 2108 5199 gone-

1361 5209 1433 5272 ralis
1454 5211 1586 5273 Ordinis.

1401 5317 1547 5378 Praesens
1583 5325 1813 5393 transumptum
1845 5324 2006 5384 concordat
2035 5341 2106 5387 cum

1361 5425 1417 5471 suo
1439 5411 1583 5488 originali
1605 5413 1642 5474 de
1664 5414 1758 5475 verbo
1779 5415 1815 5475 ad
1837 5413 1979 5476 verbum.

1402 5517 1436 5578 ln
1458 5533 1592 5594 qnorum
1615 5517 1707 5580 fidem
1729 5527 1786 5581 etc.

1403 5626 1513 5686 ilatum
1544 5627 1676 5702 Romae,
1709 5628 1764 5688 hac
1795 5628 1844 5690 die
1876 5645 1969 5691 urin.
2003 5631 2108 5710 aprilis
2142 5673 2154 5690 .

1362 5735 1557 5781 nneunuxvi.

1401 5828 1451 5888 Fr.
1476 5828 1624 5890 Micnanu
1640 5828 1797 5903 Tonnnus,
1811 5845 1888 5892 secr.
1900 5845 1970 5906 gen.
1984 5831 2104 5893 Curiae.
2140 5909 2144 5918 ι

1402 5949 1482 6012 Loco
1495 5949 1517 6026 †
1529 5949 1634 6025 sigilli.
1649 5967 1668 6008 a>

2144 587 2197 640 An.
2211 587 2242 640 O.
2268 585 2343 640 1686
