4880 6982
332 576 519 634 Aumlmb

385 907 532 964 &mmm

321 960 613 1018 mmmmmffl·..

320 1017 414 1070 mmm

349 1937 517 1984 mmmms

374 2684 533 2732 mmmm-

320 2735 404 2782 benda
418 2738 449 2784 de
482 2749 534 2786 rae·

320 2749 533 2890 ffifflmmssm

363 3533 535 3583 mmmmm

324 3589 406 3636 mms

356 4847 535 4927 mmmmm

323 4902 534 4950 mmmmmn

380 5412 539 5476 mmmm

327 5477 540 5532 mmmmmo

328 5531 394 5566 mm

569 581 627 646 nto

551 737 624 800 pore
645 719 841 798 missionum,
857 723 1026 788 dummodo
1041 741 1094 803 per
1109 723 1137 785 id
1153 741 1169 784 a
1184 723 1292 787 studiis
1318 720 1321 756 ¹

551 813 712 893 praedictis
724 816 808 880 nulla
824 818 948 895 penitus
962 818 1118 880 distractio
1132 825 1288 896 sequatur.
1319 818 1321 876 1

590 923 648 969 xn.
663 910 892 986 allectionibus,
906 911 1143 990 repetitionibus
1155 929 1190 973 33
1204 927 1293 974 exer·
1319 896 1321 931 ⁸

551 1002 629 1064 cuivs
644 1003 807 1081 utriusque
818 1005 910 1070 studii
927 1019 1019 1067 nemo
1034 1021 1158 1084 prorsus
1175 1021 1212 1066 ex
1227 1013 1291 1067 stu·
1319 993 1321 1025 *

551 1093 694 1157 dentibus
714 1111 911 1176 quocumque
925 1098 1017 1160 titulo
1039 1105 1091 1160 aul
1106 1098 1208 1161 colore
1229 1099 1294 1160 exi·
1320 1094 1322 1105 ¹

551 1197 664 1262 matur,
686 1197 738 1252 aut
759 1204 898 1268 unquam
912 1193 1110 1270 permittatur
1131 1193 1246 1267 abesse3
1263 1199 1294 1254 et

550 1280 575 1342 si
597 1281 666 1360 quis
687 1283 898 1360 neglexerit,a
914 1285 1083 1360 guardiano
1105 1285 1292 1361 corrigatur3

551 1375 696 1454 idemque
727 1378 777 1439 siat
802 1377 827 1440 si
852 1378 986 1458 aliquem
1018 1377 1232 1456 negligentem
1261 1379 1292 1439 13

552 1469 759 1532 exscribendis
782 1473 965 1535 lectionibus
992 1480 1045 1534 331
1067 1473 1098 1534 13
1120 1472 1208 1534 dietis
1229 1480 1294 1534 stu·

552 1562 608 1623 diis
630 1565 815 1628 desidiosum
849 1566 997 1644 reperiat,
1020 1574 1051 1628 31
1074 1575 1134 1628 tam
1162 1567 1294 1628 lectores

552 1669 645 1732 33313
666 1658 852 1732 guardianus
874 1660 911 1721 de
932 1660 1074 1722 omnibus
1102 1659 1294 1738 superiorem

553 1749 770 1822 generalemac
781 1751 874 1814 etiam
886 1766 1002 1813 sacram
1014 1752 1294 1828 congregationem

552 1843 729 1908 certiorent.

592 1953 661 1997 xrn.
681 1937 769 2000 Senis
789 1939 1034 2018 quibuscumque
1055 1938 1213 2001 mensibus
1231 1941 1295 2000 1133-

552 2047 599 2092 333
622 2033 811 2110 theologicae
833 2033 949 2112 illyrica
965 2050 1019 2095 seu
1034 2033 1129 2095 311331
1144 2033 1250 2109 linguai
1264 2041 1295 2095 et

553 2127 648 2188 latino
670 2128 814 2190 idiomate
828 2129 1011 2202 habeantur,
1028 2129 1140 2206 quibus
1155 2127 1296 2203 guardia-

554 2238 613 2284 nns
628 2223 776 2284 interesse
793 2229 946 2296 teneatur,
960 2221 993 2282 ad
1008 2222 1232 2297 dignoscendos
1244 2237 1295 2282 eos

551 2315 604 2392 qui
626 2316 809 2392 3331331331,
833 2322 863 2376 31
886 2331 1013 2376 mouere
1041 2315 1147 2376 debeat
1175 2323 1294 2392 patrem

553 2407 729 2482 generalem
751 2409 787 2470 de
809 2407 918 2486 113331
941 2409 1042 2468 forsan
1063 2407 1165 2469 studio
1186 2408 1293 2468 huius-

553 2500 634 2562 modi
656 2501 760 2562 minus
781 2501 970 2576 vacaverint,
993 2510 1027 2564 ut
1049 2501 1159 2575 valeat,
1176 2501 1212 2561 iis
1223 2501 1294 2562 sub·

552 2593 655 2669 motis,
679 2594 752 2655 alios
772 2595 948 2672 subrogare.

593 2703 655 2748 xvv.
680 2688 775 2749 curel
795 2695 882 2765 paler
903 2688 1057 2765 generalis
1068 2689 1203 2768 aliquem
1224 2688 1296 2750 reli-

553 2781 709 2856 giosorum
732 2782 889 2858 deputare,
907 2783 959 2859 qui
975 2783 1010 2843 ad
1033 2783 1113 2859 ipsos
1132 2785 1294 2844 studentes

551 2873 682 2948 singulis
704 2874 863 2935 mensibus
895 2889 1006 2950 magno
1034 2874 1101 2936 zelo
1122 2891 1155 2935 ac
1182 2874 1294 2952 3131313

551 2965 731 3028 concionem
753 2966 860 3028 babeat
881 2969 918 3029 de
938 2968 1204 3030 3113313333133313
1227 2984 1296 3030 313-

551 3058 635 3119 33313
656 3060 851 3136 33333133111,
869 3059 969 3139 doque
991 3061 1194 3139 peculiaribus
1214 3063 1293 3122 3133-

552 3151 622 3213 dem
644 3149 865 3228 functionibus,
881 3171 942 3234 quo
963 3156 1089 3235 spiritus
1112 3157 1295 3235 apostolicus

552 3246 584 3308 in
607 3246 651 3308 eis
671 3249 875 3311 succendatur
890 3265 922 3310 ac
944 3258 1076 3324 maneat,
1100 3250 1294 3312 erudiantur-

552 3357 612 3418 que
634 3343 666 3404 in
689 3342 725 3402 iis
747 3342 891 3405 omnibus
912 3360 989 3422 3333
1008 3343 1042 3403 ad
1059 3343 1134 3406 illud
1157 3359 1295 3419 congrue

552 3441 676 3496 etcum
699 3435 750 3498 bei
773 3435 867 3512 gloria
890 3437 1098 3514 peragendum
1123 3435 1291 3514 333113331.

593 3543 642 3589 33.
667 3528 824 3591 Generalis
845 3529 979 3604 Ordinis,
999 3529 1048 3592 vel
1070 3531 1135 3592 eius
1151 3530 1294 3604 vicarius,

553 3635 605 3690 aut
627 3627 703 3689 31133
724 3626 893 3703 delegatus,
909 3624 1040 3702 singulis
1054 3631 1187 3702 quatuor
1208 3637 1297 3683 3333-

553 3724 635 3786 311133
646 3723 755 3784 3311331
769 3722 906 3784 studium
923 3721 998 3782 illud
1015 3721 1129 3795 visitet,
1147 3718 1297 3780 3131313-

552 3815 678 3878 dentem
690 3817 825 3894 aliquem
838 3815 967 3876 minime
983 3815 1194 3893 proficientem
1208 3812 1295 3874 inve-

553 3911 647 3983 nerit,
668 3911 768 3988 311331
790 3909 980 3988 33331133111
1002 3906 1150 3980 13133311,
1172 3904 1295 3967 eumad

553 4004 708 4082 propriam
720 4003 908 4082 provinciam
925 4002 1025 4064 redire
1042 4001 1155 4074 iubeat,
1169 4008 1199 4062 et
1215 4015 1297 4062 eam-

553 4098 622 4159 dem
635 4099 914 4174 congregationem
926 4097 963 4158 de
975 4096 1294 4170 remotionemoneat,

553 4191 711 4268 aliumque
732 4191 962 4268 quamprimum
985 4189 1142 4266 subroget.

593 4301 657 4346 xvv.
681 4285 766 4347 Ultra
788 4300 862 4345 vero
883 4285 1068 4361 praedictam
1086 4283 1237 4360 generalis
1252 4284 1298 4344 vi-

552 4380 741 4452 sitationem,
754 4379 842 4440 liceat
852 4393 952 4440 sacrae
965 4378 1218 4454 congregationi,
1231 4378 1297 4438 eius

554 4473 686 4548 33111133,
709 4473 841 4551 aliquem
864 4473 1024 4550 deputare,
1049 4471 1102 4550 qui
1132 4470 1297 4548 collegium

554 4565 745 4645 praedictum
766 4567 880 4640 visitet,
898 4573 929 4626 31
951 4564 988 4627 de
1008 4574 1090 4628 statu
1112 4581 1145 4626 ac
1167 4565 1298 4626 3333331-

556 4666 616 4720 1313
638 4659 731 4736 133133
757 4659 877 4736 ccllegii
901 4668 931 4720 et
959 4659 1172 4733 alumnorum,
1199 4660 1298 4735 deque

555 4751 735 4814 eorumdem
757 4767 920 4829 progressu
940 4754 1097 4814 certioret.

595 4863 672 4906 xvir.
697 4845 834 4922 Singulis
856 4845 964 4907 diebus
985 4846 1160 4920 dominicis,
1181 4855 1212 4907 et
1234 4846 1299 4907 aliis

556 4939 675 5001 festivis
687 4938 724 5000 de
739 4947 910 5017 praecepto,
928 4939 1055 5018 praelati
1077 4939 1251 5016 collegiales
1266 4939 1299 5002 in

556 5030 693 5106 33313311,
716 5032 764 5093 331
782 5031 814 5092 13
831 5032 890 5092 3113
905 5041 1081 5110 opportuno
1104 5033 1169 5094 1333
1184 5051 1199 5092 3
1214 5040 1300 5110 33133

557 5125 694 5202 generali
710 5125 901 5198 destinando,
915 5125 1068 5203 explicent
1080 5126 1299 5187 catechismum

556 5233 733 5293 romanum,
756 5227 787 5280 31
808 5219 1021 5296 33333313333
1046 5219 1183 5281 13333313
1204 5217 1302 5280 conti-

558 5323 634 5378 nuet
655 5329 710 5394 per
731 5329 883 5376 31333331.

600 5427 689 5471 xvrn.
714 5408 874 5486 completo
896 5407 1032 5482 biennio,
1046 5405 1154 5468 abeant
1175 5406 1301 5469 studen-

560 5509 604 5564 tes
630 5505 692 5581 qud
717 5519 734 5562 a
764 5503 845 5564 33331
878 5501 1125 5578 congregatione
1160 5499 1301 5560 destinati

559 5595 693 5672 luerint3
716 5595 842 5674 quodsi
865 5593 971 5656 nullus
993 5603 1067 5654 tunc
1096 5593 1242 5670 temporis
1262 5592 1302 5652 sit

561 5690 759 5768 inpromptu
789 5687 942 5748 missionis
971 5686 1069 5760 locus,
1099 5684 1158 5745 illis
1180 5701 1195 5744 a
1217 5691 1303 5761 patre

561 5782 698 5858 generali
719 5781 829 5860 aliquis
857 5787 1031 5842 conventus
1055 5779 1239 5856 deputetur,
1269 5777 1302 5838 in

560 5891 659 5954 eoque
673 5881 886 5954 permaneant,
902 5889 1064 5951 quousque
1084 5871 1244 5933 advenerit
1259 5885 1304 5932 oc·

561 5969 639 6031 casio
660 5968 824 6043 missionis,
840 5974 870 6029 31
889 5983 1005 6030 sacram
1022 5965 1303 6043 congregationem

1070 605 1313 650 lun.r0xv.bu
1334 605 1565 650 n.n.Panst.
1675 638 1688 668 ,

2121 588 2317 641 Auclno

1348 721 1511 800 certiorel;
1534 723 1614 800 quod
1636 723 1661 785 si
1682 723 1792 802 aliquis
1807 723 1933 786 illorum
1948 723 1983 784 ad
1999 723 2093 786 desti-

1348 824 1433 878 natas
1454 816 1615 878 missiones
1627 825 1774 879 renueret
1789 826 1841 879 aut
1856 817 2031 894 negligeret
2044 833 2091 878 ac-

1347 910 1466 982 cedere,
1483 910 1610 972 arbitrio
1625 926 1726 972 sacrae
1741 911 1996 988 congregationis
2011 909 2091 988 plec-

1348 1011 1441 1066 mmm

1389 1111 1455 1158 xxx.
1479 1097 1519 1160 Ut
1540 1106 1645 1160 autem
1660 1099 1733 1161 dicti
1748 1098 1869 1162 Ordinis
1886 1099 2024 1177 religiosi
2039 1099 2092 1160 ali·
2123 1114 2158 1156 33
2171 1121 2262 1156 eorum
2278 1111 2330 1166 33-
2419 1148 2425 1159 .

1349 1207 1409 1269 333
1431 1191 1522 1252 etiam
1546 1191 1706 1269 temporali
1733 1207 1936 1271 congruoque
1957 1164 2217 1254 3111313311133113

1349 1291 1401 1344 133
1422 1285 1569 1361 33333113,
1592 1285 1775 1364 3313133333
1796 1284 1907 1347 1331133
1929 1285 2092 1347 intendant

1350 1375 1385 1436 ad
1407 1377 1554 1438 libentius
1568 1378 1749 1456 semetipsos
1764 1377 1905 1440 dicandus
1920 1395 2005 1440 sacro
2020 1378 2092 1439 mis-

1349 1469 1470 1532 sionum
1494 1471 1680 1546 ministerio,
1696 1487 1729 1532 ac
1743 1478 1970 1549 consequenter
1983 1471 2092 1533 studiis

1349 1563 1491 1642 praelatis
1513 1563 1610 1625 veluti
1626 1564 1660 1624 ad
1678 1565 1840 1627 missiones
1862 1566 1941 1643 ipsas
1956 1563 2090 1639 directis,

1351 1666 1412 1720 tam
1433 1659 1593 1720 studentes
1611 1675 1703 1738 qnam
1718 1659 1907 1722 missionarii
1922 1658 2093 1736 respective

1351 1753 1397 1814 bis
1419 1753 1600 1832 privilegiis,
1625 1769 1702 1831 3333
1722 1759 1909 1831 sequuntur,
1927 1751 2088 1828 gaudeant.

1390 1862 1442 1908 xx.
1468 1849 1488 1910 li
1511 1849 1617 1928 quiin
1640 1848 1786 1910 missione
1811 1847 1911 1924 aliqua
1938 1861 1992 1924 per
2013 1845 2093 1908 inte·

1351 1958 1441 2018 grum
1463 1943 1650 2004 sexennium
1672 1940 1816 2018 praelecti
1839 1956 1971 2002 munere
1992 1939 2094 2001 lauda-

1351 2036 1453 2098 biliter
1473 2035 1627 2114 perfuncti
1650 2035 1778 2109 luerint,
1794 2033 1829 2093 ad
1845 2033 1983 2095 lauream
1998 2033 2092 2110 magi-

1349 2130 1434 2190 sterii
1456 2135 1716 2207 promoveantur3
1739 2128 1763 2188 si
1787 2128 1914 2188 veroin
1942 2127 2093 2202 religione

1349 2222 1460 2284 dictam
1476 2221 1613 2284 lauream
1628 2223 1689 2284 iam
1703 2221 1831 2283 assecuti
1847 2219 1975 2294 luerint,
1992 2229 2093 2297 patres

1350 2316 1752 2393 provinciaedeclarentur;
1775 2314 1914 2376 31113333
1935 2313 2095 2374 131331333-

1351 2409 1386 2469 rii
1408 2407 1432 2468 si
1455 2423 1510 2486 per
1532 2407 1770 2470 333333133113
1784 2406 1931 2468 missione
1952 2421 2094 2483 3333133-

1349 2501 1457 2576 serint,
1471 2503 1580 2564 3131333
1596 2501 1765 2578 magisterii
1778 2501 1880 2562 133331
1896 2501 2093 2573 decorentur,

1350 2604 1380 2658 31
1401 2598 1425 2658 si
1448 2595 1563 2658 1333131
1587 2596 1618 2656 13
1651 2595 1731 2656 33331
1758 2593 1911 2670 theologia
1941 2591 2092 2668 magistri,

1349 2697 1449 2768 patres
1469 2705 1593 2767 quoque
1608 2688 1782 2767 provinciae
1797 2687 2023 2748 instituantur:
2047 2701 2095 2746 33-

1349 2783 1421 2844 dine
1444 2789 1548 2844 133133
1569 2798 1669 2844 333333
1692 2781 1948 2859 congregationis
1973 2795 2095 2859 praeee-

1350 2877 1452 2938 dente.

1391 2986 1457 3030 xxx.
1482 2969 1633 3032 Studeant
1647 2969 1821 3048 superiores
1836 2967 1959 3030 Ordinis
1973 2967 2093 3044 singula
2135 2978 2331 3040 arsacidarum

1351 3064 1469 3126 debitae
1496 3064 1671 3127 3333311331
1697 3062 1892 3124 demandare.
1927 3063 1962 3122 ln
1983 3061 2094 3140 quibus
2113 3037 2237 3078 ⁰³⁶⁰¹¹¹¹⁰'

1351 3173 1461 3219 333331
1482 3157 1687 3219 333331331133
1707 3171 1790 3216 33333
1806 3155 2010 3232 congregatio
2022 3171 2095 3217 one·

1350 3258 1408 3325 331,
1438 3251 1543 3312 3311311
1576 3265 1684 3310 eorum
1712 3249 1840 3310 arbitrio
1868 3248 2012 3310 laenitate
2037 3246 2095 3308 alia

1352 3353 1413 3405 1331
1424 3342 1616 3422 disciplinam
1627 3359 1720 3421 quam
1735 3341 1910 3404 studiorum
1922 3341 2094 3420 3331331331

1351 3435 1557 3512 333313133113,
1573 3433 1753 3512 supradictis
1769 3441 1871 3494 tamen
1888 3433 1986 3495 firmis
1997 3447 2096 3494 rema·

1351 3528 1508 3602 uentibus,
1530 3527 1702 3602 statuendi,
1725 3535 1849 3590 etcum
1877 3526 2094 3606 approbatione

1350 3639 1451 3684 sacrae
1474 3623 1730 3699 congregationis
1751 3621 1948 3686 decernendi.

1391 3811 1460 3888 52.
1485 3812 1564 3874 cum
1586 3819 1701 3886 331313,
1717 3813 1796 3874 sicut
1818 3813 1924 3873 eadem
1946 3811 2096 3890 expositio
2161 3823 2333 3870 counimuuu

1351 3907 1570 3982 subiungebat,
1595 3907 1770 3968 cardinales
1791 3907 1930 3984 praelati,
1947 3905 2095 3967 1331131111
2114 3878 2335 3978 fiffiffffiffliffiss

1352 4017 1406 4080 per
1427 4000 1572 4061 eumdem
1593 4001 1794 4062 secretarium
1815 4001 1959 4062 omnium
1982 4007 2013 4061 31
2032 3999 2097 4060 sin·
2115 3985 2275 4032 nummata.

1352 4095 1496 4170 gularum
1519 4093 1695 4155 huiusmodi
1713 4093 1855 4156 distincta
1876 4095 2038 4167 relatione,
2061 4109 2096 4153 u-

1353 4189 1471 4252 nanimi
1495 4203 1648 4250 consensu
1671 4187 1736 4249 illas
1758 4189 1971 4266 approbantes,
1984 4187 2098 4250 confir·
2187 4221 2195 4240 ·

1352 4285 1477 4345 mandas
1490 4297 1555 4343 esse
1570 4281 1764 4344 censuerint:
1782 4282 1855 4343 hinc
1871 4291 1916 4344 est
1931 4283 2011 4362 quod
2028 4297 2094 4356 333,

1353 4375 1523 4439 inviolabili
1546 4376 1725 4437 earumdem
1747 4377 1925 4452 regularum
1949 4376 2050 4437 robori
2067 4381 2098 4436 et

1354 4469 1501 4532 efficaciae
1524 4469 1688 4548 providere
1703 4469 1854 4542 volentes,
1870 4469 2099 4548 supplicationi-

1355 4564 1410 4627 bus
1441 4565 1624 4626 eorumdem
1654 4561 1863 4624 cardinalium
1895 4563 1982 4624 nobis
2006 4579 2100 4638 33333

1354 4659 1412 4720 1333
1426 4657 1587 4718 humiliter
1602 4656 1750 4735 porrectis
1782 4657 1918 4733 benigne
1944 4655 2097 4730 inclinati,

1354 4751 1475 4816 easdem
1496 4751 1700 4829 praeinsertas
1715 4751 1846 4827 regulas,
1863 4767 1934 4813 cum
1955 4751 2100 4814 omnibus

1355 4853 1385 4907 et
1405 4843 1538 4921 singulis
1560 4845 1591 4906 in
1613 4845 1657 4906 eis
1678 4845 1847 4920 contentis,
1870 4846 2050 4906 auctoritate
2071 4862 2100 4905 a·

1356 4937 1648 5016 333131131,133333
1676 4938 1902 5015 praesentium,
1935 4939 2099 4999 333113333-

1356 5046 1425 5092 mus
1446 5037 1476 5091 31
1507 5030 1725 5108 approbamus,
1759 5029 1881 5108 illisque
1914 5030 2100 5091 inviolabilis

1356 5123 1538 5200 apostolicae
1560 5124 1714 5184 firmitatis
1741 5123 1836 5184 robur
1866 5124 2041 5184 adiicimns:
2067 5139 2100 5185 ao

1356 5225 1517 5278 33133331
1545 5215 1684 5293 singulos
1710 5216 1785 5276 iuris
1806 5224 1836 5277 et
1858 5215 1927 5278 13311
1951 5215 2100 5292 delectus,

1356 5310 1380 5370 si
1396 5311 1449 5388 qui
1465 5310 1597 5388 desuper
1611 5308 1842 5386 quomodolibet
1857 5309 2099 5384 intervenerint,

1357 5403 1552 5482 supplemus:
1576 5404 1658 5465 33131
1686 5411 1790 5464 tamen
1816 5417 1938 5479 semper
1960 5403 1992 5464 in
2015 5419 2103 5481 prae-

1359 5497 1458 5558 missis
1479 5498 1863 5560 3331331131331333333133
1881 5495 2101 5572 congregatio-

1358 5593 1406 5653 nis
1428 5589 1647 5653 cnrdinalium.

1397 5686 1416 5759 ἓ
1437 5685 1466 5745 3.
1490 5683 1707 5757 DecernenteS,
1722 5681 1844 5744 easdem
1862 5687 2038 5761 praesentes
2053 5681 2102 5771 111-
2147 5693 2289 5740 clausurae.

1358 5787 1438 5840 teras
1460 5795 1493 5840 ae
1515 5777 1635 5853 regulas
1650 5775 1828 5838 huiusmodi
1843 5791 1965 5852 3333333
1986 5775 2100 5850 1133333,

1358 5869 1473 5932 validas
1494 5877 1525 5932 et
1547 5871 1682 5932 efficaces
1707 5869 1841 5930 existere
1862 5877 1892 5930 31
1918 5868 1995 5944 1333,
2018 5885 2104 5931 3333-

1358 5979 1419 6042 que
1440 5962 1592 6042 plenarios
1621 5971 1652 6024 et
1674 5961 1812 6040 integros
1841 5959 1968 6023 ecertus
1998 5962 2103 6023 sortiri
