4878 6982
993 615 1202 662 innocentius
1225 614 1282 660 Xll.

358 747 421 794 non
445 733 660 814 hospitalitatis
681 743 751 798 vota
776 735 806 798 in
829 742 897 799 actu
914 751 1022 798 eorum
1037 750 1106 813 pro·

357 825 496 888 tassionis
516 828 667 906 regularis
688 831 832 891 emittere
854 837 1032 904 teneantur,
1047 829 1107 892 ari-

357 920 399 998 gi,
422 937 466 996 ac,
490 921 556 985 loco
577 923 731 986 dictorum
759 922 871 1000 viginti
893 924 1104 1002 antiquiorum

356 1015 560 1090 contratrum,
576 1017 650 1079 elios
665 1017 791 1094 viginti,
814 1017 974 1096 peritiores
988 1017 1105 1079 scilicet

356 1115 387 1169 et
407 1109 503 1186 magis
535 1111 709 1186 graduatos,
742 1112 816 1174 dicti
847 1111 949 1173 iratris
981 1111 1104 1173 maioris

356 1201 503 1263 electores
524 1204 672 1265 constitui
693 1209 724 1264 et
745 1203 897 1282 deputari,
924 1219 1046 1266 necnon
1070 1210 1104 1264 ut

357 1301 418 1356 tam
440 1295 527 1358 binas
541 1295 711 1359 Clementis
726 1313 819 1375 quam
835 1297 913 1360 Sixti
928 1298 1105 1374 praedeces-

354 1403 460 1450 sorum
483 1388 599 1450 litteras
620 1391 798 1468 praedictas,
814 1407 848 1452 ac
862 1391 985 1466 gratias,
1002 1389 1105 1452 indul·

355 1483 485 1558 gentias,
508 1481 677 1558 facultates,
704 1484 919 1560 antelationes,
942 1483 1102 1562 privilegia

355 1581 385 1636 et
407 1574 536 1650 induite,
560 1591 614 1654 per
636 1593 683 1638 eas
710 1575 853 1655 hospitali
875 1583 905 1639 et
927 1578 1103 1654 Congrege-

356 1667 433 1730 tioni
460 1669 621 1748 praedictis
649 1685 790 1732 concessa
812 1677 843 1732 et
864 1672 1100 1746 communicata,

353 1763 389 1824 ad
418 1761 673 1840 Congregationis
697 1763 740 1826 sic
768 1764 934 1840 erigendae
964 1765 1102 1826 levorem

354 1855 507 1930 innovari,
530 1865 560 1918 et
581 1857 762 1929 apostolicae
783 1859 1101 1932 confirmationisno·

352 1955 433 2010 strae
464 1949 634 2026 patrocinio
666 1951 870 2025 communiri,
904 1967 936 2013 ac
967 1951 1040 2012 alias
1069 1951 1100 2012 in

353 2041 524 2118 praemissis
545 2049 720 2120 opportune
741 2061 757 2104 a
779 2045 866 2106 nobis
892 2045 1047 2122 provideri
1069 2053 1100 2107 et

352 2141 385 2196 ut
401 2135 479 2196 inira
497 2135 650 2211 indulgeri
662 2136 835 2214 plurimum
847 2138 1015 2202 desideret:
1032 2155 1098 2214 nos,

351 2229 489 2290 eiusdem
510 2229 632 2291 loannis
654 2231 861 2307 procuratoris
881 2231 1032 2308 generalis
1047 2248 1101 2292 vo-

351 2321 388 2383 tis
403 2321 458 2384 hac
474 2322 505 2384 in
521 2339 565 2396 re,
582 2333 733 2402 quantum
748 2339 820 2386 cum
841 2325 971 2387 Domino
992 2341 1099 2404 possu-

350 2431 430 2490 mus,
453 2415 663 2480 iaxorabiliter
684 2434 824 2482 annuere
844 2419 995 2494 volentes,
1012 2435 1100 2481 eum-

349 2525 409 2586 que
434 2526 449 2570 a
475 2510 634 2588 quibusvis
660 2513 1008 2586 excommunicationis,
1034 2529 1099 2573 sus-

348 2603 504 2678 pensionis
526 2611 556 2664 et
579 2603 745 2678 interdicti,
768 2604 897 2682 aliisque
919 2605 1099 2666 ecclesiasti-

348 2695 390 2758 cis
416 2697 597 2770 sententiis,
626 2698 765 2758 censuris
786 2705 816 2758 et
845 2698 969 2776 poenis,
992 2714 1007 2758 a
1029 2697 1097 2760 iure

348 2789 397 2850 vel
419 2790 457 2850 ab
477 2790 615 2864 bomine,
638 2791 746 2868 quavis
768 2792 926 2854 occasione
945 2792 994 2854 vel
1009 2793 1097 2855 causi

347 2881 433 2956 latis,
465 2883 490 2942 si
522 2883 634 2960 quibus
665 2883 897 2960 quomodolibet
932 2885 1097 2948 innodatus

346 2975 461 3048 existit,
484 2975 520 3036 ad
542 2975 688 3036 ellectum
709 2977 921 3053 praesentium
937 2979 1096 3039 dumtaxat

346 3068 611 3146 consequendum,
628 3069 741 3130 barum
762 3068 842 3130 serie
856 3069 1051 3132 absolventes
1066 3079 1097 3132 et

345 3160 521 3222 absolutum
542 3161 608 3222 iore
629 3169 802 3235 censentes,
821 3162 1096 3241 supplicationibus

344 3254 412 3316 eins
428 3254 557 3316 nomine
572 3255 659 3316 uobis
672 3271 765 3333 super
780 3255 836 3318 boc
853 3255 1013 3318 bumiliter
1027 3273 1096 3334 pcr-

346 3347 436 3408 rectis
457 3346 608 3420 inclinati,
625 3347 662 3408 de
684 3348 912 3410 nonnullorum
935 3351 1096 3412 venerabi-

347 3439 424 3502 lium
446 3439 577 3502 iratrum
600 3447 778 3502 nostrorum
800 3441 829 3504 S.
846 3441 881 3503 tt.
899 3443 932 3503 E.
952 3443 1095 3505 cantine-

346 3533 423 3594 lium
444 3547 537 3610 super
559 3536 615 3595 troc
636 3533 762 3608 negotio
783 3552 797 3594 a
820 3535 908 3596 nobis
922 3537 1095 3614 specialiter

346 3627 577 3703 deputatorum,
600 3626 653 3704 qui
675 3627 752 3689 illud
784 3637 905 3692 mature
927 3631 1096 3708 perpende·

347 3725 433 3793 runt,
455 3725 486 3779 et
508 3719 585 3782 circa
613 3729 816 3784 memoratam
848 3721 949 3784 fratris
971 3723 1095 3785 maioris

347 3810 531 3874 electionem
552 3813 631 3874 nibil
653 3813 864 3876 innovandum
887 3831 951 3876 esse
968 3833 1096 3878 censue-

348 3911 433 3978 runt,
456 3905 595 3981 consilio,
620 3907 785 3982 praelatam
811 3909 1095 3986 congregationem

348 3995 452 4059 Sancti
475 3995 632 4074 Hippolyti
654 3999 799 4075 martyris
822 4000 853 4060 in
872 4000 1032 4062 formalem
1048 4017 1096 4062 rc·

348 4089 487 4165 gularem
509 4089 694 4166 religionem
715 4092 773 4152 sub
794 4091 900 4167 regula
916 4093 1019 4156 Sancti
1036 4095 1095 4157 bu·

348 4184 477 4259 gustini,
499 4199 572 4244 cum
604 4185 684 4245 votis
713 4185 904 4248 solemnibus
935 4189 1094 4262 castitatis,

347 4277 535 4354 paupertatis
556 4281 586 4338 et
607 4276 810 4351 obedientiae,
826 4293 947 4340 necnon
966 4281 1095 4358 bospite-

348 4371 454 4444 litatis,
476 4369 658 4433 auctoritate
684 4371 856 4448 apostolici,
881 4380 990 4435 tenore
1004 4391 1096 4452 ⁴prae·

348 4465 495 4538 sentium,
513 4471 662 4542 perpetuo
678 4464 827 4540 erigimus
843 4471 873 4526 et
888 4465 1092 4544 instituimus3

348 4573 478 4636 eamque
498 4557 541 4619 sic
561 4575 575 4617 a
600 4557 687 4618 nobis
702 4564 847 4629 erectam,
865 4557 1009 4634 illiusque
1024 4575 1094 4620 con-

348 4651 473 4724 iratres,
507 4650 683 4728 hospitalia,
716 4649 857 4712 ecclesias
888 4659 918 4711 et
950 4667 1094 4728 personas

347 4761 555 4822 quascumque
576 4745 634 4806 sub
649 4743 823 4804 immediati
839 4745 941 4805 nostra
957 4752 987 4805 et
1002 4745 1094 4806 buius

348 4837 477 4900 Sanctae
508 4837 594 4900 Sedis
624 4837 816 4914 protectione
846 4843 876 4896 et
903 4837 1095 4900 subiectione

348 4930 542 5008 suscipimus.
567 4930 661 4990 Porro
675 4929 798 5005 gratias,
816 4929 1036 5005 indulgentias,
1054 4931 1096 4992 ia-

348 5023 487 5097 cultates,
509 5022 724 5096 antelationes,
741 5023 902 5100 privilegia
923 5031 954 5084 ct
977 5023 1095 5086 indulta

348 5116 490 5195 praelata,
522 5115 691 5178 dummodo
722 5117 785 5176 sint
811 5115 843 5176 in
866 5133 935 5190 usu,
959 5134 992 5178 ac
1013 5117 1095 5179 licita

347 5216 378 5272 et
399 5209 538 5282 honesta,
562 5224 617 5270 nec
637 5208 700 5270 sint
722 5219 874 5283 revocata,
889 5218 941 5270 aut
964 5211 1022 5272 sub
1043 5211 1096 5272 ali-

348 5302 406 5380 quai
439 5301 634 5362 revocatione
668 5303 907 5378 comprehensa,
940 5303 1095 5380 sacrisque

347 5393 518 5454 canonibus
537 5399 569 5454 et
591 5392 720 5455 Concilii
749 5393 924 5454 Tridentini
953 5393 1094 5467 decretis,

348 5493 400 5547 aut
428 5485 646 5564 posterioribus
671 5485 942 5548 constitutionibus
965 5494 995 5548 et
1016 5486 1097 5564 ordj-

348 5579 526 5642 nationibus
539 5578 711 5656 apostolicis
726 5578 774 5640 vel
791 5578 983 5654 regularibus
999 5579 1095 5642 dictae

349 5671 604 5748 Congregationis
624 5672 668 5732 sic
688 5689 704 5731 a
727 5671 815 5732 nobis
835 5679 956 5734 erectae
971 5671 1096 5734 institu-

348 5763 387 5824 tis
409 5779 472 5825 non
494 5765 708 5838 adversentur,
731 5765 914 5826 auctoritate
936 5771 966 5826 et
989 5771 1097 5826 tenore

390 5973 420 6029 (1)
436 5975 473 6018 lix
486 5975 590 6030 itegaat.
606 5973 634 6021 in
649 5973 723 6022 arch.
739 5977 812 6022 Brea.

1837 597 1892 660 qu
1943 592 1997 646 An.
2012 594 2042 646 c.
2064 593 2133 646 1700

1163 732 1304 812 praelatis
1332 735 1554 797 confirmamus
1580 743 1611 798 et
1638 733 1854 813 approbamus,
1877 733 1912 794 il·

1162 827 1261 904 lisque
1283 827 1469 890 inviolabilis
1490 829 1669 908 apostolicae
1693 827 1849 892 tirmitatis
1864 845 1912 889 ro-

1162 920 1220 982 bur
1241 920 1411 984 adiicimus.

1200 1015 1219 1089 5
1240 1014 1269 1076 3.
1293 1015 1511 1087 Decernentes,
1530 1016 1607 1094 ipsas
1630 1025 1807 1094 praesentes
1829 1017 1911 1080 litte-

1160 1124 1207 1170 ras
1227 1123 1351 1187 semper
1373 1110 1488 1182 lirmas,
1512 1109 1626 1172 validas
1647 1117 1677 1172 et
1697 1110 1832 1174 etiicaces
1848 1111 1910 1174 exi·

1160 1208 1242 1262 stere
1264 1209 1294 1262 et
1315 1200 1393 1276 iore,
1408 1218 1543 1281 suosque
1558 1201 1711 1280 plenarios
1727 1212 1758 1265 et
1773 1204 1911 1280 integros

1159 1292 1286 1355 ellectus
1306 1293 1411 1356 sortiri
1430 1301 1461 1356 et
1476 1295 1628 1369 obtinere,
1646 1313 1679 1358 ac
1694 1295 1766 1369 illis,
1783 1296 1818 1356 ad
1834 1313 1910 1374 quos

1158 1393 1272 1463 spectat
1287 1394 1318 1448 et
1329 1401 1385 1464 pro
1398 1394 1536 1464 tempore
1553 1390 1811 1468 quandocumque
1825 1406 1909 1468 spec·

1159 1479 1245 1553 tabit,
1270 1479 1301 1540 in
1324 1479 1468 1543 omnibus
1489 1488 1520 1542 et
1542 1483 1714 1558 peremnia
1730 1483 1909 1560 plenissime

1158 1571 1331 1648 suliragari,
1345 1580 1375 1634 ct
1390 1574 1427 1634 ab
1441 1573 1485 1634 eis
1501 1573 1672 1652 respective
1687 1575 1909 1636 inviolabiliter

1158 1663 1325 1739 observari,
1348 1665 1454 1743 sicque
1481 1667 1512 1728 in
1535 1667 1709 1743 praemissis
1737 1683 1793 1745 per
1818 1683 1908 1745 quos-

1157 1772 1293 1835 cumque
1325 1759 1438 1820 iudices
1470 1758 1638 1820 ordinarios
1671 1767 1701 1822 et
1732 1760 1906 1838 delegatos,
1954 1799 1961 1814 ·

1158 1850 1251 1912 etiarn
1273 1867 1434 1913 causarum
1449 1852 1553 1930 palatii
1568 1855 1724 1932 apostolici
1739 1855 1905 1930 auditores,

1157 1943 1284 2004 iudicari
1306 1953 1337 2006 et
1363 1945 1486 2008 deliniri
1514 1948 1642 2022 debere,
1669 1963 1702 2009 ac
1727 1949 1853 2010 irritum
1876 1955 1906 2010 et

1156 2036 1259 2111 inane,
1282 2037 1307 2098 si
1329 2055 1415 2099 secus
1433 2053 1527 2116 super
1550 2040 1595 2100 bis
1613 2057 1628 2100 a
1649 2057 1816 2118 quoquam,
1833 2058 1907 2120 qua·

1156 2129 1202 2189 vis
1229 2131 1426 2206 auctoritate,
1459 2132 1595 2194 scienter
1625 2133 1676 2194 vel
1709 2134 1904 2210 ignoranter,

1155 2223 1321 2298 contigerit
1342 2227 1499 2286 attentari.

1195 2317 1214 2390 ἓ
1235 2317 1263 2376 l.
1291 2315 1358 2378 Non
1381 2319 1573 2381 obstantibus
1589 2321 1771 2396 praemissis,
1788 2337 1821 2384 ac
1836 2339 1906 2401 apo·
1939 2335 2073 2398 paragano
2082 2347 2140 2382 aon-

1154 2411 1268 2474 stolicis
1291 2419 1332 2484 et,
1352 2413 1381 2474 ln
1405 2415 1631 2477 universalibus
1653 2417 1905 2494 provincialibus·
1925 2391 2071 2434 ”³¹¹⁰‘um'

1154 2521 1214 2582 que
1239 2511 1271 2566 et
1295 2507 1493 2584 synodalibus
1521 2509 1657 2571 conciliis
1683 2510 1781 2585 editis,
1813 2527 1907 2588 gene·

1155 2598 1270 2660 ratibus
1296 2599 1345 2660 vel
1373 2601 1554 2678 specialibus
1580 2604 1852 2666 constitutionibus
1874 2613 1906 2668 at

1154 2690 1411 2768 ordinationibus,
1440 2709 1562 2756 necnon
1595 2697 1853 2774 congregationis
1875 2707 1905 2761 et
1950 2703 1953 2708 '

1154 2783 1351 2862 hospitalium
1377 2788 1616 2864 praedictorum,
1643 2789 1751 2853 aliisve
1778 2792 1905 2869 quibus·

1153 2877 1211 2952 vis,
1236 2879 1330 2940 etiam
1356 2879 1542 2955 iuramento,
1573 2883 1809 2946 confirmatione
1835 2902 1904 2965 apo·

1152 2971 1269 3046 stolica,
1294 2972 1342 3033 vel
1365 2974 1473 3050 quavis
1495 2975 1641 3038 tirmitate
1663 2976 1719 3037 alid
1740 2977 1902 3054 roboratis,

1151 3065 1274 3126 statutis
1289 3073 1320 3126 et
1334 3066 1624 3142 consuetudinibus,
1642 3069 1814 3148 privilegiis
1828 3087 1904 3149 quo·

1152 3173 1223 3234 que,
1249 3158 1376 3220 indultis
1397 3167 1427 3222 et
1450 3159 1560 3222 litteris
1582 3163 1754 3240 apostolicis
1777 3166 1808 3227 in
1831 3181 1903 3227 con-

1152 3251 1280 3312 trarium
1308 3253 1549 3329 praemissorum
1574 3256 1806 3333 quomodolibet
1831 3275 1903 3322 con·

1152 3344 1258 3418 cessis,
1292 3346 1481 3408 coniirmatis
1513 3354 1544 3408 et
1579 3349 1753 3426 innovatis;
1790 3353 1903 3430 quibus

1152 3437 1295 3498 omnibus
1316 3447 1347 3499 et
1368 3439 1512 3516 singulis,
1530 3440 1655 3504 illorum
1677 3451 1801 3507 tenores
1817 3461 1903 3525 prae-

1150 3529 1289 3590 sentibus
1311 3545 1366 3607 pro
1388 3531 1478 3609 plene
1500 3539 1530 3594 et
1545 3533 1737 3597 sufficienter
1752 3541 1903 3616 expressis

1151 3623 1240 3684 acad
1262 3625 1393 3686 verbum
1417 3625 1541 3688 insertis
1562 3626 1723 3702 babentes
1747 3630 1808 3692 illis
1829 3632 1902 3693 alias

1152 3715 1183 3776 in
1205 3732 1260 3778 suo
1282 3717 1392 3779 robore
1421 3720 1642 3796 permansuris,
1665 3721 1700 3782 ad
1723 3725 1904 3800 praemisso-

1151 3823 1223 3869 rum
1250 3808 1406 3884 ellectum,
1431 3810 1486 3872 ixac
1508 3811 1575 3873 vice
1595 3811 1767 3889 dumtaxat,
1789 3818 1903 3894 specia-

1152 3900 1223 3962 liter
1253 3911 1284 3962 et
1315 3917 1458 3982 expresse
1490 3906 1695 3982 derogamus;
1728 3909 1902 3987 ceterisque

1151 3995 1313 4055 contrariis
1334 3997 1594 4078 quibuscumque.

1191 4089 1210 4162 ἓ
1230 4087 1259 4148 d.
1285 4087 1435 4152 Volumus
1451 4098 1555 4152 autem
1571 4100 1605 4154 ut
1620 4095 1800 4156 earumdem
1815 4112 1900 4176 prae·
1973 4107 2046 4154 reuss
2063 4113 2133 4156 tran-

1150 4183 1288 4244 sentium
1307 4183 1482 4245 litterarum
1499 4187 1711 4264 transumptis,
1727 4205 1781 4250 seu
1797 4205 1901 4251 exem·
1920 4167 2089 4220 sumptorum.

1152 4274 1221 4353 plis,
1245 4276 1336 4336 etiam
1360 4276 1527 4353 impressis,
1550 4293 1645 4339 manu
1667 4279 1796 4342 alicuius
1815 4291 1900 4344 nota·

1152 4369 1189 4428 rii
1210 4369 1324 4446 publici
1351 4369 1542 4448 subscriptis,
1569 4378 1600 4432 et
1620 4373 1724 4448 sigilio
1752 4389 1901 4452 personae

1152 4461 1183 4522 in
1206 4461 1405 4524 ecclesiastica
1426 4464 1575 4540 dignitate
1598 4467 1783 4528 constitutae
1797 4469 1901 4530 muni-

1153 4555 1199 4628 tis,
1223 4553 1327 4616 eadem
1361 4570 1485 4633 prorsus
1517 4557 1591 4619 sides
1623 4558 1739 4637 ubique
1762 4560 1900 4624 locorum

1152 4654 1213 4708 tam
1234 4648 1267 4708 in
1289 4648 1402 4710 iudicio
1424 4665 1516 4726 quam
1538 4657 1623 4711 extra
1646 4652 1804 4728 lrabeatur,
1822 4671 1900 4732 quae

1151 4741 1222 4818 ipsis
1237 4742 1447 4820 praesentibus
1463 4743 1640 4819 baberetur,
1656 4745 1681 4806 si
1697 4744 1799 4808 iurent
1814 4749 1901 4810 exbi-

1152 4834 1231 4895 bitae
1251 4835 1301 4895 vel
1322 4842 1475 4898 ostensae.

1189 4927 1300 4990 Datum
1326 4927 1452 5002 Romae,
1482 4932 1561 5007 apud
1590 4932 1621 4995 S·
1650 4932 1778 4995 blaciam
1810 4935 1900 4998 blaio·

1152 5037 1229 5094 rem,
1251 5023 1311 5082 sub
1336 5021 1452 5084 annulo
1480 5023 1648 5100 Piscatoris,
1677 5027 1726 5088 die
1748 5043 1802 5089 xx.
1827 5029 1900 5090 maii

1153 5131 1262 5189 uncc,
1286 5116 1480 5192 pontificatus
1503 5117 1600 5178 nostri
1622 5135 1704 5181 anno
1727 5135 1770 5180 xx.

1454 5397 1593 5460 xxxttt.

1153 5577 1285 5642 Naviter
1306 5581 1473 5658 corvfirmut
1491 5585 1740 5648 cortstittxtiouas
1766 5587 1900 5668 Conpre-

1191 5672 1335 5750 putioois
1360 5674 1543 5738 Charite-tis
1561 5677 1593 5739 S.
1613 5679 1776 5758 llippalpti
1798 5681 1833 5742 in
1849 5681 1900 5742 lra-

1192 5764 1256 5826 diis
1282 5765 1540 5832 Occidentalilrus
1562 5771 1574 5851 (
1594 5771 1616 5852 ).
