4844 6990
326 529 380 585 An.
394 533 424 584 0.
446 531 515 584 1736
565 535 622 598 474

313 684 374 782 t,be
393 679 527 780 rentffircta·
584 691 614 734 v.
637 673 897 750 Quotiescumque
912 689 992 735 unus
1007 679 1059 736 θυι
1074 671 1178 750 plures
1192 689 1232 734 ex
1246 689 1291 732 as-

313 745 417 834 rifffet
429 744 527 850 ⁰sufs'rffs‘-
545 767 724 830 sistentibus
746 767 942 844 generalibus
956 782 1012 828 suo
1027 765 1126 828 cilicio
1148 767 1237 827 iustis
1258 782 1291 826 ac

313 839 525 898 ⁸2²¹⁰¹¹⁰³d¹¹¹³‘
546 861 694 938 legitimis
716 861 753 924 cle
773 862 871 924 causis
886 877 941 939 per
962 859 1141 936 generalem
1163 859 1290 938 eiusque

545 954 775 1029 delinitorium,
798 963 956 1032 utsupra,
983 953 1239 1030 recognoscendis
1260 960 1290 1015 et

545 1047 757 1125 approbandis,
770 1047 1013 1122 renunciaverit,
1026 1055 1079 1110 aut
1094 1047 1131 1108 ab
1145 1045 1290 1108 humanis

545 1141 728 1216 discesserit,
752 1150 827 1204 tttnc
848 1142 930 1203 idem
956 1141 1110 1218 generalis
1132 1139 1194 1202 unt
1215 1156 1289 1217 quo-

545 1253 606 1314 que
627 1251 698 1298 cum
722 1235 816 1314 ipsius
839 1234 1016 1298 clednitorio
1031 1235 1123 1310 eligat
1145 1240 1198 1294 aut
1219 1233 1292 1294 sub-

544 1332 652 1392 stituat
673 1330 769 1391 alium
795 1336 848 1392 θυι
870 1330 944 1390 alios
970 1327 1130 1404 religiosos
1152 1327 1183 1388 in
1208 1325 1291 1386 illius

544 1439 599 1484 seu
616 1423 739 1484 illorum
756 1421 875 1496 officiis,
892 1421 1153 1500 quemadmodum
1169 1417 1290 1482 Ordinis

544 1517 727 1578 constitutio
755 1516 945 1594 praescribit.
971 1514 1001 1576 Si
1029 1531 1114 1588 vero,
1137 1513 1190 1590 qui
1211 1513 1290 1572 dicta

545 1609 641 1672 olltcia
663 1609 874 1686 renunciavit,
890 1611 929 1671 sit
944 1627 981 1670 ex
996 1607 1210 1670 assistentibus
1222 1621 1290 1684 pro·

545 1703 664 1766 vinciae
686 1701 768 1764 illius
791 1704 891 1780 regni,
916 1703 947 1765 in
969 1720 1031 1781 quo
1053 1701 1205 1778 generalis
1226 1715 1289 1760 non

544 1797 670 1872 residet,
683 1805 757 1859 tunc
771 1803 917 1874 poterunt
928 1795 1150 1872 vicegeneralis
1166 1799 1197 1855 et
1212 1793 1292 1854 eius·

545 1893 616 1953 dem
639 1891 816 1970 provinciae
830 1891 1016 1964 assistentes,
1033 1887 1190 1968 perpensis
1205 1887 1291 1964 prius

545 2001 579 2047 ac
599 1985 659 2046 rite
681 1984 863 2046 examinatis
885 1991 919 2046 ut
942 1999 1032 2061 supra
1054 1981 1152 2044 causis
1174 1995 1290 2040 renuu-

545 2078 695 2152 ciationis,
709 2077 794 2139 illam
807 2077 933 2138 reiicere
947 2076 996 2137 vel
1011 2075 1186 2148 admittere,
1200 2079 1291 2150 prout

545 2171 660 2233 iustitia
689 2169 864 2250 postulabit.
897 2169 946 2232 Sic
974 2169 1104 2248 pariter,
1131 2167 1155 2230 si
1178 2163 1290 2244 aliquis

544 2271 597 2324 aut
625 2262 718 2340 aliqui
752 2261 951 2335 decesserint,
984 2277 1024 2322 ne
1051 2259 1162 2336 religio
1189 2257 1290 2320 ullum

545 2356 677 2434 patiatur
698 2354 935 2428 detrimentum,
953 2355 1087 2416 altarum
1108 2351 1290 2430 religiosum

544 2450 610 2510 sive
631 2448 705 2510 alios
719 2464 774 2526 pro
789 2448 919 2509 interim
941 2450 1087 2526 deputare
1107 2463 1163 2508 seu
1184 2445 1290 2508 subro-

545 2557 628 2618 gare,
653 2541 693 2602 ita
708 2548 812 2603 tamen
829 2550 863 2602 ut
877 2541 989 2604 eodem
1006 2549 1143 2618 tempore
1159 2540 1196 2600 de
1212 2537 1290 2599 clieta

545 2635 782 2698 renunciatione
795 2642 827 2695 et
844 2635 952 2708 causis,
970 2649 1105 2696 necnon
1122 2632 1159 2693 dc
1174 2646 1292 2709 respec-

546 2728 605 2790 tivb
627 2728 753 2789 alterius
774 2727 911 2805 religiosi
937 2727 1135 2806 deputatione
1157 2727 1222 2788 sive
1244 2743 1290 2787 re-

545 2821 723 2884 nunciantis
745 2821 981 2884 confirmatione
992 2821 1029 2881 ab
1044 2819 1088 2881 eis
1103 2820 1293 2898 provisionu-

545 2913 615 2975 liter
647 2915 740 2989 lacta,
773 2915 938 2977 certiorem
971 2913 1098 2976 reddere
1126 2919 1291 2974 teneantur

545 3007 735 3084 praelectum
757 3007 946 3084 generalem,
963 3007 999 3066 ad
1021 3023 1115 3084 quem
1137 3007 1196 3068 utri
1219 3019 1291 3066 cum

544 3100 608 3161 suis
628 3101 839 3184 assistentibus
868 3101 1065 3178 generalibus
1090 3107 1206 3178 spectet
1230 3106 1291 3158 tarn

545 3193 695 3272 praelatae
711 3195 966 3269 renunciationis,
982 3210 1075 3272 quam
1096 3191 1292 3272 provincialis

543 3286 771 3362 subrogationis
785 3288 851 3349 sive
871 3287 1116 3350 confirmationis
1138 3287 1170 3348 in
1191 3285 1291 3347 officio

545 3379 722 3458 approbatio
749 3389 779 3442 et
807 3382 1016 3454 confirmati03
1049 3389 1140 3458 atque
1167 3381 1236 3442 ideo
1267 3380 1291 3440 si

545 3473 754 3552 compererint
776 3491 878 3536 causas
890 3473 1068 3538 huiusmodi
1083 3473 1293 3536 renunciatio·

545 3567 594 3628 nis
615 3567 794 3630 nullatenus
816 3568 968 3630 verificari
990 3583 1092 3646 neque
1112 3567 1290 3642 subsistere,

544 3668 631 3734 tunc,
653 3662 773 3722 etiamsi
794 3679 810 3720 a
832 3660 1037 3736 vicegenerali
1059 3676 1130 3722 cum
1152 3659 1291 3721 eiusdem

545 3755 721 3834 provinciae
748 3754 959 3818 assistentibus
987 3755 1065 3816 dicta
1097 3753 1291 3816 renunciatio

544 3850 709 3927 approbata
725 3849 842 3922 luisset,
860 3849 944 3910 illam
959 3848 1087 3910 relicere
1103 3855 1133 3908 et
1148 3849 1183 3908 ad
1199 3846 1290 3908 cilicii

544 3943 728 4005 exercitium
750 3943 843 4004 etiam
865 3941 1071 4002 reluctantem
1092 3939 1233 4016 adigere,
1258 3957 1290 4002 ac

543 4035 688 4097 similiter
719 4035 952 4114 deputationem
978 4041 1008 4096 et
1035 4033 1290 4109 subrogationem

543 4130 793 4206 provisionaliter
814 4128 923 4190 iactam
940 4128 971 4188 in
987 4143 1056 4189 casu
1078 4127 1198 4201 mortis,
1215 4143 1292 4204 quo-

544 4223 600 4284 ties
623 4224 739 4284 iustum
755 4221 784 4282 id
800 4237 865 4284 esse
887 4221 1103 4296 cognoverint,
1127 4219 1291 4298 reprobare

544 4318 660 4395 possint
681 4336 713 4380 ac
738 4319 868 4380 valeant.

365 4423 399 4469 tc
419 4425 446 4470 tn
466 4425 526 4471 asst-
584 4429 626 4472 vr.
650 4410 763 4473 Nullus
779 4413 809 4473 in
825 4413 1016 4473 assistentem
1042 4411 1220 4486 generalem
1236 4410 1291 4472 eli-

313 4479 645 4590 1⁵1¹gf¹²ffi¹nqss¹022gatut·,
669 4505 728 4564 nisi
751 4507 836 4582 prius
858 4505 906 4566 vel
929 4507 1097 4566 assistentis
1114 4505 1289 4581 provinciae

311 4585 371 4632 ’Μ’
547 4597 595 4657 vel
615 4600 770 4660 secretarii
797 4599 948 4674 generalis
977 4615 1092 4659 ursarius
1115 4614 1168 4674 per
1196 4600 1291 4658 trien-

544 4693 634 4752 nium
656 4695 842 4767 exercuerit,
858 4693 908 4756 vel
924 4711 978 4771 per
993 4692 1152 4754 consimile
1170 4701 1290 4770 tempus

544 4790 690 4864 magister
713 4789 904 4850 novitiorum
920 4789 969 4849 vel
992 4787 1162 4865 praelectus
1176 4795 1227 4847 aut
1245 4787 1290 4846 vi·

543 4883 763 4961 ceptaeiectus,
776 4882 842 4942 sive
864 4882 1041 4958 praesidens
1062 4880 1197 4942 cuiusvis
1219 4897 1291 4942 con-

544 4984 673 5050 ventus,
701 4977 811 5038 domtus
837 4977 887 5036 vel
909 4975 1033 5053 hospitii
1062 4975 1169 5047 luerit,
1193 4984 1290 5033 sacer·

544 5069 665 5130 dotibus
689 5077 791 5131 tamen
813 5085 935 5146 semper
956 5068 1101 5130 exclusis.

314 5173 524 5276 ,potesattpenot
584 5179 640 5224 vn.
663 5162 809 5236 Quamvis
823 5160 855 5222 in
872 5161 1147 5224 constitutionibus
1169 5163 1290 5226 Ordinis

312 5239 340 5272 tn
359 5241 452 5285 genera
464 5243 510 5278 ⁰¹¹²·
544 5257 714 5334 cap.1x·,§
731 5255 761 5330 8,
773 5273 916 5336 expresse
931 5257 1122 5335 disponatur,
1138 5258 1218 5336 quod
1235 5259 1289 5319 eli-

545 5349 664 5424 gendus
686 5349 718 5410 in
740 5350 1014 5424 generaleminter
1028 5359 1128 5412 cetera
1145 5351 1290 5429 requisita

545 5445 619 5506 illud
643 5445 735 5506 etiam
758 5443 871 5506 babere
892 5446 1013 5520 debeat,
1030 5446 1110 5524 quod
1133 5448 1168 5508 ad
1185 5448 1290 5508 minus

545 5537 589 5598 bis
618 5537 740 5616 aliquod
762 5555 800 5600 ex
825 5539 983 5615 religionis
1011 5539 1213 5616 hospitalibus
1235 5555 1289 5616 gu-

544 5631 738 5708 bernaverit,
761 5632 977 5707 nihilominus
1008 5639 1041 5694 ut
1067 5633 1169 5696 omnis
1184 5631 1289 5694 dubie-

544 5729 589 5784 tas
611 5725 648 5786 de
670 5725 772 5786 medio
802 5725 942 5798 tollatur,
966 5743 1045 5803 quae
1067 5727 1164 5802 magis
1186 5727 1288 5788 idonei

543 5815 728 5878 electionem
750 5826 802 5878 θυι
823 5821 959 5880 retardet
979 5827 1031 5880 θυι
1053 5819 1210 5896 impediat,
1233 5819 1290 5882 bu·

544 5909 676 5972 iusmodi
688 5911 835 5988 requisito
851 5911 968 5990 pollere
983 5919 1168 5974 censeantur
1183 5929 1290 5976 omnes

1071 553 1134 598 lb'll.
1158 554 1250 599 Pox'r.
1274 554 1314 598 bo
1336 554 1364 598 Ρ.
1388 554 1417 598 F.
1442 555 1524 599 nans
1546 554 1567 598 l.

2126 543 2181 594 An.
2199 541 2236 592 C.
2265 537 2334 591 17313

1348 679 1377 734 et
1398 672 1514 748 singuli
1535 672 1671 749 religiosi
1693 673 1747 750 qui
1768 672 1885 736 duabus
1914 672 2023 734 saltem
2050 672 2095 732 vi·

1346 766 1432 827 cibus
1462 767 1661 828 exercuerint
1693 766 1827 829 officium
1857 766 2015 844 praelecti,
2042 775 2095 828 θυι

1348 859 1409 920 una
1431 858 1586 942 praelecti,
1610 859 1704 921 atterat
1722 859 1934 936 praesidentis,
1951 859 2016 920 sive
2033 860 2095 921 und

1348 949 1490 1028 praelecti
1503 951 1552 1012 vel
1568 951 1780 1028 praesidentis,
1797 952 1892 1016 altera
1908 969 1982 1013 vero
1997 967 2094 1014 secre-

1348 1045 1416 1105 tarii
1447 1045 1618 1122 generalis,
1647 1045 1698 1107 vel
1718 1047 1885 1108 assistentis
1917 1045 2096 1124 provinciae

1346 1136 1566 1217 (sacerdotibus
1587 1155 1710 1218 semper
1738 1139 1896 1218 exclusis),
1926 1140 2094 1202 dummodo

1347 1231 1378 1292 in
1395 1247 1586 1310 unoquoque
1597 1249 1634 1294 ex
1647 1232 1789 1310 praelatis
1801 1233 1907 1294 officiis
1920 1233 2095 1294 triennium

1347 1324 1555 1402 expleverint.

1388 1436 1456 1481 vrit.
1480 1421 1571 1496 Cum,
1595 1421 1783 1500 experientia
1811 1429 1907 1496 teste,
1930 1421 2094 1500 aliquando
2149 1443 2343 1506 panmagtsnrs

2051 1515 2095 1576 os,
2114 1499 2289 1544 novitiorum
2302 1496 2343 1542 elr-

1346 1511 1426 1574 baud
1450 1513 1538 1576 lacile
1558 1515 1597 1576 sit
1619 1517 1777 1592 religiosos
1805 1516 1948 1578 invenire
1976 1515 2029 1594 qui

1348 1607 1451 1668 ficium
1473 1608 1619 1684 praelecti
1642 1611 1841 1672 exercuerint
1862 1617 1893 1671 et
1913 1609 2093 1687 ceteroquin

1346 1697 1412 1760 aliis
1424 1701 1570 1762 omnibus
1585 1703 1741 1780 requisitis
1755 1719 1789 1764 ae
1800 1703 1997 1780 qualitatibus
2009 1717 2094 1779 prae-

1347 1792 1402 1854 diti
1432 1794 1513 1868 sint,
1549 1801 1583 1856 ut
1621 1795 1651 1856 in
1683 1795 1875 1858 novitiorum
1911 1797 2092 1872 magistros,

1347 1886 1608 1963 quemadmodum
1630 1890 1811 1950 constitutio
1832 1889 1996 1968 praecipit,
2020 1887 2094 1964 eligi

1346 1980 1477 2056 possint:
1495 1980 1579 2055 binc,
1597 1997 1636 2043 ne
1653 1981 1830 2044 liuiusmocli
1845 1981 2007 2044 dillicultas
2022 1981 2096 2042 ltuic

1347 2071 1491 2134 electioni
1513 2073 1635 2150 olliciat,
1652 2092 1667 2134 a
1683 2091 1741 2154 qua
1763 2082 1864 2138 cetera
1887 2075 2020 2153 pendere
2036 2073 2095 2136 dici

1347 2171 1463 2242 potest,
1488 2166 1658 2244 praelectus
1679 2168 1833 2244 generalis
1862 2169 1923 2230 und
1945 2184 2015 2231 cum
2038 2183 2094 2228 suo

1346 2255 1525 2320 definitorio
1545 2261 1670 2338 plenam
1691 2262 1801 2323 babeat
1828 2262 2032 2340 imposterum
2054 2259 2095 2320 ia-

1346 2354 1493 2419 cultatem
1515 2358 1650 2434 eligendi
1666 2374 1699 2419 ac
1714 2357 1897 2418 nominandi
1913 2357 1945 2418 in
1961 2355 2094 2416 novitio·

1348 2467 1418 2512 rum
1441 2446 1625 2527 magistrum
1640 2467 1873 2530 quemcumque
1887 2451 1958 2512 dicti
1971 2449 2094 2512 Ordinis

1347 2544 1527 2620 religiosum
1544 2545 1596 2622 qui
1613 2561 1737 2607 ntorum
1753 2545 1903 2624 probitate
1915 2562 1948 2606 ac
1960 2542 2094 2619 gravita-

1348 2647 1378 2700 te
1399 2639 1682 2702 commendeturet
1698 2639 1732 2700 ad
1758 2639 1935 2701 huiusmodi
1957 2635 2093 2698 odicium

1347 2741 1454 2809 aptum
1476 2749 1540 2793 esse
1556 2741 1647 2810 atque
1663 2733 1809 2795 idoneum
1822 2734 1852 2794 in
1866 2731 1996 2794 Domino
2012 2743 2095 2791 corn·

1349 2830 1494 2908 periatur,
1508 2827 1650 2904 quamvis
1663 2835 1833 2888 memorato
1849 2825 1996 2904 requisito
2009 2839 2096 2901 prae-

1349 2923 1418 2984 lecti
1440 2930 1557 2998 careat;
1582 2922 1669 2998 isque
1698 2920 1919 2994 nibilominus,
1943 2936 2015 2982 cum
2037 2919 2093 2980 bu-

1349 3015 1478 3078 iusmodi
1511 3031 1627 3080 munus
1655 3015 1795 3092 magistri
1825 3015 2017 3076 novitiorum
2039 3029 2094 3090 per

1349 3109 1519 3172 triennium
1542 3109 1727 3182 exercuerit,
1745 3109 1777 3168 in
1800 3108 1943 3186 capitulis
1964 3123 2095 3184 genera·

1348 3201 1427 3263 libus
1449 3219 1555 3264 vocem
1572 3202 1681 3264 babeat
1698 3207 1760 3262 tam
1775 3199 1905 3263 activam
1921 3217 2013 3279 quam
2028 3217 2095 3278 pas·

1347 3295 1462 3372 sivam;
1485 3298 1510 3358 si
1533 3312 1607 3358 vero
1628 3297 1779 3370 sacerdos,
1801 3297 1933 3358 activam
1955 3303 2091 3358 tantum.

1388 3405 1432 3450 rx.
1456 3391 1489 3451 ln
1507 3391 1653 3452 omnibus
1668 3391 1882 3465 electionibus,
1900 3391 1934 3465 is,
1951 3391 1983 3452 in
1998 3405 2093 3467 quem
2151 3409 2184 3470 ni
2205 3407 2333 3470 omnious

1347 3491 1512 3546 concurrat
1537 3485 1634 3545 maior
1655 3500 1724 3562 pars
1752 3493 1898 3550 votorum
1926 3485 2007 3548 ultra
2029 3497 2094 3544 me·
2111 3461 2334 3570 gfffssffunssbnffffig

1347 3577 1491 3638 dietatem
1525 3578 1725 3654 eligentium,
1756 3587 1918 3641 censeatur
1948 3577 2094 3640 canonice
2112 3573 2320 3623 votorumpars.

1346 3671 1474 3746 electus,
1490 3681 1522 3733 et
1542 3672 1652 3734 electio
1670 3672 1807 3748 legitima
1824 3671 2092 3749 pronuntiabitur3

1347 3764 1427 3841 quod
1449 3765 1474 3826 si
1496 3766 1611 3828 electus
1636 3765 1719 3827 inter
1740 3764 1861 3827 vocales
1886 3780 2095 3828 connumere-

1348 3865 1409 3934 tur,
1432 3860 1498 3920 eius
1520 3867 1629 3922 votum
1650 3861 1717 3921 sive
1744 3859 1886 3921 schedula
1908 3877 1924 3920 a
1946 3865 2094 3920 scrutato·

1348 3951 1432 4014 ribus
1453 3953 1583 4013 omnino
1605 3954 1781 4028 recognosci
1806 3952 1932 4028 debeat3
1955 3966 2095 4028 compec-

1349 4051 1439 4122 toqne
1460 4045 1584 4106 sibimet
1599 4045 1781 4120 suffragium
1804 4046 1934 4118 dedisse,
1950 4059 2021 4106 cum
2037 4043 2093 4104 bu-

1348 4137 1479 4200 iusmodi
1491 4139 1600 4200 electio
1611 4140 1650 4201 sit
1662 4140 1726 4218 ipso
1739 4139 1805 4201 iure
1818 4139 1914 4213 nulla,
1925 4139 1962 4200 ad
1979 4153 2093 4198 novam

1346 4232 1529 4294 deveniatur
1541 4233 1738 4308 electionem,
1755 4233 1894 4310 quamvis
1906 4230 2010 4292 omnia
2022 4239 2092 4292 vota

1346 4325 1376 4388 in
1400 4343 1473 4388 eum
1494 4327 1724 4399 convenissent,
1745 4343 1777 4388 ac
1800 4326 1862 4403 ipse
1884 4342 1939 4404 pro
1954 4323 2004 4386 illa
2027 4325 2094 4387 vice

1347 4419 1524 4494 ineligibilis
1546 4436 1671 4498 prorsus
1693 4420 1810 4494 evadat.

1390 4529 1420 4572 x.
1445 4513 1554 4576 Nullus
1576 4515 1640 4574 sive
1663 4515 1851 4576 novitiorum
1872 4515 1940 4576 sive
1963 4531 1999 4576 ex
2023 4517 2094 4578 reli·
2165 4529 2250 4572 namo
2268 4539 2328 4592 cau,-

1347 4609 1438 4678 giosis
1461 4607 1601 4683 protessis
1623 4624 1697 4668 voce
1719 4609 1814 4668 activa
1830 4617 1883 4669 θυι
1904 4610 2020 4685 passiva
2036 4627 2092 4687 pro
2110 4579 2328 4689 flffifflffii

2113 1552 2220 1611 gennis.

1346 4718 1542 4779 quocumque
1563 4702 1661 4762 ollicio
1677 4702 1811 4777 gaudere
1829 4703 1933 4778 possit,
1951 4704 2009 4764 nisi
2027 4713 2092 4782 post
2111 4691 2170 4742 ”⁰⁵²
2184 4689 2327 4734 triennium
2411 4735 2412 4740 κ

1346 4796 1484 4873 elapsum
1507 4796 1678 4856 triennium
1695 4812 1710 4855 a
1725 4795 1873 4856 solemnis
1894 4797 2092 4874 professionis
2111 4740 2260 4841 ῗθξῦῗέῐὶιιέῗᾶ
2276 4753 2319 4798 pm

1346 4890 1526 4964 emissione;
1551 4905 1652 4966 neque
1674 4889 1846 4967 praelectus
1868 4889 2019 4965 generalis
2034 4907 2092 4953 nec

1345 4981 1556 5044 delinitorium
1570 4983 1716 5057 generale
1732 4983 1794 5044 ullo
1810 4982 1900 5044 modo
1915 4984 1947 5044 in
1963 4983 2019 5044 boc
2034 4983 2094 5045 dis-

1345 5091 1474 5153 pensare
1495 5075 1616 5136 valeant
1638 5076 1687 5136 vel
1711 5087 1918 5155 praesumant.

1386 5184 1430 5228 xr.
1454 5167 1610 5230 intimatio
1631 5170 1799 5246 personalis
1821 5171 2034 5232 convocatoria
2055 5170 2089 5230 ad
2130 5184 2172 5244 ‚ne
2183 5182 2324 5246 intimam·

1346 5261 1490 5322 ellectum
1505 5261 1669 5322 accedendi
1682 5271 1713 5322 et
1731 5264 1901 5339 respective
1922 5263 2092 5339 sutiragan·
2109 5235 2324 5346 iifflsgss'fflf

1346 5355 1374 5415 di
1398 5354 1428 5414 in
1453 5354 1566 5416 luturis
1587 5355 1730 5432 capitulis
1756 5356 1969 5432 generalibus,
1994 5363 2091 5418 trans·
2110 5345 2167 5388 ⁰¹¹³·

1346 5447 1428 5507 mitti
1439 5448 1548 5508 debeat
1560 5465 1613 5525 per
1624 5464 1743 5509 cinnum
1755 5449 1865 5510 saltem
1876 5459 1948 5512 ante
1963 5449 2091 5512 illorum

1345 5539 1586 5601 celebrationem
1615 5541 1784 5619 unicuique
1807 5558 1844 5602 ex
1866 5543 2026 5620 praelectis
2048 5544 2091 5605 lo-

1345 5633 1472 5708 calibus,
1495 5635 1603 5714 primis
1618 5635 1758 5696 discretis
1774 5644 1804 5697 et
1819 5635 2012 5698 novitiorum
2029 5653 2091 5698 ma-

1346 5727 1448 5803 gistris
1470 5729 1632 5805 utriusque
1655 5729 1756 5806 regni,
1773 5728 1825 5808 qui
1842 5729 1873 5790 in
1889 5730 1952 5791 suis
1974 5747 2093 5808 respec-

1346 5820 1408 5880 tive
1430 5821 1636 5884 conventibus
1657 5822 1780 5900 propria
1801 5821 1899 5884 olbcia
1920 5829 1989 5884 actu
2004 5837 2092 5884 exer-

1345 5913 1470 5976 cebunt.
1501 5913 1585 5988 Quod
1608 5913 1633 5974 si
1655 5917 1690 5978 ad
1713 5914 1853 5990 eosdem,
1876 5923 1908 5976 et
1929 5917 2091 5993 praecipue
