4848 6990
976 589 1185 652 trecenarius
1207 591 1251 650 xl·

340 721 397 786 tari
412 737 476 784 non
490 722 604 801 poterit
618 716 731 802 absqne
745 717 840 786 simili
853 737 1007 788 consensu
1021 737 1086 786 ma-

340 818 413 880 ioris
434 818 529 896 partis
557 817 825 881 missionariorum
851 819 991 882 eiusdem
1011 819 1085 880 mis-

339 910 446 972 sionis.
464 910 606 974 Secundo
616 912 710 974 etiam
724 919 889 990 sequentes
900 911 1084 974 directiones

341 1003 449 1065 maiori
470 1019 508 1066 en
536 1011 623 1082 parte
644 1020 660 1065 a
682 1006 843 1083 temetipso
870 1005 1000 1084 aliisque
1027 1005 1084 1084 piis

340 1105 370 1158 et
391 1096 597 1174 prudentibus
628 1098 815 1176 propositas,
844 1099 992 1176 nobisque
1019 1113 1083 1160 non

340 1190 487 1265 ingratas,
505 1191 557 1254 sed
580 1207 637 1253 nec
658 1191 787 1254 omnino
808 1201 956 1271 acceptas,
972 1209 1085 1270 quous-

340 1297 400 1360 que
421 1282 531 1345 maiori
552 1284 778 1347 consultatione
794 1287 858 1347 imo
879 1295 911 1348 et
924 1287 1085 1366 experien-

340 1374 382 1434 ιιι
401 1374 564 1438 accedente
591 1377 776 1456 probentur,
802 1393 855 1456 per
876 1387 906 1439 te
928 1377 1083 1439 transmit·

340 1467 434 1529 timus
446 1469 483 1530 ad
493 1469 660 1546 praedictos
672 1480 773 1550 patres
784 1471 1041 1550 vicepraefectum
1052 1477 1083 1532 et

338 1560 629 1638 commissionarios,
642 1571 678 1625 ut
693 1564 836 1642 diligenti
851 1564 930 1626 circa
951 1579 1000 1624 eas
1021 1571 1083 1624 tam

340 1655 463 1733 propria
486 1671 579 1734 quam
604 1657 728 1735 piorum
743 1665 775 1718 et
795 1657 985 1736 prudentum
1009 1671 1082 1736 quo-

339 1763 547 1828 rumcumque
567 1750 791 1813 consultatione
813 1749 957 1826 adhibiti,
980 1749 1029 1811 vel
1051 1749 1082 1810 in

338 1847 402 1902 toto
417 1842 467 1904 vel
482 1858 520 1903 ex
532 1850 616 1921 parte
626 1844 705 1921 ipsas
719 1845 907 1922 experiendo
922 1849 1084 1906 exerceant

338 1945 369 2000 et
383 1937 554 2000 exercendo
568 1939 781 2017 experiantur3
798 1939 839 2000 ita
854 1946 889 2001 ut
909 1943 1083 2018 opportuno

338 2037 476 2108 tempore
487 2031 623 2106 generali
635 2025 820 2094 Diffinitorio
832 2032 881 2094 vel
897 2032 1083 2094 conflrman-

338 2123 392 2186 dae
402 2124 452 2185 vel
464 2125 637 2188 alterandae
648 2135 872 2205 proponantur;
888 2125 987 2204 prima
1003 2126 1084 2189 vica-

338 2217 508 2296 praefectus
519 2235 534 2280 a
546 2219 711 2297 praefecto,
725 2219 800 2281 idest
811 2228 898 2296 patre
908 2219 1082 2282 Guardiano

338 2310 615 2390 Hierosolymilono
636 2313 834 2388 instituatur,
857 2322 888 2375 et
909 2330 925 2374 a
947 2315 977 2378 S.
1001 2313 1082 2376 Con·

337 2401 514 2478 gregatione
535 2405 730 2466 confirmatio
743 2406 919 2483 postuletur
934 2407 969 2468 ad
985 2405 1081 2467 trien-

337 2495 440 2560 nium:
458 2497 518 2558 erit
539 2513 613 2559 vero
628 2499 666 2561 de
680 2514 806 2576 corpore
820 2499 903 2562 illius
918 2499 1080 2576 missionis,

336 2590 389 2668 qui
410 2590 498 2653 adid
519 2593 659 2654 muneris
684 2593 815 2656 habilior
843 2593 995 2656 iudicatus
1017 2594 1082 2655 fue-

335 2684 388 2758 rit,
411 2691 441 2745 et
463 2685 636 2762 propositus
657 2703 673 2746 u
696 2683 804 2748 maiori
825 2694 912 2767 parte
938 2689 1081 2750 commis·

334 2779 541 2843 sionariorum
554 2781 718 2856 eiusmodi,
732 2781 792 2844 nisi
808 2782 945 2844 evidenti
960 2783 997 2844 de
1011 2799 1081 2845 cau-

333 2873 376 2948 si,
399 2873 487 2937 cuius
508 2875 660 2938 rationem
688 2875 856 2955 requisitus
879 2875 1008 2939 reddere
1029 2878 1081 2938 de-

334 2967 420 3044 beat,
452 2969 517 3047 ipse
548 2969 720 3033 Praefectus
754 2971 843 3034 aliter
874 2973 1076 3034 iudicaverit:

332 3063 483 3126 eiusmodi
505 3071 610 3128 autem
630 3065 814 3128 electionon
836 3066 930 3144 possit
951 3066 1077 3142 mutari,

334 3155 394 3219 nisi
415 3155 553 3220 evidenti
574 3156 612 3218 de
626 3159 725 3234 causi,
742 3159 829 3222 cuius
844 3161 960 3238 pariter
977 3161 1078 3240 requi-

332 3250 389 3311 sita
410 3250 489 3312 ratio
509 3249 595 3313 reddi
623 3253 747 3328 debeat,
765 3259 797 3314 et
822 3253 984 3316 accedente
1007 3271 1077 3318 con-

332 3359 426 3407 sensu
453 3345 578 3406 maioris
605 3346 700 3424 partis
727 3347 1075 3424 commissionariorum,

332 3435 439 3513 alium,
452 3453 546 3517 quem
562 3440 686 3502 noverit
701 3440 894 3516 habiliorem,
906 3441 1077 3520 praefectus

333 3533 396 3612 ipse
409 3531 549 3596 sufficiat.
564 3534 630 3611 lpse
641 3549 716 3595 vero
727 3533 968 3614 vicepraefectus
982 3535 1075 3598 etiam

333 3627 519 3704 guardianus
533 3635 705 3690 conventus
720 3627 808 3706 Capri
825 3628 1015 3707 intelligatur
1030 3630 1076 3692 in·

331 3721 475 3795 stitutus,
508 3727 539 3783 et
568 3731 795 3800 consequenter
830 3724 1076 3787 iurisdictionem

332 3811 519 3874 ordinariam
546 3821 686 3874 exerceat
710 3815 828 3876 tamin
853 3815 961 3878 fratres
982 3833 1075 3895 quam

331 3905 501 3984 respective
522 3905 555 3966 in
576 3906 744 3968 saeculares
764 3925 837 3970 suae
857 3909 1026 3986 parochiae.

371 4017 404 4061 ιι.
429 3997 675 4078 Vicepraefectus
693 4001 844 4064 eiusmodi
865 4003 903 4066 de
923 4003 1075 4066 consulta-

333 4093 417 4156 tione
438 4093 664 4172 praedictovum
680 4093 1016 4158 commissionariorum
1031 4115 1075 4158 as-

329 4187 432 4264 signet
452 4185 623 4250 subsidium
638 4187 839 4250 tribuendum
861 4197 922 4250 tam
937 4205 975 4250 er
990 4205 1077 4268 prae-

330 4280 499 4342 memorati
519 4294 575 4360 pro
596 4281 652 4342 hac
672 4280 739 4341 vice
759 4279 964 4360 eleemosyna,
980 4299 1075 4361 quam

331 4387 369 4434 ex
399 4371 457 4434 alii
484 4373 520 4435 ad
551 4372 775 4436 sexennium'a
800 4373 886 4449 regii
917 4376 1075 4438 maiestate

330 4466 476 4529 catholici
496 4466 638 4528 missioni
659 4465 761 4528 eidem
782 4465 898 4545 pariter
911 4469 1073 4546 assignati,

330 4567 361 4623 et
382 4575 579 4639 quacumque
600 4561 634 4622 in
656 4567 815 4639 posterum
836 4577 852 4622 a
869 4561 978 4640 quovis
999 4580 1073 4642 quo-

329 4653 497 4716 modolibet
519 4653 719 4730 assignandd3
743 4654 816 4732 quid
841 4655 983 4717 videlicet
1003 4655 1075 4718 illu-

329 4747 481 4809 strissimo
502 4745 753 4821 bracharense,
776 4747 905 4826 aliisque
925 4747 1073 4810 Praesuli-

328 4839 385 4902 bus
394 4839 708 4920 uophtaepraedictae
720 4840 865 4916 nationis,
874 4857 949 4920 quos
960 4839 1073 4901 merito

328 4933 557 4996 subveniendos
571 4933 790 5008 iudicaverint,
806 4933 845 4995 sit
869 4933 1072 5011 compartien-

329 5027 414 5101 dum,
436 5027 610 5090 cuiusmodi
630 5026 829 5104 assignationi
850 5035 931 5090 stare
952 5026 1071 5102 debeat,

328 5119 381 5196 qui
402 5135 457 5197 pro
478 5119 670 5183 conficiendo
689 5129 834 5200 computo
849 5120 1069 5196 designabitur.

328 5211 550 5275 Pariteretiam
561 5214 696 5289 assignet
707 5213 781 5292 quid
793 5213 933 5292 hospitiis
943 5215 979 5276 de
991 5229 1072 5276 novo

328 5305 504 5381 fundandis,
527 5313 562 5368 ut
585 5305 664 5367 infra
685 5305 760 5384 quid
783 5307 894 5368 scholis
915 5313 978 5368 tam
999 5323 1074 5385 pue-

329 5415 435 5462 rorum
455 5415 550 5478 quarn
568 5400 720 5476 virorum,
736 5400 809 5478 quid
832 5407 1006 5463 conventus
1021 5417 1073 5462 en·

329 5493 441 5570 pensis,
464 5500 495 5553 et
516 5492 590 5570 quid
604 5493 671 5554 aliis
686 5492 920 5556 necessitatibus
936 5493 986 5555 vel
1001 5509 1072 5556 con-

329 5585 513 5660 gruitutibus
534 5585 575 5647 sit
595 5585 821 5664 applicandum.
937 5577 941 5586 '

367 5695 415 5742 ιιι.
440 5678 623 5741 instituatur
643 5680 874 5759 quamprimum
889 5679 991 5742 schola
1005 5695 1072 5760 spe·

327 5771 478 5834 culativae
498 5771 661 5848 facultatis,
677 5773 718 5834 ita
734 5780 837 5836 tamen
852 5783 887 5837 nt
901 5775 937 5836 ad
953 5775 1071 5836 metho-

328 5865 403 5928 dum
424 5867 527 5946 potius
547 5867 759 5930 instructionis
780 5883 872 5948 quam
893 5868 1072 5948 disputatio-

328 5958 388 6035 nis,
406 5969 437 6023 et
457 5959 493 6022 ad
515 5961 716 6024 condiscenda
739 5961 825 6024 utilia
846 5963 958 6042 potius,
978 5977 1071 6042 quam

433 6107 485 6156 ror.
500 6107 572 6154 rom.
586 6105 617 6154 ce
633 6107 706 6168 rrop.
721 6106 980 6155 recensuerunt.
996 6111 1026 6155 ιι.

1139 723 1267 799 curiosa,
1290 737 1377 786 more
1398 721 1525 786 Pathum
1546 728 1576 788 et
1598 715 1764 788 Doctorum
1779 724 1881 788 Eccle-

1138 815 1210 892 siae,
1234 817 1364 892 accedat,
1387 833 1428 880 ne
1447 818 1590 881 scandalo
1616 818 1655 882 sit
1676 817 1882 884 Orientalibus

1139 911 1220 988 quod
1242 927 1298 989 pro
1319 912 1456 991 ipsorum
1469 911 1569 974 salute
1583 913 1774 976 instituetur.
1792 911 1884 974 Simi-

1140 1003 1213 1065 liter
1237 1004 1385 1068 habeatur
1411 1005 1513 1068 schola
1541 1005 1666 1083 linguae
1689 1005 1803 1068 latinae
1830 1020 1882 1084 pro

1138 1097 1320 1172 iuvenibus,
1348 1106 1378 1160 et
1405 1100 1532 1180 cophtae
1558 1115 1612 1161 seu
1640 1098 1799 1176 aegyptiae
1828 1113 1882 1178 pro

1138 1191 1253 1268 pueris,
1275 1198 1367 1270 atque
1395 1191 1592 1255 cathechismi
1614 1191 1806 1254 ecclesiastici
1827 1207 1882 1270 pro

1139 1283 1312 1364 utriusque.

1178 1394 1219 1438 vv.
1243 1378 1359 1442 llomus
1373 1379 1466 1442 etiam
1481 1379 1598 1443 locetur
1612 1397 1668 1460 pro
1682 1378 1793 1460 puellis
1807 1393 1880 1457 pan·

1138 1470 1274 1548 peribus
1291 1479 1325 1532 ut
1343 1479 1376 1533 et
1390 1472 1553 1536 christiani
1568 1473 1693 1536 caritate
1713 1471 1837 1534 alantur
1851 1479 1882 1532 et

1139 1564 1276 1626 doctrina
1290 1567 1361 1628 sant
1376 1566 1485 1629 mediis
1500 1581 1554 1646 per
1575 1583 1667 1646 quam
1682 1565 1819 1628 honestis
1834 1566 1881 1628 ih-

1138 1655 1324 1722 formentur.

1178 1769 1208 1810 v.
1232 1751 1401 1829 Erigantur
1416 1755 1555 1834 quinque
1569 1754 1700 1834 hospitia
1714 1753 1796 1818 ultra
1809 1771 1881 1818 con-

1138 1852 1269 1908 ventum
1284 1847 1369 1908 urbis
1383 1847 1489 1924 magni
1504 1848 1607 1926 Capri,
1623 1847 1657 1909 in
1671 1862 1805 1926 quorum
1819 1847 1882 1908 sin·

1139 1938 1220 2014 gulis
1234 1939 1343 2001 saltem
1357 1939 1420 2001 sint
1434 1941 1495 2001 duo
1509 1941 1678 2003 sacerdotes
1694 1947 1725 2002 et
1735 1955 1816 2002 unus
1828 1939 1882 2001 lai-

1139 2047 1203 2105 cus,
1216 2033 1296 2110 quod
1312 2039 1379 2095 tum
1393 2032 1591 2096 addiscendae
1605 2033 1730 2110 linguae
1746 2031 1881 2094 arabicae

1139 2130 1207 2186 tum
1229 2125 1400 2189 incolarum
1418 2126 1626 2202 instructioni,
1644 2135 1674 2188 et
1689 2125 1881 2188 inclinationi

1138 2219 1174 2279 ad
1193 2217 1321 2280 latinam
1336 2219 1502 2282 Ecclesiam
1516 2221 1682 2295 deserviet,
1699 2235 1806 2300 eaque,
1822 2218 1882 2280 nisi

1138 2313 1358 2390 opportuniora
1374 2313 1431 2374 alia
1445 2314 1632 2390 iudicentur,
1649 2313 1706 2376 sita
1722 2313 1796 2386 sint,
1813 2312 1880 2374 uni·

1137 2419 1209 2464 cum
1230 2403 1266 2464 ad
1287 2413 1426 2468 veterem
1454 2407 1588 2484 Cayrum
1609 2405 1661 2468 ubi
1686 2406 1759 2468 lima
1785 2404 1880 2482 Virgo

1137 2495 1228 2557 llaria
1262 2513 1333 2560 cum
1361 2515 1457 2577 puero
1485 2501 1552 2561 lesu
1580 2499 1691 2562 dicitur
1717 2497 1879 2572 habitasse,

1136 2589 1218 2651 aliud
1240 2592 1275 2653 ad
1297 2591 1461 2667 Faiumen,
1494 2609 1555 2670 quo
1577 2591 1610 2654 in
1632 2592 1784 2672 praesenti
1808 2607 1879 2654 con·

1136 2698 1262 2745 currere
1277 2684 1461 2746 missionarii
1475 2685 1587 2761 solent,
1601 2685 1683 2748 aliud
1697 2685 1733 2747 ad
1747 2684 1878 2762 Deltam,

1135 2791 1190 2838 seu
1215 2777 1390 2852 Baharialm,
1415 2793 1508 2856 quam
1533 2778 1745 2856 frequentasse
1767 2779 1881 2842 dicitur

1136 2869 1200 2948 ipse
1222 2869 1303 2932 lesus
1325 2885 1396 2933 cum
1417 2871 1589 2934 Patriarchd
1619 2872 1649 2935 S.
1675 2872 1793 2951 loseph,
1818 2871 1879 2934 duo

1135 2961 1260 3026 tandem
1281 2965 1317 3026 ad
1339 2963 1420 3040 Said,
1441 2963 1494 3026 ubi
1515 2965 1612 3028 maior
1633 2973 1679 3028 est
1700 2966 1807 3028 messis
1828 2981 1896 3044 po-‘

1134 3055 1199 3136 puli
1221 3057 1391 3119 christiani.

1174 3167 1217 3211 vr.
1242 3151 1277 3212 ln
1298 3159 1453 3214 conventu
1471 3151 1520 3214 vel
1535 3151 1664 3228 collegio
1682 3151 1767 3214 urbis
1789 3153 1879 3232 Capri

1133 3244 1242 3306 saltem
1253 3245 1315 3306 sint
1329 3253 1397 3306 octo
1410 3244 1580 3308 sacerdotes
1595 3261 1667 3307 curn
1682 3245 1774 3308 unico
1789 3245 1877 3322 laico,

1133 3351 1303 3415 omnesque
1323 3338 1343 3398 ii
1370 3338 1450 3400 sicut
1471 3345 1502 3400 et
1529 3338 1642 3416 reliqui
1672 3337 1878 3416 hospitiorum

1133 3429 1171 3492 de
1182 3425 1296 3492 familia
1311 3429 1394 3494 illius
1408 3431 1564 3494 missionis
1575 3447 1641 3494 esse
1651 3431 1877 3510 intelligantur,

1132 3532 1225 3603 atque
1245 3525 1383 3588 eiusdem
1405 3525 1539 3588 instituti
1567 3525 1736 3588 strictioris
1762 3525 1877 3588 scilicet

1132 3617 1350 3682 observantiae
1377 3633 1414 3680 ex
1443 3620 1633 3682 cismontani
1653 3627 1685 3682 et
1708 3619 1877 3682 ultramon-

1133 3715 1202 3774 tani
1223 3711 1347 3788 familia,
1370 3713 1421 3774 vel
1442 3730 1481 3776 ex
1502 3729 1610 3776 earum
1625 3713 1773 3778 alterutri
1786 3713 1877 3776 advo-

1131 3807 1234 3880 candi,
1263 3807 1317 3884 qui
1338 3807 1441 3869 cuncti
1464 3806 1496 3868 in
1517 3805 1681 3883 omnibus,
1714 3823 1792 3886 quae
1813 3823 1876 3870 non

1130 3899 1193 3961 sint
1214 3907 1321 3961 contra
1343 3900 1490 3976 animam,
1512 3900 1663 3976 regulam,
1687 3899 1717 3964 S.
1742 3901 1878 3978 Congre-

1132 3991 1263 4069 gationis
1284 3991 1492 4055 ordinationes
1514 3999 1545 4055 et
1561 4001 1691 4070 nostras,
1706 3995 1876 4071 guardiano

1131 4084 1405 4164 hierosolymitano
1426 4086 1541 4149 subditi
1561 4087 1640 4162 sint,
1663 4087 1776 4167 reliqui
1801 4105 1875 4152 vero

1130 4177 1240 4241 fratres
1260 4179 1296 4240 ad
1316 4181 1457 4244 eamdem
1482 4182 1650 4244 custodiam
1671 4183 1875 4260 pertinentes,

1130 4277 1161 4332 et
1182 4271 1215 4334 in
1236 4271 1413 4350 Aegyptum
1435 4273 1666 4350 quomodolibet
1688 4275 1875 4354 appellantes

1130 4380 1222 4444 quam
1250 4364 1341 4427 citius
1363 4365 1431 4426 sveri
1453 4367 1546 4444 possit
1571 4385 1587 4428 a
1608 4367 1761 4446 praedicto
1786 4384 1875 4446 guar·

1130 4457 1221 4521 diano
1248 4455 1286 4520 de
1317 4474 1427 4521 eorum
1457 4461 1593 4522 adventu
1623 4461 1785 4524 certiorato
1816 4462 1875 4524 alio

1130 4552 1307 4627 mittantur,
1320 4551 1379 4614 nisi
1394 4552 1494 4616 eidem
1508 4553 1649 4616 missioni
1660 4553 1698 4614 de
1712 4555 1875 4631 guardiani

1130 4644 1268 4708 eiusdem
1290 4644 1413 4706 licentia
1434 4653 1464 4706 et
1485 4645 1699 4724 vicepraefecti
1723 4663 1875 4711 consensu

1129 4739 1166 4800 ad
1186 4746 1310 4817 tempus
1329 4738 1478 4800 servituri
1498 4739 1706 4803 detineantur.

1169 4831 1226 4894 Per
1246 4832 1299 4894 hos
1315 4832 1439 4894 undem
1454 4832 1671 4896 confirmantes
1684 4833 1756 4896 alias
1770 4842 1875 4914 paten-

1130 4934 1175 4988 tes
1196 4933 1315 4988 nostras
1329 4925 1385 4988 tibi
1400 4941 1555 4988 concessas
1570 4941 1641 4988 ιιιιι.
1656 4927 1789 4990 ianuarii
1805 4946 1874 4992 cur·

1129 5021 1227 5082 rentis
1247 5019 1320 5080 anni
1342 5026 1371 5080 te
1393 5019 1427 5080 iu
1449 5019 1563 5082 Christi
1590 5020 1758 5084 visceribus
1782 5023 1873 5086 enixe

1128 5111 1381 5176 commendamus
1402 5113 1521 5175 cunctis
1535 5112 1734 5176 inferioribus
1748 5117 1870 5192 nostris,
1892 5093 1920 5168 θ

1128 5207 1164 5269 ad
1185 5223 1261 5287 quos
1289 5207 1398 5286 hospes
1419 5207 1590 5282 accesseris,
1613 5210 1773 5288 nostrique
1792 5211 1872 5288 apud

1128 5303 1226 5365 Deum
1252 5299 1443 5363 memineris.
1472 5299 1583 5363 ilatum
1610 5301 1724 5364 Romae
1744 5302 1778 5364 in
1801 5319 1872 5366 cou-

1127 5404 1226 5459 ventu
1247 5405 1353 5457 nostro
1374 5394 1583 5458 Aracaelitano
1610 5395 1659 5457 die
1680 5412 1769 5458 xxix.
1793 5397 1871 5461 iunii

1127 5505 1324 5554 uocnnxxvv.
1355 5491 1462 5552 Frater
1489 5489 1597 5550 Petrus
1622 5489 1758 5552 liar-inus
1778 5491 1871 5554 mini·

1127 5592 1191 5646 ster
1212 5583 1377 5660 generalis,
1400 5585 1437 5646 de
1458 5581 1602 5644 mandato
1621 5598 1695 5644 suae
1715 5587 1801 5646 rainae
1819 5602 1869 5664 pa·

1127 5677 1282 5739 ternitatis
1310 5678 1361 5739 Fr.
1385 5677 1492 5755 loseph
1516 5693 1532 5738 a
1557 5676 1659 5738 Leone
1687 5679 1870 5742 secretarius

1127 5769 1278 5846 generalis
1298 5769 1462 5834 Ordinis.»

1166 5864 1235 5939 §2
1261 5867 1339 5929 Cum
1360 5871 1464 5927 autem
1491 5865 1571 5927 sicut
1591 5865 1697 5928 eadem
1721 5865 1869 5945 expositio
1908 5879 2098 5986 „⁰,?,¹,¹,¹¹,¹;¹²¹³‘¹⁰

1126 5960 1354 6038 subiungebat,
1391 5962 1525 6024 firmiora
1553 5960 1616 6024 sint
1648 5967 1679 6024 et
1703 5934 1906 6026 serventurp

1738 6111 1763 6157 1³

1334 6219 1351 6258 0

1823 573 1862 650 97
1912 575 1966 640 Aa.
1981 571 2012 640 (ta⁴
2032 573 2100 640 leet
