4866 6980
115 593 171 648 Au.
187 597 218 648 C.
241 597 311 649 1678

975 617 1182 664 tsuocurt'rtt’s
1205 619 1247 663 xl.

340 735 468 799 licarum
490 738 540 800 vel
561 737 670 801 Sacrae
691 737 946 816 Congregitionis
961 737 1081 801 dePro-

340 829 474 908 paganda
499 831 584 905 Fide,
607 840 660 895 aut
681 849 951 912 quorumcumque
978 833 1081 896 decre-

341 933 443 988 torum
458 925 597 988 eiusdem
608 943 709 988 sacrae
721 927 987 1004 congregationis,
1000 943 1082 989 nuu-

339 1036 430 1098 quam
452 1035 503 1082 mc
523 1020 743 1096 intromittam,
760 1022 809 1082 vel
831 1022 1006 1100 impediam,
1024 1021 1081 1083 sub

338 1114 447 1192 quovis
469 1121 641 1191 praetextu,
664 1123 715 1178 aut
738 1116 831 1178 etiam
853 1116 989 1192 legitimi
1009 1114 1079 1178 sub-

340 1207 487 1286 reptionis
518 1208 569 1268 vel
595 1208 785 1287 obreptionis
817 1211 922 1284 causi,
953 1208 1003 1270 vel
1025 1209 1081 1270 alid

338 1317 543 1380 quacumque,
566 1303 617 1364 sed
634 1303 754 1364 easdem
778 1303 894 1365 litteras
909 1307 939 1364 et
960 1305 1080 1365 decreta

338 1409 550 1472 quaecumque
565 1409 687 1474 semper
701 1411 773 1456 curu
788 1393 887 1458 debita
907 1395 1079 1456 reverentii

338 1486 499 1565 recipiam,
524 1487 638 1566 iisque,
665 1494 700 1549 ut
727 1503 781 1565 par
807 1495 865 1561 est,
896 1487 1078 1561 obediendo,

337 1581 465 1643 Sanctae
482 1579 552 1643 Sedi
569 1580 759 1660 spostolicae
775 1579 971 1660 postmodum
988 1597 1079 1660 eupo-

339 1689 411 1736 nam
432 1673 457 1734 si
478 1690 556 1752 quae
577 1680 682 1736 contra
702 1675 881 1736 earumdem
904 1673 1078 1736 litterarum

337 1767 387 1830 vel
408 1769 603 1830 decretorum
626 1783 717 1830 usum
739 1775 911 1847 opportuna
929 1768 1081 1830 videbun·

339 1871 399 1936 tur,
421 1877 585 1939 uunquam
601 1867 704 1922 tamur
720 1861 870 1924 retardata
886 1862 1078 1924 executione.
1105 1908 1108 1927 .

337 1955 550 2019 Ordinationes
564 1953 661 2016 dictae
677 1954 773 2027 Sedis,
788 1962 819 2016 et
832 1955 993 2031 signanter
1007 1970 1079 2016 con·

336 2049 513 2112 stitutioues
529 2049 733 2112 summorum
748 2047 933 2110 Pontificum
949 2047 1079 2109 Alexan-

337 2144 384 2206 dri
406 2143 485 2218 Vll.,
508 2142 679 2206 Clementis
702 2141 753 2204 lll.
783 2149 814 2202 et
840 2141 1010 2205 Clementis
1037 2141 1076 2204 X.

337 2238 423 2300 omui
444 2253 503 2315 qua
525 2237 612 2298 decet
633 2235 808 2298 reverentii
828 2236 943 2313 recipio
965 2243 996 2296 et
1016 2251 1079 2296 am·

337 2331 464 2411 plector,
486 2347 519 2392 ac
546 2329 732 2391 nominatim
755 2328 872 2389 litteras
903 2328 1079 2406 apostolicas

337 2425 369 2486 in
391 2423 488 2486 iormi
510 2424 616 2486 Brevis
632 2422 787 2500 expeditas
802 2438 935 2499 quarum
952 2422 1077 2482 initium

338 2517 429 2580 Decet
445 2515 624 2580 Romanum
637 2515 833 2594 Pontificem,
851 2523 922 2586 etc„
939 2515 1079 2578 datasdie

338 2629 429 2674 rxrrr.
441 2611 505 2674 dea.
520 2627 713 2686 uncturus,
729 2609 840 2688 quibus
855 2609 1079 2672 confirmantur

337 2706 441 2768 brevia
462 2712 493 2767 et
520 2704 758 2768 constitutiones
785 2721 817 2765 ac
838 2704 931 2766 etiam
958 2703 1078 2765 decreta

336 2801 447 2864 Sacrae
460 2797 715 2875 Cougregationis
736 2797 773 2860 de
787 2798 982 2876 Propaganda
1004 2799 1078 2862 Fida

335 2893 372 2954 ad
384 2893 520 2954 lavarem
532 2891 725 2954 vicariorum
740 2891 985 2970 Apostolicorum
999 2894 1077 2970 apud

337 2985 424 3049 Sinas
436 2987 653 3064 deputatorum
668 2991 819 3060 emanata,
836 2984 914 3048 ¹alias
928 2984 1079 3064 iucipien-

337 3088 382 3142 tes
405 3077 496 3141 lilius
519 3079 572 3156 pati
595 3078 739 3141 claritas
756 3084 813 3150 est,
828 3085 901 3149 etc,
925 3075 1078 3156 expeditas

335 3172 442 3236 endem
457 3173 506 3234 die
521 3187 601 3232 uxrrr
615 3171 785 3233 decembris
800 3186 994 3248 uocarunt,
1010 3172 1079 3249 qui-

338 3267 392 3330 bus
422 3266 596 3328 declaratur
623 3264 797 3328 Ordiuarios
826 3265 981 3328 ludiarum
1014 3283 1077 3330 nou

337 3377 423 3439 posse
438 3373 582 3422 exercere
596 3367 680 3420 actus
696 3357 954 3420 iurisdictionales
969 3359 1000 3419 in
1016 3359 1079 3422 dic·

336 3461 381 3517 tos
402 3452 539 3516 llicarios
561 3451 760 3530 apostolicos,
781 3467 954 3530 eorumque
975 3453 1078 3530 provi-

334 3547 429 3610 carios
440 3555 472 3609 et
487 3545 638 3623 operarios
653 3543 685 3606 iu
698 3543 865 3622 provinciis
876 3545 933 3606 sibi
945 3544 1078 3622 assigna·

336 3641 385 3716 tis,
406 3640 458 3702 sed
480 3637 597 3700 eisdem
613 3637 733 3700 vicariis
749 3639 781 3699 iu
801 3637 888 3700 dictis
910 3641 1077 3717 provinciis

334 3732 578 3796 iurisdictionem
595 3731 747 3810 privative
762 3731 859 3810 quoad
872 3747 980 3794 omues
995 3749 1078 3795 com-

334 3835 449 3904 petere,
466 3843 500 3887 ac
516 3825 597 3900 alias,
621 3840 753 3904 quarum
776 3825 902 3886 initium
919 3824 1077 3889 Christia-

335 3939 394 3987 oue
426 3920 593 4002 relipioais
621 3925 651 3980 et
673 3919 849 3981 ratioticec
879 3918 970 3997 fidei,
997 3923 1075 3992 etc,

334 4022 488 4078 emanatas
508 4013 557 4074 die
579 4030 648 4074 vrrr.
665 4012 744 4074 iunii
760 4029 948 4086 sucurram,
966 4013 1077 4091 quibus

1824 600 1860 662 itt

1137 737 1321 800 sanctissimi
1342 739 1458 802 domiui
1473 741 1571 804 nostri
1593 740 1765 803 iunocentii
1776 739 1880 801 divini

1137 831 1331 908 providentii
1353 833 1448 911 Papae
1466 833 1517 896 xl.
1535 834 1804 908 constitutionem,
1820 850 1879 911 qua

1138 925 1305 1003 praesentis
1336 927 1503 990 iuramenti
1534 927 1667 989 iormula
1695 927 1878 1006 praescripta

1137 1027 1193 1094 est,
1216 1019 1386 1098 respective
1414 1020 1579 1099 impositis,
1602 1027 1711 1100 sponte
1733 1027 1764 1082 et
1785 1019 1879 1081 libere

1136 1113 1275 1175 subiicio.
1299 1113 1352 1188 lta,
1377 1115 1464 1176 tactis
1478 1114 1677 1176 sacrosanctis
1698 1112 1877 1190 evangeliis,

1136 1207 1295 1286 promitto,
1309 1222 1407 1268 voveo
1421 1213 1451 1268 et
1472 1209 1553 1282 iuro,
1576 1207 1618 1266 sic
1634 1223 1684 1267 me
1698 1207 1778 1270 [teus
1793 1205 1878 1268 adiu-

1136 1309 1188 1363 vet
1209 1308 1240 1362 et
1261 1299 1334 1362 baec
1365 1307 1467 1362 sancta
1494 1299 1548 1362 Dei
1577 1300 1747 1377 evangelia.
1777 1299 1877 1361 Locus

1135 1392 1394 1470 subscriptionis.
1413 1395 1478 1470 Ego
1500 1393 1537 1455 N.
1561 1409 1657 1456 mauu
1672 1395 1792 1474 proprii
1807 1411 1836 1454 a.

1136 1581 1310 1642 litterarum
1327 1581 1539 1658 transumptis,
1551 1597 1605 1642 seu
1620 1581 1771 1659 exemplis
1786 1582 1879 1643 etiam

1136 1674 1302 1752 impressis,
1329 1689 1424 1736 mauu
1455 1673 1585 1735 alicuius
1620 1673 1732 1735 notarii
1763 1675 1877 1752 publici

1134 1767 1323 1846 subscriptis,
1341 1774 1371 1828 et
1392 1765 1493 1844 sigillo
1514 1782 1664 1845 personae
1685 1767 1718 1830 iu
1740 1767 1878 1830 ecclesia-

1134 1860 1208 1921 stica
1229 1860 1378 1936 dignitate
1399 1861 1584 1921 constitutae
1610 1861 1750 1934 munitis,
1774 1859 1878 1922 eadem

1176 1489 1194 1561 ἓ
1217 1487 1264 1548 li.
1288 1487 1435 1549 Ceterum
1458 1486 1604 1550 volumus
1619 1494 1654 1548 ut
1668 1487 1877 1565 praesentium

1135 1966 1259 2030 prorsus
1282 1951 1355 2014 sides
1378 1952 1490 2031 ubique
1513 1951 1652 2014 locorum
1673 1961 1734 2015 tam
1757 1953 1880 2016 iniudi-

1134 2046 1180 2106 cio
1202 2061 1294 2123 quam
1316 2051 1403 2106 extra
1424 2045 1500 2108 illud
1516 2045 1674 2122 habeatur,
1690 2063 1768 2126 quae
1790 2047 1878 2110 babe-

1135 2147 1222 2202 retur
1243 2139 1314 2218 ipsis
1336 2138 1546 2217 praesentibus
1561 2139 1586 2200 si
1605 2139 1707 2202 iorent
1725 2140 1878 2204 erlaibitao

1135 2232 1185 2294 vel
1206 2239 1359 2294 ostensae.
1481 2284 1494 2317 ,

1174 2327 1285 2387 batum
1313 2325 1438 2401 Romae,
1465 2325 1545 2404 apud
1574 2325 1604 2390 S.
1632 2327 1759 2390 llariarn
1787 2328 1877 2390 bloio·

1911 597 1964 651 An.
1979 600 2008 652 0.
2030 601 2099 652 1678

1950 1484 2022 1530 rides
2039 1487 2108 1532 tram

1897 1539 2012 1595 sumptis.

1135 2435 1213 2495 rem,
1233 2419 1291 2481 sub
1310 2419 1426 2481 annulo
1447 2421 1617 2496 PiscatoriS,
1633 2419 1683 2482 die
1699 2438 1730 2482 x.
1747 2422 1894 2484 octobris'

1135 2531 1347 2590 uuonrrvun,
1371 2513 1565 2592 pontificatus
1585 2515 1683 2576 nostri
1704 2531 1785 2581 anuo
1807 2533 1854 2577 ιιι.

1480 2795 1531 2859 vl.

1105 2938 1107 2965 Ι
1135 2985 1295 3062 Approbot
1310 2984 1434 3048 decreto
1451 2985 1482 3049 S.
1502 2985 1638 3050 Rittium
1653 2985 1879 3066 Gottprcpotio-

1173 3079 1237 3149 vtis,
1255 3079 1291 3140 dc
1312 3079 1354 3140 iis
1376 3096 1455 3156 puae
1477 3081 1511 3140 io
1538 3080 1646 3142 causis
1674 3079 1877 3161 beatificatio-

1105 3204 1106 3225 ι
1174 3187 1252 3234 oum
1264 3179 1294 3234 ct
1306 3173 1592 3235 canonizationem
1606 3171 1797 3236 Sanctorum
1812 3189 1875 3234 scr-

1104 3254 1106 3339 ἷ
1173 3265 1279 3328 cnudo
1301 3271 1391 3336 suot,
1414 3263 1637 3343 approbantur
1659 3265 1715 3348 (l).

1103 3342 1106 3495 Ι
1174 3451 1391 3514 Sanctissimus
1419 3453 1564 3515 dominus
1594 3461 1699 3517 noster
1726 3457 1876 3518 iunocen-

1103 3526 1106 3631 ι
1134 3546 1194 3608 tius
1216 3545 1280 3620 lll.,
1304 3545 1429 3624 provide
1451 3546 1647 3610 considerans
1663 3551 1742 3626 qraod
1765 3550 1797 3612 iu
1813 3551 1875 3612 toti

1134 3638 1284 3700 Ecclesiae
1295 3638 1521 3715 gubernatione
1535 3639 1614 3701 nibil
1628 3642 1727 3702 maius
1741 3650 1794 3704 aut
1809 3659 1875 3718 gra-

1133 3732 1202 3793 vius
1212 3732 1251 3792 sit
1263 3747 1356 3809 quarn
1367 3732 1508 3794 homiues
1519 3731 1666 3795 declarari
1678 3750 1733 3812 pro
1745 3733 1874 3808 Sanctis,

1133 3841 1247 3902 eosque
1261 3825 1307 3886 uti
1324 3825 1398 3886 tales
1416 3825 1559 3888 colendos
1572 3833 1603 3887 et
1619 3829 1812 3889 venerandos
1826 3829 1877 3890 de·

1133 3933 1274 3992 cernere,
1297 3925 1328 3979 et
1349 3919 1542 3997 perpendens
1570 3921 1655 3998 quod
1672 3920 1758 3997 (licet
1778 3919 1875 3982 felicis

1907 3453 2002 3500 causae
2013 3453 2106 3502 borum

1893 3507 2062 3555 decretorum.

1133 4010 1352 4073 recordationis
1364 4011 1506 4074 Urbanus
1519 4011 1595 4074 lllll.
1606 4015 1644 4076 de
1655 4013 1782 4076 consilio
1795 4015 1875 4078 Con·
1924 4009 1926 4014 ’

334 4110 427 4171 etiarn
448 4124 556 4170 severe
577 4105 759 4184 prohibetur
774 4105 918 4167 omuibus
939 4107 1078 4168 ecclesia·
1103 4102 1105 4159 ἱ
1133 4103 1321 4180 gragationis
1344 4104 1396 4167 SS.
1420 4105 1633 4183 Inquisitionis
1654 4107 1804 4168 nonnulla
1826 4125 1875 4169 su-

333 4203 415 4264 sticis
436 4201 640 4264 saecularibus
663 4207 693 4261 et
715 4198 906 4276 regularibus
935 4216 974 4261 ne
995 4201 1077 4278 quis·
1133 4213 1186 4276 per
1207 4197 1264 4258 boc
1286 4197 1415 4259 ediderit
1432 4198 1564 4273 decreta,
1586 4199 1780 4278 subindeque
1793 4217 1875 4264 sacra

333 4311 426 4375 quam
447 4293 631 4366 emendicat,
654 4300 799 4370 procuret
820 4292 870 4354 vel
891 4301 1027 4371 acceptet
1041 4295 1077 4356 ab
1134 4290 1263 4352 flituum
1274 4290 1478 4368 Gougregatio
1490 4291 1562 4352 alias
1574 4293 1782 4354 ordinationes
1798 4293 1876 4355 iece-

334 4388 499 4453 llrdiuariis
531 4387 689 4448 indiarum
721 4386 836 4448 litteras
852 4389 1077 4466 ‘quascumque
1134 4383 1173 4446 rit
1190 4383 1363 4446 secuudum
1375 4400 1502 4446 casuum
1513 4385 1739 4462 contingentias
1756 4405 1771 4447 a
1786 4387 1876 4450 Sum-

335 4500 389 4560 pro
408 4477 578 4544 exercendi
597 4481 809 4542 iurisdictione
830 4481 862 4541 iu
875 4478 947 4542 locis
968 4479 1076 4542 iisdem
1133 4478 1191 4540 mis
1223 4477 1421 4540 Pontificibus
1451 4479 1640 4560 approbatas)
1670 4481 1876 4544 nibilominus

336 4575 463 4638 vicariis
484 4573 664 4637 commissis.
690 4575 728 4635 Et
743 4575 869 4636 demum
890 4589 953 4635 nou
975 4574 1077 4636 solum
1103 4620 1105 4629 .
1132 4573 1322 4650 experientia
1355 4573 1459 4636 docuit
1489 4575 1570 4652 quod
1596 4574 1695 4636 adbuc
1725 4575 1875 4638 nonnulla

336 4668 476 4746 praelatis
497 4666 642 4728 omnibus
662 4665 936 4727 constitutionibus
947 4673 978 4726 et
990 4665 1022 4726 iu
1033 4665 1076 4726 ais
1102 4672 1105 4715 i
1132 4668 1344 4729 desiderantur
1366 4683 1421 4746 pro
1442 4667 1563 4728 meliori
1590 4685 1748 4730 causarum
1771 4669 1874 4731 huius-

334 4761 487 4824 couteutis
502 4760 631 4824 decretis
647 4760 754 4822 Sacrae
772 4759 1025 4837 congregationis
1040 4761 1077 4821 de
1102 4728 1105 4852 Ῐ
1132 4759 1215 4822 modi
1244 4760 1430 4837 directione;
1464 4761 1577 4823 idcirco
1598 4761 1686 4824 iussit
1714 4763 1874 4824 materiam

336 4853 528 4933 Propagauda
560 4853 645 4928 Fide,
667 4852 718 4914 sed
741 4853 834 4914 etiarn
861 4852 927 4912 aliis
950 4852 1075 4929 quibus·
1102 4868 1104 4897 =
1131 4853 1298 4930 diligenter
1319 4853 1441 4929 discuti,
1457 4853 1594 4932 primurn
1610 4855 1642 4916 iu
1662 4855 1874 4932 congregatio·
1902 4877 1905 4882 ¹

332 4964 476 5026 cumque,
499 4963 578 5027 quae
598 4946 632 5008 in
655 4947 798 5009 luturum
817 4947 853 5008 ad
874 4945 1010 5006 lavorom
1032 4952 1077 5007 et·
1102 4906 1104 4987 l
1132 4947 1223 5009 nibus
1244 4947 1490 5026 particularibus,
1513 4949 1624 5011 deiude
1645 4965 1719 5012 vero
1735 4951 1766 5010 iu
1783 4965 1876 5026 gene-

335 5042 393 5102 iam
411 5041 601 5103 vicariorum
614 5039 859 5119 Apostolicorum
875 5038 1074 5114 emauabuut,
1102 5020 1104 5067 ¹
1131 5039 1256 5115 ralibus,
1278 5047 1370 5118 prout
1396 5039 1511 5103 iactum
1540 5041 1609 5116 luit,
1633 5050 1663 5103 et
1683 5043 1741 5103 sub
1769 5043 1874 5104 diebus

332 5135 605 5196 constitutionibus
627 5140 657 5195 et
678 5133 808 5195 decretis
830 5132 962 5194 fideliter
977 5140 1007 5193 et
1028 5133 1075 5200 iu·
1102 5200 1104 5209 ,
1132 5149 1175 5195 ιιι.
1200 5133 1268 5196 iulii
1288 5141 1319 5195 et
1342 5151 1382 5196 vv.
1412 5135 1535 5211 augusti
1562 5151 1761 5197 uuovmxvrrr.
1792 5153 1872 5197 erua-

334 5237 419 5304 tegre
440 5228 561 5307 parebo.
586 5227 753 5288 Praemisso
779 5225 881 5287 omnia
903 5231 933 5286 et
954 5225 1076 5302 singula
1102 5216 1104 5245 *
1132 5235 1246 5288 naruut
1274 5227 1478 5290 resolutiones
1510 5237 1692 5307 sequentes,
1720 5229 1744 5290 si
1774 5229 1872 5292 eidem

335 5321 553 5383 inviolabiliter
573 5320 751 5395 observabo,
764 5327 795 5380 et
810 5320 922 5396 absque
939 5317 1000 5380 ulli
1017 5327 1076 5380 tar·
1102 5297 1104 5405 ξ
1132 5319 1329 5382 sanctissimo
1352 5319 1500 5398 placuerit
1521 5322 1735 5401 publicandae:

333 5413 1104 5492 givetsationeadimplebo.Siauteut(quod[leus'
1398 5469 1403 5480 .
1535 5409 1538 5418 “
1743 5471 1748 5480 .
1798 5472 1803 5480 .

331 5507 462 5587 avertat)
479 5525 603 5586 quoquo
625 5508 715 5569 modo
733 5506 994 5582 contravenerim,
1012 5523 1073 5581 me,
1101 5480 1104 5603 ζ
1171 5469 1189 5544 5
1212 5468 1239 5530 ¹·
1261 5467 1478 5530 R⁶⁸⁰¹²m⁰ue⁸
1501 5469 1531 5532 s·
1559 5471 1830 5552 ⁶⁰⁷²⁹r⁸96n⁰⁷²⁶⁸⁴

333 5599 1076 5680 totiesquotiesdevenerit,poeuis,tamperprae-
1102 5618 1104 5637 ’
1171 5619 1193 5664 ι.
1217 5603 1474 5666 animadvertens
1503 5603 1609 5667 eadam
1630 5622 1712 5667 sacra
1737 5606 1873 5683 Gangre·
1918 5619 2030 5666 uoactts
2046 5631 2103 5665 auo-

331 5694 425 5756 dictas
440 5695 689 5769 constitutiones,
703 5709 795 5773 quam
806 5709 860 5773 per
874 5694 1074 5756 novissimam
1102 5721 1103 5754 r
1131 5696 1212 5772 gatio
1234 5697 1314 5774 quod
1342 5698 1550 5761 necessarium
1578 5699 1617 5761 sit
1639 5705 1673 5760 ut
1701 5715 1870 5778 processus,
1892 5673 2103 5774 {?i¹²f{ss?0⁰,{i¹1¹,¹{²'

373 5939 402 5994 (1)
418 5939 455 5982 Ex
468 5938 534 5983 Bull.
551 5937 589 5983 ed.
606 5904 703 5984 taurin.
719 5937 767 5982 voL
782 5939 854 5994 xlx,
864 5950 887 5996 p.
900 5939 946 5992 123,
955 5938 1013 5984 coll.
1024 5939 1071 5983 etc.
1129 5939 1283 5997 liturgicum
1298 5941 1330 5985 da
1345 5943 1417 5998 Prop.
1429 5939 1499 5997 Fida,
1510 5941 1599 5986 tamen
1611 5940 1694 5998 ipsam
1709 5940 1802 5996 refero,
1812 5951 1872 5986 eum

330 6004 389 6052 Etsi
403 6005 466 6052 baec
480 6005 634 6052 constitutio
649 6015 700 6050 uon
715 6005 820 6064 proprie
840 6005 971 6062 pertineat
985 6006 1018 6052 ad
1032 6005 1073 6052 ius
1129 6006 1164 6052 ait
1179 6007 1273 6052 saltem
1289 6007 1363 6052 utilis
1379 6007 1406 6052 in
1421 6007 1485 6052 locis
1507 6007 1662 6053 missionum
1678 6007 1735 6053 eius
1749 6007 1871 6065 cognitio.
