4848 6990
104 582 164 642 Aa.
178 589 210 644 O.
233 581 301 642 1686

106 4195 229 4240 Litterae
245 4194 320 4240 mini-

93 4249 139 4294 stri
162 4247 305 4304 generalis.

973 591 1184 647 insectantes
1204 593 1249 648 xl.

333 725 441 788 Petrus
462 720 599 788 Marinus
621 719 802 799 Sermano's,
822 720 967 785 minister
988 738 1082 800 gene·

333 823 404 884 ralis
419 822 558 882 eiusdem
570 819 702 894 Ordinis,
716 821 886 882 erectiones
900 819 1081 881 seminario-

334 931 405 976 ram
427 929 481 975 seu
503 915 707 990 collegiorum
732 914 923 986 huiusmodi,
952 929 1082 973 consen-

334 1025 402 1070 sum
436 1008 667 1084 provinciarum
699 1007 881 1068 auctoritate
912 1007 960 1066 soi
991 1005 1082 1066 officii

244 1117 252 1124 ·
334 1101 516 1179 supplendo,
541 1101 606 1161 fieri
629 1101 687 1162 sub
714 1101 812 1160 formal
834 1101 865 1160 in
887 1099 949 1160 suis
972 1100 1082 1160 litteris

335 1195 479 1264 contenti
501 1193 650 1268 decrevit,
673 1211 717 1268 ac,
736 1194 794 1254 sub
815 1194 922 1270 poenis
944 1209 1000 1270 per
1021 1209 1084 1252 ras-

335 1289 405 1350 dem
418 1288 535 1349 litteras
546 1287 749 1366 praescriptis,
762 1288 989 1365 praedictarum
1001 1301 1083 1344 erec·

336 1381 459 1442 tionum
491 1379 733 1456 protractionem
762 1387 792 1441 et
825 1379 1080 1456 impedimentum

336 1474 463 1534 illarum
495 1474 629 1552 partium
665 1473 874 1551 superioribus
905 1469 1082 1544 interdixit3

337 1567 464 1644 insuper
485 1565 710 1637 seminariam
734 1566 896 1642 Hispaniae
918 1563 1083 1642 provinciis

337 1659 397 1719 iam
419 1665 519 1719 ereata
541 1665 572 1718 et
593 1659 626 1718 in
648 1665 811 1736 posteram
840 1657 996 1732 erigenda,
1020 1672 1081 1716 non

336 1753 437 1813 solum
459 1753 495 1812 ad
518 1751 666 1828 optimam
689 1752 826 1812 fnlelium
846 1750 1084 1811 instructionem

338 1857 368 1909 et
388 1860 557 1924 tuavorum
578 1859 704 1904 morum
726 1845 982 1906 reformationem
1005 1841 1086 1902 ordi·

338 1939 442 2012 navit,
475 1937 642 1998 sedetiam
665 1953 698 1996 ea
725 1937 761 1998 ad
784 1937 813 1997 id
840 1935 990 1997 destinata
1019 1951 1085 1996 esse

337 2033 448 2106 voluit,
465 2039 501 2091 ut
523 2032 671 2092 transitos
694 2031 727 2091 in
752 2031 906 2092 indiarum
922 2030 1084 2090 missiones

337 2125 482 2200 ompibos
496 2123 728 2201 provinciarum
743 2121 905 2200 Hispaniae
920 2121 1082 2197 religiosis,

337 2219 390 2298 qai
412 2220 496 2296 prins
518 2233 574 2294 per
594 2219 670 2279 duos
697 2233 805 2290 annos,
828 2216 876 2276 vel
902 2215 983 2276 aliod
1007 2223 1084 2277 tem-

337 2311 420 2391 poris
450 2311 585 2388 spatium
614 2310 651 2370 ab
682 2310 839 2370 indiarum
874 2307 1084 2369 commissario

338 2403 474 2478 generali
489 2403 603 2463 Hatriti
625 2402 780 2463 residente
802 2401 1034 2476 assignandum,
1051 2401 1083 2460 in

337 2497 440 2574 aliquo
461 2511 500 2556 ex
521 2495 684 2572 praedictis
714 2493 888 2556 seminariis
916 2509 989 2553 suae
1012 2493 1084 2553 reli·

338 2589 504 2664 giositatis,
527 2587 700 2649 idoneitatis
722 2605 755 2648 ac
777 2587 945 2649 vocationis
973 2585 1083 2647 indicia

337 2689 369 2743 et
392 2681 608 2742 testimonium
624 2696 687 2742 non
703 2680 857 2752 dederint,
873 2680 1001 2740 servatis
1022 2695 1085 2739 ser-

337 2773 456 2846 vandis,
472 2775 681 2852 prohibeatur,
697 2789 729 2833 ac
743 2772 838 2834 simul
854 2771 1083 2849 provinciarum

338 2867 369 2927 in
392 2866 486 2928 lndiis
507 2867 709 2928 existentium
736 2865 959 2938 reformationi,
985 2865 1009 2923 si
1032 2864 1083 2924 itta

337 2965 455 3032 carent,
471 2959 662 3031 consolator,
679 2959 880 3036 fideliumque
899 2966 960 3018 tam
976 2957 1008 3018 in
1024 2957 1084 3018 illis

337 3069 429 3130 qoam
452 3054 484 3114 in
506 3053 667 3130 Hispaniae
681 3052 819 3130 partibus
840 3051 1021 3128 degentium
1036 3065 1085 3111 ae-

336 3145 512 3218 dificationi,
539 3144 713 3206 infidelium
734 3144 941 3217 conversioni,
965 3159 997 3204 ac
1018 3159 1083 3204 om·

337 3239 427 3300 aiom
448 3239 623 3300 animarum
650 3237 753 3310 saluti,
777 3245 807 3298 et
827 3245 950 3298 sanctae
974 3236 1082 3298 Roma-

337 3349 395 3394 nae
416 3338 447 3393 et
467 3331 652 3393 universalis
667 3331 818 3392 Ecclesiae
833 3329 1002 3392 dilatationi
1018 3330 1085 3392 obi-

336 3425 391 3504 qoi
419 3424 572 3486 indefesse
599 3423 804 3497 inserviatur;
833 3423 872 3485 ob
896 3422 1006 3502 idque,
1028 3439 1084 3500 pro

336 3517 545 3596 praefatorum
559 3518 800 3579 seminariorom
816 3516 956 3578 omnium
973 3516 1085 3594 guber-

336 3612 401 3684 nio,
424 3611 576 3674 nonnulla
605 3612 725 3672 matura
753 3609 974 3672 deliberatione
996 3609 1084 3672 etde

336 3703 514 3783 aliquorum
535 3704 788 3780 gravissimorum
803 3703 934 3786 fratqum
956 3701 1085 3765 consilio

337 3797 473 3860 condidit
495 3806 526 3859 et
547 3797 713 3876 disposuit,
736 3813 769 3858 ac
790 3797 878 3870 alias,
908 3805 999 3874 prout
1022 3795 1084 3875 ple·

338 3891 409 3952 nios
429 3890 609 3952 continetur
629 3889 662 3951 in
684 3891 750 3952 eius
771 3888 883 3950 litteris
909 3889 1084 3967 patentibus

337 3983 470 4062 desuper
491 3984 641 4046 emanatis
654 3983 769 4045 tenoris
791 3983 844 4060 qui
865 3984 1016 4060 sequitur,
1039 3983 1084 4044 vi-

338 4076 463 4139 delicet:

378 4169 518 4231 «Frater
535 4169 644 4230 Petras
658 4168 795 4231 Marinus
811 4170 979 4232 Sermones
994 4186 1009 4228 a
1025 4171 1086 4232 He·

337 4262 471 4336 diolano,
489 4262 584 4324 lector
599 4261 757 4337 iubilatus,
772 4270 894 4324 sanctae
908 4263 1086 4341 inquisitio-

338 4356 385 4416 nis
406 4353 608 4434 qualificator,
623 4355 851 4430 exgoardianus
866 4356 1086 4434 Hierosolymi-

337 4459 439 4525 tanos,
462 4467 496 4512 ac
518 4449 613 4511 totius
630 4447 753 4511 Ordinis
774 4451 906 4512 fratrum
928 4451 1085 4512 Hinorom

337 4545 481 4606 minister
502 4543 655 4618 generalis
677 4551 707 4604 et
727 4559 847 4620 servos,
864 4552 935 4618 ets,
953 4543 1084 4606 dilectis-

336 4637 416 4699 simo
438 4637 525 4698 nobis
546 4639 578 4698 in
601 4636 725 4699 Christo
745 4638 823 4714 patri
846 4635 930 4698 fratri
949 4639 1084 4700 antonio

337 4731 450 4803 Linaz,
483 4730 623 4792 eiusdem
655 4729 779 4792 Ordinis
810 4729 915 4791 lectori
947 4730 1082 4807 iubilate,

337 4831 460 4886 sanctae
480 4823 691 4902 inquisitionis
719 4823 932 4901 qualificatori,
959 4825 1085 4902 provin-

338 4918 400 4979 ciae
416 4925 538 4978 nostrae
554 4915 584 4978 S.
596 4916 676 4977 Petri
697 4921 727 4977 et
742 4915 826 4976 Pauli
842 4917 878 4976 de
895 4917 1084 4980 Hecboacam

337 5011 428 5089 patri,
444 5009 622 5089 provinciae
637 5025 712 5070 vero
723 5010 929 5072 Maioricensis
944 5011 1083 5086 alumno,

337 5121 370 5164 ac
392 5103 576 5164 missionum
598 5102 695 5164 nostri
717 5103 837 5164 Ordinis
859 5104 892 5163 in
915 5104 1007 5165 lndiis
1031 5105 1085 5167 Oc·

337 5191 1083 5272 cidentalibosauctoritateapostolicipraefecte,

336 5285 469 5347 salutem
490 5285 523 5345 in
545 5285 676 5346 Domino
697 5286 929 5364 sempiternam.

378 5397 396 5437 s
411 5378 495 5440 later
516 5384 619 5439 cetera
632 5379 755 5440 divinae
770 5379 919 5441 maiestati
942 5381 1084 5459 benepla-

337 5472 394 5534 cita
415 5487 506 5549 opera
528 5477 558 5533 et
574 5471 673 5533 cordis
693 5471 792 5533 nostri
813 5471 1033 5548 desiderabilia,
1051 5475 1084 5536 il-

337 5563 390 5626 lod
417 5564 554 5641 profecto
585 5563 781 5644 potissimam
812 5565 916 5626 existit
946 5575 982 5628 ot
1010 5567 1084 5632 fides

337 5656 483 5719 catholica
502 5663 535 5717 et
555 5655 721 5718 cbristiana
743 5657 870 5733 religio,
898 5673 1084 5737 morumque

338 5749 477 5812 fidelium
497 5749 688 5824 reformatio,
704 5751 804 5812 nestri
819 5751 939 5813 Ordinis
961 5753 1085 5830 religio·

337 5834 445 5906 sorum
476 5842 594 5919 studio,
625 5843 728 5906 labore
748 5861 782 5906 ac
803 5843 907 5907 sedula
937 5847 1083 5909 sollicito-

338 5936 422 6014 dine,
445 5936 611 6013 exaltetur,
633 5945 727 6016 atque
747 5937 878 6003 ubilibet
906 5939 1082 6021 amplietur,

1138 737 1171 783 ae
1191 737 1262 784 com
1291 721 1467 785 animarum
1495 720 1635 786 fidelium
1656 720 1815 802 proiecto,
1838 723 1885 784 in·

1139 817 1278 880 fidelium
1293 819 1327 878 ad
1345 818 1436 878 fidem
1457 827 1594 879 sanctam
1610 817 1802 892 reductione,
1819 817 1885 879 bar·

1137 911 1374 990 caricarumque
1386 911 1551 973 nationum
1566 912 1805 990 depressionem
1823 918 1886 972 toto

1137 1012 1292 1064 terrarum
1314 1005 1388 1066 orbe
1409 1006 1565 1067 dilatetur.
1594 1005 1682 1066 Unde
1704 1021 1775 1066 cum
1798 1005 1886 1064 nobis

1139 1105 1249 1158 notum
1270 1098 1321 1171 sit,
1339 1105 1379 1172 te,
1395 1115 1466 1159 com
1488 1098 1554 1159 aliis
1575 1098 1823 1174 vigintiquatuor
1839 1111 1886 1158 re-

1138 1189 1254 1264 ligiosis
1266 1205 1389 1252 ntorum
1403 1191 1592 1268 integritate,
1602 1191 1777 1253 litterarum
1789 1191 1886 1252 scien-

1141 1285 1178 1344 tia
1201 1293 1232 1345 et
1252 1285 1361 1346 salotis
1389 1286 1564 1346 animarum
1590 1285 1656 1347 zelo
1684 1284 1884 1362 pollentibus,

1139 1393 1271 1455 quorum
1304 1379 1455 1456 praelatos
1480 1396 1513 1438 ac
1540 1380 1715 1457 superiora
1741 1379 1886 1439 ministro

1140 1470 1278 1544 generali
1301 1472 1530 1548 praedecessore
1548 1478 1654 1532 nostro
1677 1479 1706 1532 et
1728 1471 1886 1532 indiarum

1139 1564 1349 1624 cortrmissario
1377 1565 1513 1640 generali
1545 1564 1646 1624 fueras
1674 1564 1789 1624 eleetos
1817 1579 1886 1624 aea

1140 1657 1272 1734 rapitxxlo
1294 1657 1430 1732 generali
1459 1655 1600 1734 proxime
1621 1657 1787 1734 praeterito
1815 1671 1888 1718 eon-

1141 1751 1292 1824 firmatos,
1307 1751 1338 1811 in
1361 1751 1459 1812 indias
1480 1750 1687 1812 Orcivlentales
1702 1749 1805 1810 Novae
1821 1749 1888 1809 His-

1140 1844 1259 1921 paniae,
1281 1844 1377 1904 nullis
1394 1844 1546 1921 parcendo
1567 1843 1723 1923 periculis,
1747 1859 1802 1920 pro
1817 1858 1888 1920 pro·

1140 1937 1273 1998 curanda
1295 1936 1434 1997 fidelium
1456 1936 1693 2009 reformatione,
1719 1943 1750 1995 et
1779 1936 1886 1996 infide·

1139 2029 1218 2090 lium
1233 2030 1399 2091 catholicae
1414 2029 1484 2090 fidei
1498 2037 1530 2090 et
1544 2027 1737 2090 obedientiae
1748 2027 1887 2088 Romano

1139 2121 1278 2183 Pontifici
1304 2114 1431 2184 ‘debitae
1462 2122 1587 2184 salutari
1620 2121 1797 2197 agnitione,
1825 2120 1887 2180 Deo

1139 2215 1310 2288 assistente,
1327 2223 1357 2276 et
1373 2231 1445 2292 rege
1466 2216 1614 2277 catbolieo
1636 2229 1784 2291 expensas
1805 2212 1887 2276 adid

1139 2313 1325 2385 praestante,
1348 2307 1424 2368 olim
1446 2309 1549 2382 ivisse,
1566 2308 1645 2370 acin
1661 2308 1721 2368 illis
1736 2307 1885 2385 partibus,

1140 2401 1237 2476 gratia
1252 2417 1291 2461 ex
1309 2401 1371 2461 alto
1392 2403 1535 2463 concessa
1552 2408 1746 2479 cooperante,
1762 2400 1886 2460 vineam

1140 2493 1261 2554 Homini
1295 2493 1430 2555 ferventi
1452 2502 1566 2555 conato
1587 2511 1621 2556 ac
1647 2493 1799 2554 indefesso
1820 2491 1886 2553 zelo

1140 2587 1327 2660 excoluisse,
1360 2597 1616 2665 conventumque
1647 2587 1678 2649 S.
1714 2587 1820 2648 Crucis
1850 2587 1888 2646 de

1139 2680 1288 2754 Ouertero
1319 2679 1469 2758 praefatae
1490 2680 1668 2757 provinciae
1687 2680 1725 2740 de
1750 2679 1887 2740 blecboa-

1139 2788 1206 2833 cani
1228 2773 1260 2832 in
1282 2771 1486 2834 seminarium
1500 2789 1556 2850 pro
1577 2773 1664 2835 dictis
1685 2771 1798 2848 viginti
1814 2787 1887 2848 qua·

1140 2871 1211 2926 tuor
1242 2864 1392 2940 religiosis
1421 2864 1622 2926 missionariis
1648 2864 1707 2926 sob
1733 2863 1887 2942 aliquibus

1139 2957 1263 3020 statutis
1285 2957 1317 3018 in
1339 2956 1491 3034 praedicto
1521 2957 1659 3034 generali
1685 2957 1818 3036 capitolo
1840 2972 1887 3016 re-

1139 3049 1229 3123 visis,
1252 3055 1282 3110 et
1308 3065 1324 3109 a
1357 3049 1409 3111 SS.
1434 3049 1467 3109 D.
1493 3049 1530 3110 N.
1555 3050 1736 3112 innocentio
1757 3049 1809 3112 Xl.
1833 3064 1888 3126 per

1139 3159 1209 3204 suas
1236 3141 1352 3203 litteras
1376 3141 1581 3204 socrasancti
1609 3142 1809 3219 incipientes,
1839 3141 1888 3203 die

1139 3236 1292 3296 vxvx.maii
1313 3250 1502 3296 ueocxxxn.
1527 3235 1693 3313 expeditas,
1716 3233 1888 3314 specialiter

1139 3328 1309 3408 approbatis
1324 3344 1357 3388 ac
1371 3329 1571 3402 confirmatis,
1594 3328 1723 3407 aliisque
1743 3329 1887 3391 acceden-

1141 3425 1221 3485 tibus
1249 3423 1442 3484 facultalibus
1468 3422 1624 3500 requisitis
1651 3422 1847 3499 obtentisque
1871 3438 1887 3481 a

1139 3517 1221 3578 sacra
1244 3516 1494 3592 congregatione
1521 3516 1560 3577 de
1580 3514 1775 3594 Propagandi
1801 3515 1886 3590 Fide,

1139 3609 1332 3672 laudabiliter
1352 3609 1497 3683 erexisse,
1516 3608 1659 3686 illiusque
1682 3609 1887 3686 guardianom

1141 3703 1225 3766 iuxta
1246 3703 1378 3764 formam
1400 3703 1431 3764 in
1459 3701 1622 3781 praedictis
1650 3703 1773 3765 statutis
1800 3717 1889 3780 prae·

1139 3797 1284 3875 scriptam
1305 3797 1439 3859 electum
1462 3798 1566 3872 fuisse,
1589 3806 1682 3876 atque
1702 3796 1888 3858 missionum

1140 3890 1345 3968 praefatarum
1366 3890 1514 3953 exercitio
1525 3893 1586 3952 oni
1605 3907 1679 3954 com
1699 3890 1788 3953 sociis
1803 3905 1889 3967 prae·

1140 3985 1227 4048 dictis
1249 3985 1281 4046 in
1303 3983 1476 4063 praelibatis
1504 3984 1642 4062 partibus
1663 3984 1815 4048 indefesse
1836 4001 1887 4046 va·

1140 4094 1232 4150 casse,
1249 4078 1526 4156 necessitatemque
1539 4078 1752 4155 operariorum
1767 4079 1803 4140 ad
1818 4095 1887 4141 mu·

1141 4187 1199 4234 nus
1221 4172 1295 4234 adeo
1310 4171 1484 4250 proficuam
1499 4171 1532 4231 in
1546 4171 1657 4234 maiori
1675 4187 1808 4234 numero
1822 4188 1886 4234 non

1140 4265 1207 4326 sine
1237 4279 1352 4341 magno
1380 4264 1486 4326 dolore
1517 4272 1678 4344 expertum
1711 4263 1818 4339 fuisse,
1849 4265 1888 4326 ob

1140 4359 1248 4438 idque,
1278 4361 1316 4422 de
1346 4359 1473 4422 consilio
1505 4359 1760 4434 gravissimorum
1788 4359 1887 4420 nostri

1140 4455 1261 4518 Ordinis
1283 4460 1406 4532 patrum
1427 4452 1625 4531 superiorum
1647 4469 1785 4528 assensu,
1801 4452 1888 4516 Ordi-

1141 4549 1300 4609 nariorum
1323 4545 1477 4620 instantia,
1495 4545 1635 4608 frvleliom
1657 4563 1689 4608 ac
1710 4545 1886 4610 infidelium

1140 4649 1262 4702 motum
1290 4639 1489 4714 necessitate,
1521 4640 1618 4700 socios
1651 4642 1822 4718 praedictos
1853 4645 1886 4707 in

1140 4734 1306 4812 praelibato
1334 4732 1518 4795 missionum
1538 4734 1685 4796 exercitio
1714 4735 1885 4814 reliquisse,

1141 4829 1172 4888 in
1195 4826 1433 4905 Hispaniamque
1460 4824 1565 4887 divina
1593 4827 1765 4904 opitulante
1790 4829 1886 4904 gratia

1140 4937 1286 4999 prospere
1317 4920 1499 4993 revertisse,
1533 4920 1638 4999 ibique
1669 4921 1793 4982 iliarum
1819 4937 1886 5001 par-

1141 5015 1219 5076 tium
1246 5013 1459 5076 necessitatem
1480 5020 1511 5074 et
1539 5013 1805 5076 missionariorom
1835 5031 1888 5093 pe-

1140 5107 1264 5170 nuriam
1293 5107 1460 5168 catholicae
1488 5107 1655 5168 maiestatis
1675 5125 1709 5170 ac
1729 5107 1886 5170 indiamm

1140 5207 1171 5260 et
1193 5199 1441 5260 ultramontanae
1462 5199 1595 5261 familiae
1613 5201 1820 5263 commissario
1835 5215 1886 5278 ge-

1141 5291 1236 5352 nerali
1256 5292 1408 5354 veraciter
1433 5294 1625 5371 exposuisse,
1648 5303 1740 5371 atque
1763 5295 1886 5372 abipso

1140 5384 1350 5446 commissario
1382 5388 1519 5462 generali
1546 5386 1789 5464 quamplurimas
1818 5402 1886 5462 gra-

1142 5478 1196 5538 tias
1226 5485 1257 5539 et
1286 5477 1459 5552 facultates,
1493 5494 1548 5554 pro
1579 5478 1784 5540 conductione
1814 5481 1886 5542 alio-

1141 5587 1212 5632 rom
1239 5571 1472 5646 religiosorum,
1499 5570 1654 5632 erectione
1681 5576 1712 5631 et
1734 5573 1886 5648 gubernio

1141 5679 1294 5724 novorum
1323 5663 1358 5724 ad
1387 5662 1578 5739 praedictum
1602 5663 1785 5728 missionum
1817 5683 1886 5730 mo-

1140 5773 1199 5816 nus
1229 5755 1485 5828 seminariorom,
1522 5771 1554 5818 ac
1585 5757 1621 5819 ad
1651 5757 1742 5820 istam
1775 5759 1887 5822 Roma·

1140 5863 1211 5910 uam
1235 5848 1362 5910 Curiam
1383 5864 1503 5910 accesso
1528 5855 1559 5910 et
1580 5858 1823 5912 memoratarum
1843 5853 1886 5913 fa·

1139 5940 1291 6002 collatum
1305 5940 1468 6022 apostolica
1483 5942 1729 6021 confirmatione,
1746 5943 1885 6027 legitime

1825 575 1864 648 87
1916 575 1969 638 Aa.
1984 581 2014 638 O.
2036 574 2104 638 fase
