4844 6990
991 615 1132 660 CLEMENS
1155 614 1210 660 llll.

331 751 522 798 nnccxxvtr.
547 736 635 811 datis,
652 745 821 800 memorata
834 738 956 802 cardin.
977 739 1073 801 'lour-

331 829 418 892 nonii
438 829 559 892 decreta
573 831 817 894 confirmationis
839 833 948 894 robore
967 833 1074 894 simili-

332 929 379 985 ter
394 924 541 986 munivit.
556 924 617 986 Nos
633 941 718 1000 vero,
731 927 785 1004 qui
803 926 893 1005 plane
906 926 1076 988 immeren-

332 1024 377 1078 tes
398 1016 471 1095 ipsis
494 1017 632 1081 Summis
647 1019 845 1082 Pontificibus
861 1021 892 1082 in
912 1019 1074 1098 apostolice

330 1110 483 1173 servitute
513 1114 732 1189 successimus,
756 1113 835 1176 nihil
856 1122 996 1192 optamus
1018 1113 1075 1176 im·

331 1205 468 1281 pensius,
490 1222 583 1284 quam
604 1215 640 1268 ut
660 1216 850 1270 sacrosancta
871 1209 939 1270 lesu
961 1208 1075 1272 Christi

332 1299 407 1358 tides
428 1299 560 1376 amplius
581 1299 613 1361 iu
636 1300 700 1362 dies
728 1311 960 1380 promoveatur,
984 1311 1076 1380 atque

332 1393 418 1452 omni
433 1407 490 1469 ope
505 1409 661 1469 curemus,
678 1401 725 1469 ut,
741 1395 764 1456 si
780 1411 838 1472 qua
855 1395 933 1458 torte
955 1396 1075 1472 magnis

332 1483 470 1547 eiusdem
486 1486 685 1548 incrementis
698 1497 730 1549 et
745 1488 957 1566 propagationi
972 1504 1077 1551 occur-

332 1588 402 1640 rant
423 1577 656 1656 impedimenta,
670 1581 731 1641 lleo
753 1582 834 1642 votis
856 1580 969 1643 nostris
990 1581 1076 1643 obse-

331 1674 499 1747 cundante,
522 1673 646 1752 penitus
667 1673 861 1737 auferantur.

372 1766 441 1839 §2
465 1767 570 1844 ltaque
591 1774 754 1846 postquam
776 1770 945 1831 necessaria
967 1779 997 1832 et
1012 1787 1075 1832 cer·

333 1861 409 1922 tiora
437 1861 601 1924 habuimus
632 1863 816 1926 documenta
846 1864 1074 1941 theologorum,

332 1971 366 2015 ac
393 1955 575 2032 praesertim
606 1971 700 2018 veno.
730 1955 862 2019 fratrum
896 1967 1075 2020 nostrorum

333 2048 363 2112 S.
381 2049 416 2110 lt.
434 2048 469 2109 E.
495 2049 705 2112 Cardintlium
725 2068 781 2130 per
802 2051 982 2113 uniuersam
998 2052 1077 2112 chri-

332 2145 461 2206 stianam
483 2144 716 2223 Rempublicam
746 2145 945 2208 Generaiium
973 2146 1076 2224 luqui-

332 2239 464 2300 sitorum
494 2237 637 2315 sudragta
659 2240 901 2318 exquisivimus,
935 2256 1075 2318 quaeque

333 2332 426 2394 iidem
447 2349 543 2394 veuu.
568 2333 677 2396 tratres
698 2334 796 2395 nostri
812 2334 989 2396 cardinales
1003 2349 1075 2396 con·

333 2427 483 2490 hrmanda
514 2433 567 2488 aut
589 2428 774 2490 moderanda
802 2427 851 2488 rel
884 2427 1074 2502 declaranda,

333 2528 425 2598 atque
446 2520 478 2582 iu
501 2521 660 2583 nonnullis
681 2521 880 2596 remittenda,
898 2521 986 2584 nobis
1005 2537 1077 2582 con-

333 2613 435 2675 sulere
456 2615 673 2689 decreverunt,
693 2630 732 2675 ex
752 2615 954 2694 sequentibus
976 2614 1076 2676 dubiis

332 2707 382 2768 hic
404 2707 530 2770 insertis
552 2708 643 2786 plene
664 2725 718 2770 vos
740 2709 939 2786 dignoscetis:

366 2799 1077 2879 battaproMantuanosMadnrenstdlaps-

332 2899 476 2968 sorensi,
500 2904 531 2958 ct
553 2898 747 2960 Cornatcnsi
772 2907 887 2960 enecta
915 2899 1076 2960 occasione

333 2991 450 3052 decreti
472 2991 512 3052 cl.
535 3005 625 3052 ntem.
649 2989 921 3055 neocoratu
942 2991 1100 3054 Thomac'

333 3083 488 3148 Moillocd
504 3085 539 3145 dc
559 3085 708 3145 Tournon
727 3084 942 3147 Putriocclroc
963 3084 1077 3147 Antio-

332 3179 436 3250 cdcnt',
461 3185 565 3256 posteo
590 3179 621 3242 S.
644 3178 682 3242 h.
709 3181 746 3242 Ε.
774 3180 972 3250 Cordinolt's,
995 3179 1074 3240 edita·

331 3271 538 3334 Pundicltcrii
554 3273 604 3334 die
618 3289 711 3334 ιιιιιιι.
726 3275 814 3335 ionii
832 3274 913 3336 antri
929 3289 1074 3346 maccam,

332 3365 496 3444 proposita
517 3369 553 3427 tn
584 3364 892 3446 Conprcpntiona'bns
919 3367 1077 3446 pancrati·

333 3459 390 3523 bns
413 3459 444 3523 S.
472 3460 585 3541 Officii,
603 3459 723 3522 dabitis
740 3462 775 3522 in
790 3467 947 3522 conuentu
964 3459 994 3522 S.
1010 3461 1076 3522 dlo-

332 3555 401 3615 rioe
432 3569 531 3630 snpra
566 3553 744 3616 Mineruam
782 3571 889 3616 corant
922 3551 1010 3614 Eritis
1045 3560 1074 3614 et

333 3646 422 3708 lintis
445 3645 512 3710 bb.
538 3647 570 3710 S.
595 3647 630 3708 lt.
654 3646 691 3708 lt.
721 3646 952 3710 Cerdirtulibns
983 3648 1077 3708 Gene-

334 3739 459 3802 ralibns
482 3740 745 3818 inquisitoribus,
762 3738 983 3818 praesentibus
1005 3738 1073 3801 DD.

336 3833 595 3904 Consultort'dns,
619 3835 843 3911 infrascriptis
870 3831 1001 3895 diebos:
1023 3851 1078 3894 sn·

334 3941 389 4004 per
410 3926 524 4004 uatibus
547 3925 655 3989 dubiis
677 3927 773 3988 iidem
797 3927 869 3990 Euri
890 3944 983 3990 snam
1007 3943 1078 4003 pro-

335 4019 485 4082 tulerunt
506 4021 702 4082 sententiam
729 4029 826 4097 pront
856 4021 959 4102 infru,
992 4019 1076 4081 oide-

333 4112 429 4175 licet.-

453 4251 555 4314 Fnara
576 4269 617 4313 tr.
642 4271 696 4316 orn
718 4270 785 4316 uxr.
807 4259 962 4314 rusuaarr'

555 4363 632 4408 aunt
654 4363 858 4410 uuccxxmn.

375 4513 396 4558 ι.
420 4497 569 4559 Dubium:
602 4501 662 4569 dn,
685 4505 715 4560 et
738 4499 888 4576 quomodo
916 4497 1077 4560 decretum

335 4593 414 4654 clar.
438 4607 529 4652 mean.
554 4590 626 4652 Euat
657 4591 844 4656 Gurdittolis
866 4593 902 4654 dc
930 4593 1077 4654 Tonrnon

333 4686 377 4746 sit
400 4685 617 4762 cecpnendnrn
639 4686 673 4746 in
696 4685 731 4748 cd
752 4693 1012 4764 peasacmere
1036 4693 1078 4747 tc-

334 4781 424 4840 noca's
446 4781 621 4856 sequentis:
645 4781 788 4842 Districte
810 4780 1021 4858 prohibemur,
1039 4797 1079 4842 ne

335 4873 367 4933 io
399 4872 589 4950 baptizandis
618 4881 679 4936 tam
708 4873 812 4952 pueris
842 4889 934 4951 quam
967 4873 1079 4935 adultis

335 4966 558 5042 cuiuscumque
572 4983 663 5027 sexus
685 4975 715 5027 et
736 4965 921 5028 conditionis
936 4963 1079 5026 omittan-

335 5066 386 5120 tur
407 5058 649 5132 sacramentalia,
671 5061 722 5121 sed
745 5059 848 5120 omnia
875 5058 974 5135 palam
996 5057 1080 5118 adbi-

335 5151 477 5228 beantur,
494 5161 524 5215 et
545 5153 706 5230 signanter
720 5153 823 5226 salira,
840 5153 885 5214 sal
899 5160 929 5214 ct
946 5151 1078 5214 insuffla-

336 5247 389 5321 tio,
412 5262 490 5325 quae
511 5262 548 5306 ex
570 5245 732 5323 apostolica
748 5246 912 5308 traditione
933 5245 1079 5307 catholica

336 5339 468 5401 Ecclesia
490 5340 617 5417 recepit,
641 5347 671 5401 et
692 5338 731 5400 0b
751 5339 907 5401 recondita
928 5340 960 5400 in
984 5339 1020 5399 iis
1034 5355 1080 5398 sa-

334 5432 394 5494 cris
415 5433 599 5494 ceremoniis
620 5431 743 5494 divinae
764 5449 835 5509 erga
858 5448 914 5494 nos
936 5432 1080 5494 bonitatis

334 5526 481 5604 mysteria
502 5534 605 5588 sancte
621 5532 652 5587 et
666 5525 886 5588 inviolabiliter
901 5525 1078 5600 custodiuit,

334 5619 457 5682 decreto
480 5619 510 5682 S.
534 5626 566 5680 et
587 5619 680 5681 Unir.
705 5619 918 5697 inquisitionis
939 5620 976 5680 de
997 5634 1079 5680 anno

335 5729 464 5775 uocum.
482 5726 538 5792 pro
554 5711 637 5776 Sinis
649 5712 728 5774 lacto
743 5713 783 5774 ob
797 5714 933 5775 diversas
944 5713 1079 5774 rationes

335 5816 366 5868 et
386 5807 632 5868 circumstantias
654 5805 785 5868 minime
806 5806 956 5869 obstante.

376 5897 449 5962 Echi
472 5900 647 5962 dicernat.-
670 5899 926 5964 confirmandum
942 5917 1008 5964 esse
1028 5901 1080 5964 de·

246 6053 250 6062 ,
335 6001 457 6057 cretum
478 5995 547 6056 Eriti
570 5992 658 6058 Gard.
683 5995 720 6056 de
742 5995 910 6070 Tournon,
932 5995 984 6056 sed
1006 6011 1078 6058 cou-

442 6143 492 6190 lur.
511 6141 579 6188 Porti.
596 6141 626 6188 cle
642 6143 715 6202 drop.
730 6141 792 6188 ricta
807 6141 888 6189 Partis
902 6143 921 6189 1.
936 6141 988 6190 Vol.
1003 6143 1034 6188 ll.

1130 737 1298 800 solendum
1320 737 1426 814 ssmo,
1446 737 1526 816 quod
1548 735 1747 799 missionariis
1762 721 1874 812 regno-

1132 847 1203 892 rum
1224 831 1434 906 maturensis,
1462 831 1683 910 llapssurensis
1710 838 1741 891 et
1763 830 1874 894 Carna-

1131 925 1226 986 tensis
1253 925 1515 1005 dispensationem
1543 927 1688 988 concedat
1709 925 1743 985 ad
1766 924 1877 986 decen-

1132 1018 1219 1078 nium
1249 1019 1444 1094 duraturam,
1467 1020 1632 1081 omittendi
1654 1019 1686 1080 in
1711 1017 1876 1080 collatione

1132 1111 1276 1188 baptismi
1296 1113 1435 1187 salivam,
1457 1121 1489 1174 et
1511 1115 1629 1176 occulte
1650 1111 1758 1176 utendi
1780 1109 1877 1172 insul-

1133 1204 1319 1280 llationibuS,
1332 1207 1362 1268 in
1379 1209 1496 1269 casibus
1512 1215 1613 1270 tamen
1629 1203 1875 1284 particularibus,

1132 1305 1162 1358 et
1183 1299 1216 1359 in
1238 1300 1350 1378 quibus
1365 1301 1466 1376 gravis
1479 1308 1509 1362 et
1523 1302 1750 1380 proportionata
1773 1315 1877 1360 neces·

1131 1392 1202 1454 sitas
1224 1401 1343 1470 urgeat,
1355 1411 1448 1473 super
1468 1396 1528 1473 qud
1550 1394 1736 1456 conscientia
1758 1391 1877 1454 missio-

1133 1487 1291 1548 uariorum
1303 1497 1468 1550 oneratur:
1482 1487 1649 1552 dummodo
1660 1504 1724 1550 non
1736 1485 1877 1548 laborent

1133 1595 1238 1641 errore
1259 1581 1390 1644 habendi
1411 1583 1537 1643 salivam
1559 1590 1590 1645 et
1614 1581 1788 1644 anhelitum
1810 1589 1877 1642 tan-

1132 1689 1221 1750 quam
1245 1677 1406 1737 materiam
1427 1677 1563 1754 ineptam
1579 1675 1628 1738 vel
1651 1677 1824 1753 incapacem
1837 1673 1876 1735 ad

1133 1766 1367 1830 inserviendum
1382 1787 1436 1849 pro
1451 1769 1720 1834 sacramentalibus
1741 1784 1878 1830 ceremo-

1133 1867 1191 1927 niis
1213 1865 1245 1926 in
1266 1866 1426 1944 baptismo,
1443 1873 1548 1944 utpote
1570 1866 1699 1926 omnino
1719 1864 1878 1941 incapaces

1133 1960 1291 2038 baptismi3
1309 1960 1413 2038 eisque
1424 1959 1622 2022 missionariis
1636 1955 1876 2036 iniungendum,

1133 2061 1168 2114 ut
1189 2055 1323 2116 debitam
1346 2055 1584 2116 instructionem
1613 2051 1747 2132 aliasque
1769 2066 1890 2112 omnes·

1133 2149 1290 2229 possibiles
1311 2148 1485 2223 diligentias
1506 2147 1680 2221 adhibeant,
1703 2152 1737 2207 ut
1759 2145 1877 2206 aversio

1133 2243 1318 2323 populorum
1345 2259 1360 2302 a
1382 2241 1474 2303 saliva
1501 2248 1533 2301 et
1561 2238 1770 2302 insufflatione
1794 2254 1877 2299 amo-

1133 2345 1253 2411 veatur,
1266 2343 1297 2398 et
1311 2335 1349 2397 de
1371 2335 1575 2401 instructione
1595 2335 1724 2412 aliisque
1745 2333 1878 2410 diligen-

1133 2433 1182 2494 tiis
1205 2431 1348 2492 adhibitis
1377 2429 1408 2493 S.
1432 2427 1544 2492 Sedem
1571 2429 1652 2490 intra
1682 2437 1804 2506 tempus
1825 2427 1876 2488 de-

1133 2525 1236 2587 cennii
1257 2523 1437 2586 certiorent.
1467 2523 1597 2601 insuper
1619 2523 1790 2584 monendos
1812 2535 1876 2582 esse

1132 2618 1336 2681 llissionarios
1367 2633 1461 2696 super
1486 2617 1572 2694 gravi
1601 2615 1792 2693 negligentia
1814 2630 1876 2674 nnn

1133 2711 1311 2774 recurrendi
1332 2711 1366 2771 ad
1391 2709 1421 2773 S.
1446 2711 1557 2774 Sedent
1577 2725 1632 2789 pro
1654 2708 1819 2770 obtinenda
1835 2705 1877 2768 la-

1132 2805 1246 2868 cultate
1267 2805 1473 2882 dispensandi,
1492 2812 1522 2866 et
1543 2802 1622 2864 male
1640 2818 1673 2864 se
1695 2800 1823 2878 gessisse
1838 2801 1877 2862 Er

1132 2899 1269 2977 piscopos
1294 2897 1491 2960 concedendo
1517 2895 1693 2958 huiusmodi
1723 2893 1876 2972 dispensa·

1132 2991 1249 3054 tionem
1273 2990 1446 3054 inconsulta
1467 2989 1640 3068 apostolica
1661 2987 1748 3052 Sede.

1173 3101 1207 3146 ιι.
1231 3085 1381 3148 Dubium:
1406 3084 1500 3146 Anat
1516 3084 1667 3162 quomodo
1690 3083 1812 3146 dictum
1828 3083 1877 3145 de·

1133 3187 1256 3242 cretum
1277 3179 1321 3240 sit
1344 3178 1560 3256 eccepnendntn
1573 3179 1608 3238 in
1629 3176 1877 3256 adportandus

1132 3278 1178 3333 est
1200 3272 1320 3333 tenoris
1346 3272 1525 3348 sequentis:
1548 3272 1626 3333 ltem
1648 3271 1876 3350 praecipimus,

1133 3372 1167 3426 ut
1189 3365 1273 3426 iuxta
1296 3364 1480 3427 laudabilem
1506 3364 1658 3426 Ecclesiae
1680 3363 1878 3426 cousuetudi-

1132 3475 1206 3521 nem
1226 3473 1349 3536 semper
1369 3458 1547 3538 imponatur
1568 3459 1750 3536 baptizando
1772 3477 1790 3518 a·
1809 3459 1880 3537 bap-

1134 3557 1248 3619 tizante
1271 3570 1386 3616 nomen
1408 3554 1536 3616 alicuius
1557 3554 1652 3615 sancti
1676 3553 1708 3616 iu
1731 3553 1877 3631 llartpru-

1133 3649 1214 3727 logio
1235 3649 1373 3712 Romano
1389 3649 1543 3726 descripti,
1560 3647 1690 3710 omnino
1706 3647 1879 3709 interdictis

1133 3745 1314 3806 nominibus
1339 3744 1495 3806 idolorum
1520 3741 1571 3803 rel
1600 3741 1691 3802 falsae
1719 3741 1877 3817 religionis

1134 3839 1373 3916 poenitentium,
1390 3839 1501 3915 quibus
1527 3835 1658 3912 gentiles
1681 3841 1828 3908 utuntur,
1848 3840 1879 3896 et

1134 3933 1283 4011 neophyti
1305 3933 1455 3994 hacteuus
1477 3930 1620 4009 appellari
1642 3935 1875 3991 consueverunt

1134 4035 1298 4104 antequam
1330 4041 1386 4104 per
1412 4025 1604 4104 baptismum
1633 4029 1734 4084 essent
1755 4021 1878 4083 divinae

1135 4125 1249 4202 gratiae
1269 4123 1381 4184 renati.

1175 4217 1247 4278 Edti
1270 4217 1444 4280 dicerunt:
1460 4215 1679 4278 Moderandum
1697 4227 1761 4274 esse
1776 4212 1880 4274 decre-

1135 4318 1202 4373 tum
1218 4311 1318 4373 deleto
1334 4311 1446 4372 verbo:
1461 4307 1690 4386 praecipimus:
1713 4321 1785 4366 cum
1799 4303 1880 4366 clau·

1134 4403 1216 4466 sula:
1243 4403 1364 4465 Carent
1387 4405 1544 4479 pnontnm
1559 4399 1630 4480 pieri
1652 4404 1765 4476 potest,
1791 4396 1879 4458 hrml

1136 4503 1317 4558 remanente
1329 4495 1548 4556 interdictione
1563 4491 1661 4571 quoad
1678 4489 1805 4553 nomina
1818 4490 1881 4552 ido-

1135 4590 1237 4652 lorum
1260 4597 1291 4651 et
1311 4587 1401 4650 falsae
1421 4586 1583 4664 religionis
1597 4585 1837 4665 poenitentium.

1258 4739 1361 4814 anra
1383 4754 1424 4799 ιι.
1449 4753 1502 4799 ora
1524 4751 1604 4798 ιιιιιι.
1629 4751 1756 4797 arntnrs

1356 4847 1433 4893 auur
1456 4845 1661 4892 unocuxxrn.

1177 4985 1223 5028 ιιι.
1248 4967 1398 5029 Dubium:
1434 4971 1482 5028 An
1510 4973 1541 5027 et
1573 4965 1723 5043 utromodo
1755 4962 1878 5025 dictam

1135 5061 1297 5123 decretum
1328 5061 1371 5121 sit
1394 5059 1610 5136 exequendum
1640 5059 1675 5119 in
1704 5056 1740 5119 ed
1767 5063 1879 5134 porte,

1136 5171 1216 5232 qnae
1236 5161 1283 5215 est
1313 5153 1434 5216 tenoris
1454 5153 1633 5230 sequentis:
1659 5150 1722 5213 Nec
1742 5149 1881 5229 parochis

1136 5266 1190 5310 seu
1205 5247 1406 5310 missionariis
1420 5246 1477 5308 sub
1492 5245 1601 5326 quovis
1616 5252 1778 5322 praetextu
1794 5243 1882 5305 liceat

1137 5342 1242 5406 ssmae
1264 5341 1382 5415 Crucis,
1400 5340 1595 5409 Sanctorum,
1612 5345 1642 5399 et
1657 5353 1765 5399 rerum
1786 5353 1881 5400 sacra·

1136 5453 1206 5498 rum
1229 5436 1355 5497 uomina
1378 5451 1433 5512 per
1455 5432 1600 5495 translata
1622 5431 1802 5504 immutare,
1825 5447 1883 5492 nec

1136 5547 1170 5591 ea
1192 5529 1250 5591 alio
1274 5529 1417 5590 idiomate
1438 5525 1608 5604 explicare,
1632 5525 1691 5586 nisi
1713 5524 1808 5586 latino
1831 5523 1880 5584 uel

1136 5623 1245 5685 saltem
1266 5621 1379 5696 indico,
1402 5628 1554 5698 quatenus
1585 5634 1675 5680 voces
1697 5617 1814 5679 indicae
1835 5633 1883 5678 re-

1137 5717 1236 5795 gionis
1258 5716 1370 5778 latinae
1390 5712 1608 5790 significationi
1630 5711 1747 5789 liquido
1763 5719 1793 5774 et
1814 5707 1882 5774 atla·

1136 5810 1266 5872 mussim
1287 5807 1505 5887 respondeant.

1176 5901 1248 5964 Εῆιι·
1264 5901 1442 5963 dicerunt:
1462 5899 1549 5974 Quod
1563 5905 1707 5960 serretur
1721 5899 1881 5962 decretuin

1135 5995 1205 6058 Emi
1227 5997 1264 6058 de
1286 5995 1446 6068 Tournon,
1469 5999 1499 6054 et
1528 5989 1719 6072 declaretur,
1743 6005 1807 6052 non
1829 5991 1880 6052 ba-

1750 6137 1775 6178 57

1796 595 1855 658 pap
1906 592 2004 646 unc.
2026 591 2095 642 1734
