4848 6990
240 601 243 607 Ι
327 517 380 574 An.
394 523 425 576 (l.
446 524 515 579 toev
567 521 624 586 108

359 3379 570 3490 ξιῗῖιῗτιςξὰιι,
669 3475 674 3485 ,
795 3475 800 3485 ,
856 3477 860 3484 ,
1012 3475 1070 3485 ..
1137 3476 1141 3486 .

332 3487 528 3550 ιιιιι,ᾳιαιιι-
546 3481 623 3550 rrnt,
646 3477 766 3538 dicetur
793 3493 825 3536 ιιι
854 3475 908 3536 xllo
932 3475 1072 3553 hospitali
1101 3492 1193 3536 missa
1214 3475 1291 3536 sole-

315 3545 527 3657 ttttlttattf

315 3653 348 3694 trs
367 3653 392 3694 et
413 3649 527 3695 benefac-

315 3702 423 3749 toribus·

544 663 688 726 hensioni
714 664 884 740 adiungere
911 663 1134 742 poenitentiam
1157 678 1211 724 seu
1233 679 1290 740 pu-

545 758 709 832 nitionem,
732 758 762 820 id
783 759 953 836 prudenter
974 756 1073 819 faciet.

585 853 661 916 «24.
675 853 781 916 Aderit
793 852 825 913 in
837 853 980 914 omnibus
991 852 1190 930 hospitalibus
1202 867 1288 930 capsa

544 961 615 1008 cum
635 946 735 1008 tribus
756 945 909 1020 clavibus,
933 946 984 1008 ubi
1008 947 1138 1024 pecunia
1160 961 1288 1024 repona-

544 1048 612 1114 tur,
636 1055 805 1118 earumque
833 1055 930 1102 unam
952 1039 1075 1102 habebit
1105 1039 1286 1117 praefectus,

545 1140 576 1194 et
596 1133 668 1194 alias
696 1134 770 1194 duas
791 1132 852 1194 duo
878 1134 1067 1212 antiquiores
1095 1133 1235 1206 discreti,
1258 1139 1288 1193 et

544 1227 577 1288 in
599 1225 661 1304 ipsi
691 1227 757 1288 arci
789 1226 848 1286 duo
880 1234 973 1288 erunt
995 1226 1085 1300 libri,
1113 1234 1148 1288 ut
1168 1226 1201 1286 in
1224 1241 1289 1287 uno

544 1321 624 1398 quod
646 1320 805 1398 recipitur,
828 1321 861 1382 in
883 1320 979 1382 altero
1000 1319 1079 1398 quod
1103 1319 1289 1398 expenditur

543 1411 743 1474 adscribatur.

584 1507 663 1568 «25.
677 1507 796 1570 llocent
806 1525 840 1570 se
855 1509 990 1570 invicem
1003 1509 1092 1570 titulo
1103 1515 1227 1569 orostrae
1239 1523 1289 1568 cu·

504 1662 508 1670 ,
544 1602 658 1664 ritulis
680 1609 710 1664 ιι
731 1601 874 1676 fratrum,
890 1601 983 1664 etiam
994 1602 1154 1664 scribendo
1175 1617 1231 1663 seu
1245 1601 1288 1661 lo-

544 1695 668 1773 quendo
690 1696 724 1756 ud
748 1696 925 1770 generalem
947 1695 1146 1772 praefectum.

584 1788 661 1850 «ιιι.
686 1788 896 1850 continuetur
916 1789 1002 1865 pium
1030 1796 1062 1849 et
1083 1787 1289 1849 necessarium

544 1881 775 1955 ministerium,
807 1882 889 1959 quod
920 1881 1133 1943 introductum
1165 1881 1290 1958 reliquit

545 1981 651 2036 nostor
672 1973 766 2036 frater
793 1974 902 2035 Petrus
922 1991 936 2034 a
959 1974 990 2037 S.
1015 1975 1139 2053 losepho
1161 1974 1288 2035 (locandi

544 2083 655 2146 pueros
676 2084 824 2146 pauperes
846 2067 960 2143 legere,
976 2068 1110 2128 scribere
1123 2075 1155 2128 ct
1176 2084 1289 2146 suppu-

545 2171 624 2236 tare,
654 2177 687 2222 ac
707 2161 877 2224 doctrinam
908 2161 1108 2223 clxrlstianam
1134 2163 1166 2222 in
1187 2162 1290 2222 schola

544 2255 678 2334 speciali,
701 2271 779 2332 quae
800 2255 889 2316 debet
911 2263 1016 2316 extare
1037 2256 1069 2316 in
1084 2255 1221 2334 quolibet
1235 2256 1289 2316 ho-

452 2401 453 2406 ,
543 2349 660 2428 spitali;
684 2349 805 2428 critque
833 2351 979 2424 rnagister
1000 2367 1082 2412 nnus
1109 2367 1148 2411 ex
1177 2351 1290 2411 nostris

543 2440 710 2517 fratribus,
732 2443 945 2504 animaduerso
975 2443 1103 2521 quadis
1136 2443 1202 2504 talis
1231 2444 1287 2518 sil,

544 2535 633 2596 cuius
653 2535 763 2596 virtuti
788 2536 900 2598 conlidi
933 2537 1026 2614 possit
1052 2538 1129 2598 bona
1150 2537 1291 2598 educatio

544 2635 576 2688 et
597 2627 734 2690 doctrina
759 2643 943 2704 puerorum,
970 2637 1000 2689 et
1024 2631 1081 2691 hoc
1107 2631 1201 2706 gratis
1226 2630 1290 2690 alts-

545 2737 605 2798 que
634 2721 810 2798 receptione
835 2721 997 2782 solutionis
1018 2730 1049 2785 et
1070 2724 1215 2802 stipendii
1238 2723 1289 2784 alf-

544 2815 641 2876 onius

585 2931 603 2973 a
618 2913 666 2974 27.
683 2914 807 2988 Quoties
822 2913 868 2974 bis
883 2915 996 2992 poterit
1011 2913 1113 2976 haberi
1130 2913 1291 2975 oblectatio

545 3007 611 3068 ruri
633 3007 684 3068 vel
705 3007 811 3069 domui
834 3007 869 3066 ad
884 3007 1046 3069 arbitrium
1060 3007 1238 3084 superioris,
1256 3015 1291 3068 ut

546 3101 660 3162 exinde
680 3100 801 3178 aliquod
833 3103 924 3162 aletur
946 3101 1041 3162 labori
1070 3101 1289 3177 sublevamen3

546 3201 577 3255 et
592 3193 633 3255 ita
648 3193 677 3255 id
693 3195 758 3268 fret,
776 3201 810 3254 ut
826 3209 889 3254 noa
905 3195 1005 3257 desint
1019 3194 1130 3256 fratres
1145 3195 1291 3272 obsequio

546 3303 719 3365 pauperum
740 3289 949 3350 infirmorum.

588 3381 648 3441 «l.
672 3381 730 3442 Pro
752 3381 888 3460 quolibet
911 3399 949 3443 ax
970 3381 1126 3457 fratribus,
1143 3383 1196 3459 qui
1211 3383 1292 3444 obie-

547 3569 645 3644 mnis,
669 3575 703 3632 ut
724 3570 828 3644 aiunt,
852 3570 889 3631 de
911 3585 1038 3646 corpore
1066 3570 1238 3647 praesenti,
1262 3577 1292 3632 et

545 3663 691 3724 similiter
717 3662 774 3724 alia
795 3665 877 3724 nona
898 3669 965 3740 post
995 3663 1061 3724 eius
1082 3663 1202 3724 obitum
1224 3665 1290 3740 die,

546 3755 766 3833 curabiturque
788 3773 843 3833 pro
864 3756 930 3817 eius
951 3755 1055 3817 aalma
1075 3755 1222 3817 celebrari
1238 3758 1293 3818 tri-

546 3851 632 3928 ginta
659 3851 765 3912 missas
793 3849 911 3928 planas,
935 3860 966 3911 et
987 3849 1091 3912 omnia
1119 3850 1290 3928 hospitalia,

545 3963 623 4032 quae
637 3945 695 4008 sub
710 3945 921 4008 iurisdictione
932 3943 1049 4006 fuerint
1065 3943 1222 4022 praefecti,
1238 3944 1292 4022 qui

545 4039 641 4102 luerit
660 4039 801 4118 superior
815 4037 969 4116 hospitalis
985 4037 1037 4098 ubi
1053 4035 1148 4098 frater
1168 4038 1290 4113 obierit,

545 4133 574 4195 ei
589 4141 652 4194 tres
674 4132 779 4193 missas
794 4131 898 4210 planas
912 4147 967 4209 pro
983 4133 1049 4192 eius
1064 4131 1166 4194 anima
1181 4129 1291 4194 facient

545 4225 705 4300 celebrari,
721 4233 752 4286 ιι
766 4240 874 4286 omnes
890 4223 998 4286 fratres
1015 4224 1097 4286 illius
1113 4225 1223 4286 domus
1238 4225 1292 4286 nbi

546 4319 709 4382 defunctus
736 4317 845 4394 fuerit,
874 4334 989 4380 novem
1016 4318 1139 4380 dierum
1164 4319 1200 4381 ab
1226 4319 1292 4382 eius

545 4421 647 4474 morte
670 4412 869 4490 sequentium
894 4413 991 4491 spatio
1016 4428 1070 4490 pro
1096 4412 1169 4475 dicti
1189 4413 1292 4474 fratris

545 4505 683 4568 defuncti
701 4506 801 4566 animal
822 4505 1018 4584 applicabunt
1040 4506 1143 4567 omnia
1166 4506 1289 4580 rosaria,

546 4615 672 4660 coronas
693 4607 724 4660 et
749 4599 806 4660 alia
834 4599 1045 4677 poenitentiae
1075 4615 1182 4678 opera,
1215 4616 1292 4677 quae

546 4691 686 4767 fecerint,
703 4693 838 4772 exceptis
853 4691 914 4754 illis
929 4708 1007 4770 quae
1025 4692 1217 4754 tenebuntur
1238 4707 1292 4769 pro

545 4785 791 4850 benefactoribus
806 4787 971 4865 applicare;
993 4786 1083 4863 eique
1098 4784 1293 4862 applicabunt

546 4880 618 4940 alias
640 4881 859 4958 indulgentias,
883 4897 958 4958 quas
979 4878 1124 4956 consequi
1150 4894 1292 4956 procura-

547 4973 644 5047 bunt,
677 4981 767 5051 prout
799 4975 933 5035 visitatio
961 4973 1101 5051 quinque
1132 4972 1291 5045 altarium,

547 5067 655 5142 vigore
675 5065 777 5128 bullae
796 5075 919 5128 sanctae
940 5066 1100 5128 cruciatae.

587 5162 646 5224 ‹2-
661 5160 798 5237 Singulis
810 5160 899 5222 annis
910 5161 942 5222 in
955 5161 1101 5222 omnibus
1115 5159 1227 5222 nostris
1240 5159 1293 5219 ho-

546 5255 705 5334 spitalibus
727 5271 790 5316 uno
812 5261 880 5332 post
905 5255 1128 5317 Defunctorum
1152 5255 1292 5317 Comme-

547 5347 753 5410 morationem
764 5349 813 5410 die
824 5349 945 5410 dicetur
956 5349 1046 5408 missa
1060 5347 1208 5408 solemnis
1222 5365 1293 5410 cum

548 5444 709 5505 nocturnis
731 5451 761 5504 et
782 5442 904 5504 tumulo
925 5457 980 5520 pro
1008 5443 1153 5504 omnibus
1179 5443 1292 5504 nostris

547 5537 691 5599 fratribus
706 5537 870 5612 defunctis,
887 5543 918 5598 ιι
933 5537 1060 5598 linietur
1074 5553 1146 5599 cum
1160 5537 1292 5598 solemni

547 5648 694 5710 responso
726 5631 938 5693 assistentium
969 5633 1114 5694 omnihus
1147 5633 1293 5695 fratribus

548 5742 619 5787 cunr
633 5725 730 5788 cereis
743 5739 814 5802 prae
831 5726 974 5788 manibus
988 5727 1132 5801 acrensis,
1150 5725 1294 5805 idemque

548 5821 602 5882 liet
616 5821 661 5894 in
682 5819 802 5894 missis,
826 5835 904 5898 quae
929 5820 1045 5881 cantari
1067 5821 1179 5882 debent
1203 5837 1292 5900 pecu-

549 5913 664 5976 liariter
688 5929 746 5993 pro
767 5913 905 5992 quolibet
927 5914 1020 5976 fratre
1041 5913 1196 5977 defuncto.

1063 541 1127 586 lUll.
1152 541 1242 586 bour.
1266 541 1307 586 DE
1328 543 1357 588 P·
1382 545 1411 589 F·
1436 546 1517 590 raus
1540 547 1561 590 1.

2120 535 2174 590 Διι.
2188 539 2218 592 O.
2241 539 2313 592 1687

1384 663 1441 724 «3.
1456 664 1692 730 Exactissimurn
1706 669 1833 734 aflerant
1848 671 1881 732 in
1896 671 2090 733 observantie

1343 763 1375 817 et
1395 759 1570 820 servatione
1597 763 1856 826 constitutionum
1882 765 2031 840 studium,
2054 773 2090 828 ut

1344 848 1379 908 ad
1402 849 1537 912 litteram
1559 853 1774 930 observentur,
1791 856 1872 918 etad
1895 857 1978 920 hunc
1993 859 2089 920 finem

1345 943 1378 1003 in
1401 944 1535 1007 triclinio
1556 947 1805 1024 legenturhora
1827 951 1945 1027 prandii
1971 959 2002 1013 at
2023 967 2091 1014 coe-

1345 1053 1402 1098 nae
1424 1039 1568 1102 omnibus
1589 1042 1663 1102 anni
1684 1043 1778 1104 sextis
1799 1041 1893 1105 fariis.

1383 1131 1497 1194 Omnes
1518 1133 1592 1194 istae
1614 1135 1861 1212 constitutiones,
1880 1141 2015 1218 exceptis
2037 1158 2090 1203 vo·
2121 1141 2326 1206 Q⁰⁰⁰l¹¹⁸¹⁰⁶⁰¹¹·

1345 1227 1394 1298 tis,
1417 1241 1480 1286 non
1503 1226 1639 1304 obligant
1654 1229 1712 1290 sub
1726 1239 1847 1306 peccato
1869 1248 1979 1294 eorum
1993 1239 2093 1298 trans·
2109 1201 2287 1243 sartationum.

1345 1333 1517 1396 gressoras3
1539 1327 1675 1382 attamen
1698 1339 1753 1383 nos
1774 1325 1809 1385 ad
1839 1328 2018 1389 earumdem
2039 1329 2093 1389 ob-

1344 1413 1531 1474 servantiam
1554 1415 1764 1477 inviolabilem
1795 1419 1981 1497 compellere
2001 1421 2092 1482 debet

1324 1506 1399 1567 'llei
1420 1522 1516 1580 armar,
1540 1507 1593 1585 qui
1615 1525 1670 1570 nos
1692 1509 1723 1570 in
1746 1508 1812 1570 illas
1833 1514 2044 1588 congregavit,
2061 1521 2092 1576 ιι

1344 1599 1450 1662 salutis
1464 1608 1607 1664 aeternae
1623 1602 1821 1679 desiderium,
1838 1605 1885 1666 uti
1901 1614 2024 1668 nostrae
2039 1609 2090 1670 ob-

1344 1693 1517 1755 servantiae
1538 1696 1712 1774 praemium
1726 1714 1756 1756 a.

1384 1787 1453 1861 §2
1478 1787 1557 1848 Cum
1578 1796 1694 1863 autem,
1716 1790 1795 1852 sicut
1815 1791 1919 1856 eadem
1942 1795 2090 1872 expositio
2136 1797 2328 1898 lctgnurmauo

1344 1879 1559 1956 subiungebat,
1582 1883 1734 1960 praefatus
1754 1885 1921 1948 hadericus
1948 1903 2092 1964 procura-
2108 1861 2329 1952 {drautioffrnrinfffm'

1347 1979 1394 2032 tor
1409 1974 1560 2048 generalis
1574 1977 1811 2040 constitutiones
1826 1979 2015 2057 huiusmodi,
2029 1999 2091 2060 quo

1346 2067 1466 2129 firmius
1492 2068 1660 2131 subsistant
1690 2077 1720 2132 et
1748 2082 1913 2136 serventur
1942 2076 2090 2150 exactius,

1345 2161 1526 2238 apostolicae
1551 2163 1795 2226 confirmationis
1816 2153 1938 2230 nosflbe
1964 2169 2092 2246 patroci-

1346 2257 1398 2317 nio
1420 2259 1607 2319 communiri
1623 2265 1652 2320 et
1668 2259 1739 2320 aliis
1755 2261 1852 2322 dictae
1865 2263 2017 2324 societatis
2029 2270 2091 2324 sta-

1348 2351 1390 2411 tui
1414 2359 1614 2429 opportunea
1631 2354 1718 2414 nobis
1739 2356 1895 2432 provideri
1916 2365 1947 2418 ιι
1962 2364 1996 2418 ut
2012 2357 2092 2418 infra

1347 2443 1503 2519 indulgeri
1526 2446 1697 2524 plurimum
1720 2448 1889 2526 desideret3
1913 2467 1980 2526 nos,
1998 2449 2092 2528 ipsius
2134 2515 2137 2522 ,

1347 2537 1485 2599 hoderici
1508 2541 1712 2616 procuratoris
1727 2543 1879 2618 generalis
1894 2544 1973 2604 rotis
1987 2545 2043 2605 hac
2058 2543 2091 2605 in

1347 2647 1390 2704 re,
1414 2641 1567 2709 quantum
1589 2649 1659 2694 cum
1676 2634 1804 2694 Domino
1819 2652 1993 2713 possumus,
2010 2637 2092 2697 favo-

1347 2726 1485 2788 rabiliter
1505 2743 1644 2789 annuere
1665 2728 1817 2804 volentes,
1840 2747 2006 2810 eumquea
2025 2732 2093 2809 qui-

1347 2819 1452 2880 busvis
1473 2821 1813 2898 excommunicationis,
1832 2825 2042 2901 suspensionis
2062 2831 2093 2886 et

1354 2913 1520 2987 interdicti,
1537 2913 1666 2991 aliisque
1687 2915 1896 2978 ecclesiasticis
1916 2919 2091 2994 sententiis,

1347 3007 1488 3068 censuris
1508 3015 1539 3068 et
1560 3009 1678 3086 poenis,
1700 3025 1717 3070 a
1736 3009 1804 3071 iure
1824 3011 1874 3072 vel
1895 3011 1932 3072 ab
1953 3011 2092 3086 homine,

1347 3100 1454 3178 quavis
1475 3101 1633 3162 occasione
1650 3102 1700 3163 vel
1722 3105 1810 3164 causa
1831 3103 1912 3178 latis,
1934 3106 1959 3165 si
1981 3105 2093 3184 quibus

1348 3193 1580 3270 quomodolibet
1610 3195 1774 3258 innodatus
1799 3196 1913 3270 existit,
1940 3196 1976 3257 ad
2005 3198 2093 3259 elfec-

1349 3296 1415 3349 tum
1427 3290 1638 3367 praesentium
1653 3292 1812 3353 dumtaxat
1826 3293 2091 3370 consequendum,

1347 3382 1458 3443 harum
1484 3383 1564 3442 serie
1585 3383 1778 3445 absolventes
1793 3391 1823 3446 et
1838 3383 2013 3446 absolutum
2028 3384 2094 3445 fore

1347 3481 1521 3548 censentes,
1533 3476 1807 3553 supplicationibus
1822 3476 1888 3538 eius
1899 3477 2025 3539 nomine
2039 3493 2093 3538 na-

1347 3569 1393 3630 bis
1414 3584 1507 3646 super
1528 3569 1586 3630 hoc
1601 3568 1762 3630 humiliter
1778 3570 1925 3646 porrectis
1939 3565 2090 3644 inclinati,

1348 3663 1385 3724 de
1400 3661 1627 3724 nonnullorum
1649 3663 1875 3724 venerabilium
1894 3663 2026 3725 fratrum
2039 3680 2095 3724 no-

1347 3767 1484 3820 strorum
1506 3755 1537 3818 S.
1561 3755 1597 3816 R.
1622 3757 1657 3817 E.
1682 3756 1892 3818 Caralinallum
1920 3773 2014 3834 super
2035 3757 2093 3818 hoc

1348 3853 1473 3930 negotio
1503 3869 1518 3912 a
1550 3850 1639 3912 nobis
1669 3851 1842 3928 specialiter
1876 3850 2094 3928 deputatorum

1347 3949 1485 4023 consilio,
1509 3946 1674 4026 praelatam
1695 3947 1873 4008 societatem
1901 3945 2093 4008 confratrum

1347 4042 1644 4105 Bethlehemitarum
1667 4051 1877 4121 nuncupatam
1896 4037 2094 4115 hospitalium

1348 4152 1519 4216 pauperum
1546 4137 1830 4198 convalescentium
1859 4137 1890 4197 in
1918 4135 2095 4198 indiisllc·

1348 4229 1550 4292 cidentalibus
1567 4228 1599 4290 in
1614 4229 1888 4306 congregationem
1909 4229 1967 4290 sub
1987 4227 2094 4304 raguta

1348 4323 1378 4386 S.
1404 4322 1570 4398 Augustini
1586 4329 1617 4383 et
1631 4323 1845 4401 suprascriptis
1864 4321 2094 4407 eonstitutioni·

1348 4416 1415 4490 bus,
1431 4414 1612 4477 auctoritate
1634 4415 1807 4493 apostolica,
1826 4423 1933 4476 tenore
1953 4429 2094 4493 praesen-

1349 4509 1446 4582 tium,
1473 4515 1622 4586 perpetuo
1648 4508 1797 4584 erigimus
1819 4517 1850 4571 et
1881 4506 2092 4586 instituimus;

1347 4618 1381 4662 ac
1396 4600 1516 4662 easdem
1531 4601 1768 4664 constitutiones
1789 4603 2006 4682 praeinsertas,
2024 4619 2095 4665 cum

1348 4694 1491 4756 omnibus
1512 4701 1543 4754 et
1563 4695 1695 4772 singulis
1710 4696 1742 4756 in
1758 4695 1801 4757 eis
1815 4696 1980 4770 contentis,
1993 4705 2096 4756 aucto-

1347 4787 1439 4848 ritate
1453 4793 1484 4846 et
1507 4793 1616 4848 tenore
1638 4787 1799 4865 praedictis
1820 4789 2041 4850 confirmamus
2063 4797 2096 4850 et

1348 4880 1562 4958 approbamus,
1576 4879 1699 4958 illisque
1715 4881 1901 4942 inviolabilis
1913 4881 2095 4959 apostolicae

1349 4971 1503 5034 firmitatis
1519 4973 1615 5034 robur
1629 4974 1801 5050 adiicimus,
1817 4991 1851 5035 ac
1864 4991 1972 5037 omnes
1987 4983 2018 5037 et
2032 4977 2095 5036 sin·

1349 5066 1438 5142 gulos
1460 5067 1534 5128 luris
1556 5075 1587 5130 et
1602 5067 1674 5129 facti
1691 5067 1838 5146 delectus,
1854 5069 1880 5129 si
1895 5071 1949 5147 qui
1963 5071 2096 5148 desuper

1348 5160 1579 5238 quomodolibet
1604 5155 1861 5238 intervenerint,
1900 5163 2092 5242 supplemus.

1349 5255 1505 5315 Praeterea
1517 5257 1656 5318 eamdem
1667 5257 1949 5333 Congregattonam
1961 5259 2096 5319 sicano-

1348 5347 1394 5409 bis
1410 5355 1554 5424 erectam,
1578 5350 1705 5428 eiusque
1727 5349 1905 5426 confratres,
1922 5351 2092 5430 hospitalia,

1349 5443 1491 5504 ecclesias
1506 5453 1537 5506 et
1551 5459 1695 5524 personas
1710 5459 1930 5523 quascumque,
1944 5445 1980 5506 ab
1994 5446 2094 5507 omni-

1349 5538 1437 5600 moda
1459 5537 1670 5600 iurisdictione
1691 5543 1721 5598 et
1736 5539 1927 5600 correctione
1944 5554 2096 5618 quorum-

1348 5647 1482 5710 cumque
1492 5631 1726 5694 Ordinariorum
1741 5631 1891 5706 locorum,
1909 5632 2015 5694 eadem
2026 5651 2095 5696 auc-

1349 5727 1482 5803 toritate,
1499 5730 1607 5789 barura
1624 5727 1714 5802 serie,
1731 5727 1896 5788 eximimus
1912 5735 1942 5788 et
1956 5728 2095 5806 plenarie

1349 5821 1526 5896 liberamus,
1540 5821 1698 5899 ipsamque
1715 5820 2007 5899 congregationem,
2023 5835 2096 5884 con-

1349 5913 1480 5990 fratres,
1514 5915 1693 5995 hospitalia,
1723 5915 1864 5978 ecclcsias
1892 5923 1923 5977 et
1950 5929 2095 5995 personas
