4848 6990
1006 610 1214 658 inuocuurrus
1236 613 1279 658 xi.
1812 595 1851 662 99
1901 596 1953 651 tn.
1973 602 2003 654 c.
2019 603 2088 656 1687

328 738 440 786 narum
470 723 668 802 qualitatibus
698 732 821 786 mature
851 726 1069 802 consideratis,
1126 729 1300 807 chirurgiae
1321 730 1450 808 artibus,
1464 730 1530 793 illas
1550 731 1706 794 addiscent
1727 748 1766 794 ex
1786 748 1871 812 prae·

327 815 363 878 ad
385 815 439 878 Dei
454 817 676 895 omnipotentis
691 817 834 900 gloriam,
848 827 880 880 et
895 819 1071 882 animarum
1127 822 1198 886 fecti
1219 823 1372 900 generalis
1387 833 1417 888 et
1430 825 1639 888 assistentium
1654 826 1868 904 permissione.

326 907 469 986 salutem,
482 929 515 974 ac
529 911 652 989 piorum
673 928 804 992 operum
825 914 1070 989 incrementum,
1167 936 1186 978 ι
1199 916 1228 978 3.
1246 916 1448 995 ildmittendi,
1464 926 1564 982 aetate
1577 926 1608 982 et
1623 920 1741 983 viribus
1755 919 1872 998 pollere

327 1003 494 1082 populique
508 1005 667 1068 christiani
688 1007 932 1072 aedificationem
954 1016 985 1070 et
1000 1023 1072 1072 con·
1127 1011 1240 1072 debent
1261 1012 1297 1074 ad
1328 1011 1519 1088 ministeria,
1551 1013 1662 1090 quibus
1694 1012 1868 1088 initiantur,

325 1095 508 1159 solationem
537 1099 701 1179 specialem
728 1102 932 1182 conspicimus
953 1101 985 1162 in
1013 1102 1072 1162 llo-
1126 1104 1401 1180 convenientibus,
1424 1105 1462 1166 ab
1483 1105 1568 1168 omni
1594 1105 1723 1182 originis
1744 1111 1775 1166 et
1796 1104 1871 1167 infa-

326 1188 415 1250 mino
433 1191 600 1256 salubriter
620 1194 776 1272 expedire.
1127 1196 1207 1258 miae
1228 1196 1305 1272 labe,
1329 1198 1391 1260 imo
1412 1198 1529 1260 eteius
1557 1199 1731 1276 suspicione
1758 1199 1872 1260 immu-

107 1296 193 1340 orrus
211 1299 238 1342 u
251 1306 308 1353 pre
367 1283 385 1358 ἓ
408 1282 434 1346 l.
459 1285 579 1363 Exponi
600 1286 754 1365 siquidem
776 1287 863 1350 nobis
885 1299 986 1367 nuper
1000 1287 1072 1350 fecit
1127 1305 1193 1364 nes,
1217 1289 1359 1364 coelibes,
1381 1291 1516 1370 corporis
1536 1291 1614 1367 sani,
1631 1307 1687 1352 nec
1701 1290 1765 1354 ullo
1780 1289 1872 1352 modo

79 1349 308 1462 ffissfffflffiss‘!
326 1375 457 1440 dilectus
478 1378 561 1442 filius
586 1380 787 1444 hodericusa
810 1382 909 1445 Cruce
930 1396 1072 1459 procura·
1127 1399 1197 1444 aere
1217 1383 1316 1446 alieno
1331 1391 1383 1446 aut
1404 1383 1471 1446 aliis
1486 1382 1633 1446 oneribus
1648 1383 1777 1460 grauati,
1793 1399 1872 1461 quae

79 1457 121 1501 ²¹⁸·
325 1478 376 1534 tor
406 1473 560 1548 generalis
590 1474 851 1538 confraternitatis
879 1475 1072 1538 confratrum
1127 1476 1286 1538 molestiae
1312 1493 1368 1540 seu
1399 1475 1614 1556 impedimenti
1642 1493 1707 1540 esse
1736 1479 1870 1556 possint,

327 1565 627 1630 bethlehemitarum
649 1577 902 1648 nuncupatorum
923 1569 954 1630 in
971 1567 1072 1646 hospi·
1128 1584 1186 1630 nec
1203 1570 1257 1646 qui
1272 1570 1368 1632 ullius
1382 1570 1540 1648 religionis
1554 1587 1609 1634 seu
1624 1572 1872 1650 congregationis

326 1659 437 1722 talibus
448 1677 618 1740 pauperum
633 1661 917 1724 convalescentium
933 1662 965 1724 in
977 1659 1072 1724 indiis
1127 1661 1267 1724 habitum
1291 1663 1465 1726 habuerint.

325 1751 569 1816 Occidentalibus
589 1753 747 1829 canonice,
763 1761 798 1818 ut
818 1755 975 1830 asseritur,
988 1769 1072 1816 erec·
1167 1755 1226 1816 (4.
1244 1755 1374 1820 Peractis
1390 1757 1619 1835 probationibus
1633 1767 1665 1822 et
1679 1759 1871 1838 experimen-

326 1853 385 1921 tac,
411 1849 493 1926 quod
524 1847 603 1910 dicta
634 1847 870 1910 confraternitas
897 1848 928 1910 in
956 1847 1070 1910 eisdem
1127 1848 1165 1910 tis
1187 1849 1280 1911 etiam
1294 1850 1419 1928 spiritus
1433 1867 1495 1930 quo
1509 1850 1677 1928 ducuntur,
1694 1859 1872 1931 proutcun-

326 1941 419 2004 indiis
434 1940 560 2003 initium
582 1941 689 2004 habuit
704 1942 889 2019 aquandum
911 1939 1001 2004 Petro
1016 1941 1071 2004 Be·
1127 1943 1236 2004 venire
1256 1943 1359 2006 visum
1381 1943 1485 2018 fuerit,
1508 1960 1580 2006 cum
1605 1945 1723 2008 luerint
1744 1961 1782 2008 eu
1802 1959 1871 2007 sen·

326 2041 434 2096 tancur
455 2050 470 2094 a
493 2035 524 2097 S.
548 2034 687 2113 losepho,
709 2035 762 2112 qui
788 2035 920 2117 primam
942 2036 1071 2098 domum
1127 2035 1225 2096 tentia
1245 2034 1347 2098 fratris
1368 2037 1510 2114 praefecti
1533 2046 1566 2100 et
1592 2037 1802 2100 assistentium
1823 2055 1872 2118 ap-

326 2135 356 2190 et
376 2127 527 2206 hospitale
547 2127 642 2206 ipsius
660 2127 921 2192 confraternitatis
943 2127 976 2190 in
996 2128 1073 2189 ciri·
1128 2127 1263 2206 probati,
1287 2136 1318 2192 et
1340 2129 1371 2192 in
1394 2129 1500 2194 habitu
1527 2131 1674 2193 saeculari
1699 2132 1873 2196 manserint

326 2219 587 2284 tateGuatimalae
601 2237 657 2299 pro
671 2235 843 2300 pauperum
858 2222 1073 2284 conualescen·
1127 2236 1183 2299 per
1203 2221 1321 2301 aliquot
1340 2223 1542 2302 septimanas,
1564 2224 1735 2287 humilibus
1763 2226 1872 2288 domus

218 2321 219 2324 ’
326 2314 405 2378 tium
434 2313 522 2390 cura,
548 2314 654 2376 aliisve
682 2314 803 2394 pietatis
829 2321 859 2378 et
887 2315 1072 2378 christianae
1127 2315 1282 2376 exercitiis
1302 2331 1335 2378 so
1354 2316 1548 2396 applicando,
1572 2319 1629 2380 hoc
1660 2325 1800 2397 tempore
1821 2333 1872 2394 ge·

325 2407 481 2470 charitatis
496 2409 651 2487 operibus,
665 2425 747 2472 anno
763 2426 897 2474 unctui.
911 2410 1071 2472 aedificare
1127 2407 1264 2470 ueralem
1292 2409 1437 2472 omnium
1456 2425 1586 2473 suorum
1615 2422 1809 2490 peccatorum
1831 2411 1873 2473 fa·

324 2502 433 2580 coepit.
452 2501 600 2578 Subinde,
616 2519 689 2566 cum
704 2504 788 2568 aliud
800 2504 904 2566 simile
922 2502 1072 2582 hospitale
1127 2501 1210 2564 cient
1230 2501 1473 2580 confessionem,
1497 2519 1541 2578 ac,
1564 2520 1639 2581 quas
1660 2504 1798 2583 profiteri
1820 2507 1871 2568 de-

325 2613 407 2658 anno
429 2611 582 2659 uocuxxr.
609 2597 788 2662 incivitate
815 2597 942 2660 Limanl
963 2595 1073 2659 funda·
1127 2593 1212 2668 bont,
1245 2595 1363 2671 regulis
1388 2596 1602 2672 instruentur;
1635 2597 1871 2677 adimpletisque

326 2698 394 2752 tum
424 2690 547 2766 fuisset,
574 2691 813 2754 constitutiones
836 2707 892 2769 pro
921 2689 1072 2768 praefatae
1128 2685 1193 2748 istis
1214 2687 1463 2765 obligationibus,
1480 2689 1634 2768 completo
1651 2689 1871 2754 decimosexto

133 3815 223 3860 carun
237 3815 255 3859 l.

111 3869 147 3912 lte
163 3867 307 3914 confrater·

87 3921 183 3984 nitatis
204 3921 308 3968 institu-

86 3980 166 4021 tione

143 5215 219 5260 carm
231 5215 264 5260 11.

96 5267 310 5368 disbomregpnlreg:

96 5375 254 5422 tarditatem.

324 2783 583 2847 confraternitatis
594 2785 745 2862 gubernio
756 2787 840 2848 iuxta
853 2794 927 2848 tunc
936 2778 1081 2846 existen·'

327 2885 389 2939 tem
418 2878 501 2941 illius
521 2886 636 2941 statum
664 2879 759 2941 factae
789 2893 873 2940 anuo
895 2892 1069 2942 uncuxxir.

325 2987 381 3050 per
408 2969 521 3034 sedem
545 2971 751 3050 Apostolicam
778 2973 979 3034 confirmatae
1006 2971 1071 3033 fue·

325 3073 409 3128 runt.
443 3066 549 3140 Porro,
571 3072 661 3128 aucto
691 3065 843 3128 eiusmodi
874 3065 1071 3144 hospitalium

325 3173 457 3221 numero
478 3174 578 3236 usque
598 3158 635 3220 ad
657 3157 814 3232 undecim,
830 3163 861 3220 et
876 3157 909 3218 in
924 3163 1072 3237 promptu

324 3252 479 3314 existento
510 3250 685 3314 multorum
713 3250 845 3312 aliorum
871 3247 1069 3326 fundatione,

324 3359 381 3424 pro
402 3344 483 3406 felici
511 3357 720 3422 prosperoque
741 3343 879 3406 eiusdem
904 3343 1071 3406 confrater·

324 3438 430 3500 nitatis
450 3437 602 3514 regimine
618 3443 649 3499 et
670 3437 823 3513 gubernio
845 3436 992 3500 formatae
1006 3437 1073 3499 fue-

325 3538 401 3594 runt
421 3546 521 3592 norae
540 3531 789 3605 constitutiones,
812 3531 966 3608 praesenti
988 3529 1071 3592 illius

324 3624 417 3685 statui
438 3623 676 3698 couvenientes,
699 3623 816 3686 tenoris
841 3623 895 3701 qui
916 3622 1070 3701 sequitur,

325 3715 484 3778 videlicet:
675 3781 682 3796 ,

366 3809 427 3870 al.
450 3810 535 3872 Finis
563 3809 717 3872 societatis
744 3815 790 3871 est
818 3816 947 3872 strenue
967 3809 1071 3870 :tilmo-

325 3903 401 3966 dum
415 3903 597 3965 incumbere
612 3903 645 3964 in
660 3904 843 3966 exercitium
859 3918 988 3980 operum
1002 3903 1071 3964 cha-

325 3997 424 4060 ritatis
445 4005 476 4058 et
501 3995 748 4071 misericordiae,
773 4005 834 4060 tam
860 3995 1072 4075 spiritualium

325 4105 418 4170 quam
440 4088 662 4167 corporalium,
674 4103 748 4166 erga
769 4103 862 4152 omne
883 4103 982 4164 genus
1004 4104 1073 4166 per-

324 4197 484 4257 sonarum,
505 4183 687 4260 praesertim
708 4197 781 4258 erga
802 4197 908 4258 aegros
929 4181 1073 4244 convale-

325 4283 463 4351 scentes,
492 4273 684 4353 procurando
705 4275 935 4353 quammaxime
956 4275 1070 4337 anima-

326 4385 398 4431 rum
430 4377 498 4431 tum
529 4369 725 4447 propriarum
758 4377 825 4451 tum
856 4369 1071 4447 proximorum

326 4471 506 4525 nostrorum
527 4461 659 4524 salutem
680 4478 735 4540 per
757 4461 900 4524 omnium
915 4463 1070 4524 virtutum

326 4573 419 4620 usum
441 4565 471 4618 et
492 4555 574 4617 uitae
594 4555 737 4634 probatae
757 4555 926 4634 exemplar,
948 4555 1023 4617 adeo
1037 4563 1072 4618 ut

326 4649 371 4725 bi,
393 4649 446 4728 qui
467 4648 503 4710 ad
525 4656 629 4710 nostra
652 4648 812 4727 hospitalia
839 4649 985 4710 venerint
1007 4665 1073 4712 cor-

326 4743 408 4820 poris
422 4743 555 4806 salutem
577 4739 799 4820 recuperaturi,
815 4741 847 4802 in
862 4743 983 4804 animae
997 4759 1072 4821 quo-

327 4853 389 4915 que
408 4836 507 4900 salute
528 4837 727 4912 egrediantur
747 4835 891 4916 meliores
913 4836 1023 4898 eflecti.

367 4931 425 4992 «2.
449 4931 562 4993 Omnes
582 4929 696 4990 subditi
711 4945 777 4990 esse
791 4929 905 4991 debent
920 4929 1072 5007 praefecto

328 5024 465 5100 generali
486 5031 517 5084 et
539 5023 572 5084 in
594 5023 706 5085 humili
727 5021 917 5084 subiectione
937 5023 1001 5084 suis
1021 5041 1072 5086 su-

327 5117 501 5196 perioribus
521 5115 739 5194 peculiaribus.

368 5211 426 5272 «l.
449 5211 525 5285 Quia
546 5209 713 5272 multitudo
733 5208 947 5270 confusionem
965 5225 1072 5287 parere

328 5305 417 5380 solet,
439 5306 585 5367 ucetiam
612 5303 854 5381 relaxationem
885 5305 1073 5368 conueniens

329 5401 388 5462 erit
420 5406 454 5462 ut
480 5415 543 5461 non
570 5398 647 5460 adsit
667 5398 700 5458 in
729 5398 843 5460 nostris
874 5397 1073 5475 hospitalibus

329 5495 426 5558 maior
439 5493 572 5556 fratrum
594 5509 757 5567 numerus,
773 5507 866 5571 quam
880 5507 956 5570 quos
969 5494 1073 5570 exiget

329 5588 510 5664 uecesntas3
533 5601 596 5650 non
618 5587 677 5648 erit
699 5593 802 5648 tamen
817 5585 1005 5648 duodenario
1026 5588 1074 5649 in·

329 5682 440 5757 ferior3
462 5689 504 5757 et,
526 5682 552 5741 si
573 5696 648 5759 opus
669 5681 729 5742 erit
757 5695 926 5742 numerum
947 5695 1072 5757 augere,

331 5775 399 5837 fleri
419 5775 531 5854 poterit
552 5773 582 5836 id
604 5775 642 5836 de
666 5773 790 5836 licentia
810 5771 954 5852 praefecti
980 5789 1073 5850 gene·

330 5867 402 5930 ralis
422 5875 453 5930 et
473 5867 685 5930 assistentium
706 5866 911 5943 generalium.

370 5979 389 6024 a
403 5963 431 6026 2.
449 5961 574 6038 Omnes,
588 5962 641 6040 qui
651 5961 713 6040 apti
727 5961 844 6025 fuerint
858 5961 1028 6025 medicinae
1043 5967 1074 6024 et

1127 2780 1234 2842 aetatis
1254 2797 1348 2856 anuo,
1365 2782 1506 2846 habitum
1522 2784 1566 2846 eis
1580 2783 1663 2846 dabit
1678 2783 1772 2846 frater
1786 2800 1872 2862 prae·

1127 2872 1236 2947 fectus,
1258 2872 1296 2935 de
1317 2875 1461 2953 praefecti
1493 2877 1662 2953 generalis,
1691 2894 1746 2939 seu
1776 2877 1870 2953 illius,

1127 2966 1191 3044 qui,
1215 2974 1249 3029 ut
1264 2967 1343 3028 infra
1357 2969 1488 3045 dicetur,
1504 2970 1586 3034 vices
1602 2970 1719 3033 tenebit
1733 2971 1872 3034 eiusdem

1127 3060 1270 3139 praefecti
1296 3063 1466 3140 generalis,
1489 3073 1520 3127 et
1540 3064 1750 3128 assistentium
1778 3063 1872 3127 licen-

1127 3155 1179 3230 tia,
1192 3170 1226 3218 ac
1236 3155 1337 3234 elapsu
1349 3157 1537 3235 probationis
1551 3165 1582 3220 et
1593 3159 1763 3222 novitiatus
1777 3157 1870 3233 annu,

1126 3263 1161 3311 ac
1181 3247 1218 3310 de
1239 3248 1379 3312 eiusdem
1399 3250 1543 3328 praefecti
1565 3249 1730 3328 generalis,
1751 3267 1806 3314 seu
1826 3259 1871 3314 te·

1127 3342 1231 3404 nentis
1251 3343 1317 3406 eius
1339 3343 1432 3419 vices,
1455 3351 1486 3406 et
1507 3344 1718 3408 assistentium
1736 3344 1869 3420 licentia,

1126 3433 1296 3498 dummodo
1315 3435 1536 3514 professionem
1551 3438 1694 3500 omissuri
1715 3439 1813 3500 sciant
1828 3437 1872 3500 le-

1127 3541 1201 3604 gere
1222 3535 1252 3590 et
1266 3529 1410 3604 scribere,
1426 3537 1457 3592 ct
1472 3545 1536 3591 non
1551 3529 1635 3605 alias,
1647 3529 1871 3608 professionem

1127 3620 1273 3683 emittent
1294 3620 1327 3682 in
1348 3621 1490 3684 manibus
1504 3622 1608 3684 fratris
1628 3621 1785 3700 praefecti,
1800 3631 1872 3684 vota

1126 3713 1331 3789 obedientiae,
1354 3716 1541 3794 paupertatis
1562 3723 1593 3778 et
1613 3717 1758 3779 castitatis
1772 3733 1805 3778 ac
1818 3716 1873 3777 ho·

1126 3805 1299 3883 spitalitatis
1320 3807 1472 3882 vovendo,
1499 3809 1587 3872 cuius
1608 3809 1785 3887 posterioris
1807 3809 1871 3870 uoti

1126 3898 1273 3974 obligatio
1294 3902 1479 3964 extendatur
1490 3901 1527 3962 ad
1549 3901 1783 3964 inserviendum
1799 3917 1871 3980 pau-

1126 3992 1250 4069 peribus
1271 3993 1419 4068 infirmis,
1442 3994 1562 4056 etiamsi
1590 3995 1653 4056 sint
1679 3994 1820 4056 infideles
1840 4003 1872 4056 et

1126 4084 1227 4162 aliqua
1238 4087 1412 4163 contagiosa
1423 4087 1618 4164 aegritudine
1633 4087 1743 4162 aneon,
1760 4097 1790 4150 et
1803 4104 1872 4151 suc·

1127 4178 1242 4239 cessiue
1263 4180 1316 4242 fiet
1337 4179 1420 4242 aliud
1441 4189 1550 4244 votum
1572 4182 1788 4260 perseverandi
1802 4197 1871 4260 per-

1128 4278 1220 4347 petuo
1245 4271 1277 4332 in
1302 4273 1407 4334 nostri
1433 4275 1577 4336 societate
1604 4274 1869 4350 bethlehemitici,

1128 4365 1322 4445 infirmisque
1342 4367 1507 4430 serviendi.

1168 4459 1226 4520 «ὅ.
1252 4460 1363 4522 Adesse
1385 4461 1474 4524 debet
1496 4478 1577 4524 unus
1599 4463 1790 4526 novitiorum
1808 4479 1872 4524 ma·

1128 4553 1225 4628 gister
1257 4555 1435 4616 nominatus
1460 4571 1477 4614 a
1499 4554 1650 4632 praefecto
1679 4557 1813 4632 generali
1839 4563 1871 4619 et

1127 4646 1339 4710 assistentibus
1362 4648 1394 4707 in
1417 4648 1627 4726 hospitalibus.
1644 4650 1725 4724 Quae
1740 4665 1794 4728 pro
1816 4667 1871 4712 no·

1128 4740 1248 4814 vitiata,
1272 4741 1470 4802 destinabunt
1496 4743 1561 4819 ipse
1586 4743 1756 4820 praefectus
1777 4759 1870 4820 gene·

1128 4833 1199 4894 ralis
1221 4841 1250 4896 et
1271 4834 1458 4908 assistentes,
1481 4835 1513 4898 in
1535 4836 1566 4898 id
1589 4845 1729 4900 accurate
1750 4839 1869 4900 incum-

1128 4927 1229 4990 bendo
1265 4937 1299 4989 ut
1330 4929 1477 5004 magister
1508 4930 1547 4992 sit
1578 4945 1616 4990 ex
1648 4931 1871 5008 insignioribus

1128 5023 1246 5083 uirtute
1259 5028 1290 5081 et
1305 5021 1478 5099 prudentia,
1495 5033 1526 5085 et
1540 5024 1594 5101 qui
1608 5023 1716 5085 saltem
1738 5025 1869 5103 praefec-

1129 5121 1179 5175 tus
1199 5115 1294 5176 fuerit
1318 5115 1446 5177 alicuius
1467 5131 1506 5176 ex
1521 5118 1634 5178 nostris
1659 5118 1868 5198 hospitalibus;

1128 5216 1159 5269 et
1173 5225 1243 5270 casu
1258 5224 1320 5286 quo
1341 5195 1423 5270 ide'm
1438 5209 1630 5272 novitiorum
1645 5213 1791 5287 magister
1805 5229 1870 5276 mo·

1128 5303 1166 5363 do
1188 5312 1218 5364 et
1240 5302 1337 5364 formai
1364 5304 1401 5364 de
1423 5319 1483 5380 qua
1503 5319 1594 5382 supra
1621 5307 1791 5368 destinatus
1819 5309 1871 5369 de-

1128 5397 1228 5470 cedat,
1262 5396 1312 5458 vel
1338 5395 1399 5458 alio
1429 5399 1652 5474 impedimento
1681 5400 1869 5476 detineatur,

1128 5489 1275 5568 praeeligi
1296 5491 1329 5551 in
1351 5507 1421 5553 casu
1447 5490 1661 5569 impedimenti
1684 5493 1871 5570 provisione-

1130 5583 1200 5645 liter
1220 5581 1328 5644 debeat
1341 5601 1357 5644 a
1372 5584 1525 5662 praefecto
1542 5585 1663 5660 domne,
1679 5585 1711 5647 in
1726 5603 1785 5664 qua
1800 5601 1871 5648 con-

1129 5676 1228 5752 tingat
1244 5676 1302 5738 tale
1325 5677 1596 5756 impedimentum,
1612 5679 1690 5741 alius
1705 5681 1870 5742 sufficienti

1128 5769 1266 5832 doctrina
1286 5776 1319 5830 et
1340 5769 1476 5834 moribus
1493 5771 1663 5850 praeditus3
1686 5773 1719 5836 in
1734 5789 1804 5836 casu
1818 5789 1870 5836 re·

1128 5879 1163 5924 ro
1183 5862 1301 5939 obitus,
1323 5865 1451 5943 praefigi
1472 5865 1580 5928 debeat
1600 5865 1677 5928 alius
1703 5867 1740 5928 ab
1761 5867 1870 5932 eodem

1128 5955 1281 6034 praelecto
1311 5957 1438 6034 domus,
1464 5959 1518 6038 qui
1545 5959 1722 6024 huiusmodi
1755 5977 1870 6026 munus
