4866 6980
90 585 145 636 An.
159 585 191 636 c.
212 581 283 638 1678

148 731 296 786 Poecipitur

83 785 296 882 superiorigene·

84 851 127 884 rar
158 841 295 884 societatis

83 896 151 937 lesu.
175 893 208 936 ut
230 891 295 936 alios

81 947 184 998 deputet
195 944 296 990 missio-

80 999 175 1058 narios
193 999 237 1054 qui
253 998 297 1043 ad-

79 1051 202 1096 mittendi
219 1055 296 1098 eruut

78 1103 295 1164 secuudumprae·

78 1169 125 1202 serr
148 1163 186 1202 ta.
200 1161 226 1203 et
241 1159 297 1203 mit·

79 1168 150 1272 tensi
162 1221 223 1256 cum
235 1221 297 1256 non·

79 1265 160 1308 nutus
191 1263 297 1310 ordino-

79 1317 215 1371 tionibus,
248 1318 296 1364 sub

79 1369 160 1432 poend
192 1381 297 1416 excom-

79 1425 297 1486 munrcationis

79 1479 194 1524 maiorrs.

949 597 1156 644 innocencius
1178 597 1223 642 Xi.

353 723 372 798 ἓ
386 722 414 783 5.
429 721 588 784 Praeterea
599 722 779 783 mandamus
791 719 964 798 supradicto
972 732 1058 796 prae·

316 816 412 894 posito
427 815 563 892 generali
579 813 738 878 societatis
749 814 827 888 lesu,
841 818 887 887 ut,
905 811 971 874 ioco
986 811 1059 872 mis-

313 909 530 983 sionariorum,
547 908 598 986 qui
615 909 650 970 ad
671 907 797 980 Urbem,
817 912 851 967 ut
873 905 1057 984 praefertur,

315 1010 476 1078 vocantur,
499 1002 572 1064 aiios
600 1001 737 1080 deputet,
760 1009 790 1062 et
819 1015 921 1062 coram
947 997 1058 1061 diiecto

315 1095 380 1158 tilio
395 1101 501 1158 nostro
512 1094 648 1156 eiusdem
662 1093 693 1157 S.
707 1094 742 1155 il.
757 1093 791 1154 Ε.
805 1091 957 1154 cardinali
973 1106 1058 1168 prae·

315 1189 412 1252 dictae
420 1187 675 1264 congregationis
687 1185 895 1250 cardinalium
906 1183 1058 1262 praelecto

315 1280 504 1360 praesentari
525 1279 622 1354 iaciat,
645 1279 679 1341 in
701 1279 788 1342 cuius
810 1277 964 1350 manibus,
986 1291 1058 1338 cum

316 1375 489 1438 assistentia
503 1373 688 1436 venerabilis
704 1374 807 1436 iratris
821 1372 972 1434 Francisci
988 1369 1057 1447 Epi-

314 1469 397 1546 scopi
418 1467 645 1546 Heliopoiitani,
661 1467 755 1528 unius
776 1482 815 1527 ex
829 1463 990 1544 praedictis
1009 1461 1057 1524 Vi·

315 1561 404 1624 cariis
424 1561 622 1638 Apostolicis,
652 1577 685 1622 ac
712 1560 875 1622 memorati
903 1557 1057 1620 secretarii

316 1653 453 1716 eiusdem
475 1654 731 1730 congregationis
753 1651 972 1726 cardinalium,
995 1659 1057 1712 tam

316 1747 373 1826 ipsi
393 1747 435 1808 sic
447 1746 613 1826 deputandi
624 1761 717 1824 quam
732 1747 783 1808 alii
798 1743 983 1808 missionarii
997 1743 1058 1804 dic-

316 1849 364 1902 tae
385 1839 544 1903 societatis
565 1840 688 1918 posthac
706 1841 741 1902 ad
764 1839 831 1901 illas
852 1845 952 1917 partes
967 1836 1059 1898 desti-

316 1933 420 2008 nandi,
430 1933 545 2012 pariter
556 1933 807 1995 cumassistentia
817 1931 1059 1994 eiusdemEran·

316 2027 387 2088 cisci
408 2026 565 2104 Episcopi,
587 2027 612 2086 si
637 2033 710 2088 tunc
733 2025 879 2104 temporis
906 2023 1004 2086 adbuc
1025 2023 1058 2082 in

316 2120 371 2182 bac
391 2119 468 2182 almi
486 2119 568 2181 Urbe
589 2118 694 2194 luerit,
716 2125 870 2196 praestare
884 2124 913 2178 et
930 2115 1062 2178 subscri·

316 2213 388 2275 bere
410 2213 601 2275 tenebuntur
621 2213 834 2275 iuramentum
855 2209 1058 2290 praedictum,

316 2322 349 2368 ac
370 2307 464 2368 etiam
485 2307 587 2368 iurare
608 2306 815 2368 obedientiam
830 2313 861 2366 et
881 2303 1059 2368 subordina-

318 2397 435 2460 tionem
456 2398 557 2460 eidem
578 2398 740 2461 Francisco
762 2397 908 2476 Episcopo
930 2395 1060 2471 aliisquo

318 2489 446 2554 ilicariis
457 2491 649 2571 Apostolicis,
659 2492 691 2553 in
703 2506 837 2570 quorum
847 2487 1060 2552 iurisdictione

317 2584 487 2663 respective
508 2584 724 2660 morabuntur,
740 2585 840 2662 quoad
851 2583 955 2646 omnia
967 2595 1059 2656 nego-

318 2679 358 2740 tia
372 2685 404 2739 et
417 2677 621 2740 directionem
636 2678 837 2754 missionum
852 2687 884 2738 et
895 2676 946 2737 liat
958 2681 1059 2754 postea

316 2771 350 2833 in
370 2771 452 2834 calce
472 2771 508 2832 de
530 2771 676 2832 omnibus
697 2771 831 2832 narratio
856 2775 887 2832 et
908 2765 1060 2832 attestatio

315 2864 485 2942 subscripta
512 2863 549 2925 ab
576 2865 685 2926 eodem
713 2863 865 2926 cardinali
892 2859 1059 2939 praelecto,

316 2957 367 3018 cui
388 2956 580 3018 subscribant
602 2957 695 3019 etiam
710 2957 782 3018 dicti
798 2956 976 3018 Franciscus
990 2952 1062 3030 Epi·

316 3065 426 3129 scopus
458 3058 615 3128 tamquam
638 3065 792 3129 praesens,
815 3055 845 3110 et
871 3045 1060 3127 praepositus

318 3143 471 3219 generalis
492 3151 651 3222 tamquam
672 3141 988 3222 particeps,testando
1004 3138 1060 3200 sibi

318 3237 421 3298 omnia
443 3236 593 3314 praedicta
614 3245 765 3312 constare,
791 3235 917 3313 suisque
937 3232 1062 3313 paritio-

318 3345 391 3390 nem
423 3329 630 3406 iniungend03
659 3338 752 3408 atque
782 3327 959 3390 huiusmodi
980 3327 1061 3388 iura-

319 3431 424 3485 menta
445 3423 487 3484 ita
513 3421 682 3502 subscripta
708 3421 935 3500 consignentur
960 3420 1060 3482 eidem

318 3515 476 3578 Francisco
488 3515 648 3596 Episcopo,
664 3523 827 3596 postquam
848 3523 952 3576 tamen
967 3513 1000 3575 in
1015 3528 1061 3574 ac-

319 3608 358 3669 tis
378 3608 475 3672 dictae
500 3610 756 3686 congregationis
784 3607 994 3672 cardinalium
1015 3622 1064 3668 re·

319 3701 445 3778 gistrata
467 3701 595 3765 luerint.
619 3703 713 3764 Porro
734 3702 844 3764 iisdem
862 3700 1062 3762 missionariis

319 3795 479 3858 mittendis
490 3796 695 3875 praecipimus
706 3793 1060 3874 pariteretmandamus‚

320 3897 367 3964 ut,
389 3905 461 3952 cum
483 3889 582 3952 indias
603 3890 776 3967 attigerint,
801 3889 1004 3968 praescriptos
1024 3887 1065 3948 si-

322 3984 350 4046 bi
372 3985 496 4046 ordines
526 3992 781 4062 praesentemque
807 3981 1063 4046 constitutionem

321 4077 464 4140 omnibus
486 4093 559 4140 suae
589 4076 748 4139 Societatis
769 4076 920 4152 religiosis
951 4073 1064 4154 patela-

321 4169 415 4244 oiant,
428 4177 458 4232 et
479 4170 653 4250 perplures
674 4170 750 4246 vias,
765 4169 790 4230 si
806 4169 874 4231 fieri
888 4168 994 4246 possit,
1006 4167 1064 4228 iter

322 4263 359 4325 ad
381 4261 479 4324 indias
506 4263 672 4340 arripiant,
704 4279 838 4342 quorum
865 4264 925 4324 duo
947 4262 1063 4322 dictum

321 4357 520 4419 Eranciscum
535 4357 720 4436 Episcopum
735 4373 833 4436 usque
847 4357 883 4420 ad
895 4355 994 4418 indias
1007 4355 1067 4416 sub

322 4450 390 4512 eius
410 4449 586 4512 obedientis
605 4450 808 4525 comitentur,
837 4449 890 4512 ubi
911 4450 949 4510 de
969 4446 1065 4524 ipsius

323 4543 475 4606 Francisci
490 4543 629 4624 Episcopi
643 4543 764 4606 licentii
778 4544 815 4605 ad
830 4543 893 4605 loca
907 4541 965 4604 sibi
981 4555 1066 4620 prae·

212 4672 218 4678 -
322 4637 434 4714 scripta
455 4637 697 4716 proficiscantur.

123 4751 218 4794 Poenae
237 4757 304 4793 con·

92 4809 125 4904 ἔξει
141 4802 303 4850 inobedien-

364 4733 382 4807 ς
402 4732 431 4794 6.
446 4729 707 4793 contrafacientes
717 4737 823 4794 antem
834 4729 987 4810 praesenti
995 4745 1066 4792 con·

322 4825 479 4888 stitutioni
499 4826 533 4888 in
563 4831 627 4886 toto
648 4824 698 4886 vei
721 4825 754 4886 in
780 4832 881 4903 parte,
904 4831 956 4886 aut
977 4823 1066 4886 aliter

322 4923 611 5000 quomodocumque
622 4919 668 4980 illi
683 4935 746 4982 non
761 4919 951 4994 obedientes,
963 4918 1068 4980 incur-

323 5022 404 5091 rant,
428 5015 460 5077 in
483 5015 628 5077 omnibus
648 5013 767 5076 casibus
789 5013 821 5076 in
842 5014 877 5074 ei
902 5011 1064 5090 expressis,

323 5124 473 5170 eorumve
498 5109 646 5188 quolibet,
670 5108 703 5170 in
729 5123 860 5186 poenam
886 5123 1066 5171 excommu-

323 5203 486 5266 nicationis
507 5203 643 5280 maioris,
666 5203 730 5281 ipso
751 5203 840 5277 iacto,
867 5203 981 5280 absque
1003 5202 1066 5264 ulid

323 5297 416 5360 etiam
437 5297 634 5361 declaratoria
655 5297 822 5372 sententia,
849 5295 919 5359 Sodi
940 5300 1067 5375 Aposto-

322 5389 396 5454 licae
417 5397 602 5465 reservatae,
614 5391 655 5452 ita
676 5397 712 5454 ut
733 5405 826 5455 nemo
841 5391 878 5451 ab
898 5391 949 5452 ilia
970 5390 1067 5452 absol-

321 5499 397 5546 vere
417 5485 512 5565 possit
532 5485 592 5546 nisi
613 5484 646 5545 in
668 5485 776 5546 mortis
798 5484 928 5546 articulo
955 5486 1066 5547 consti·

322 5583 423 5652 tutos,
446 5585 477 5640 et
498 5577 531 5639 in
553 5576 692 5653 generali
720 5577 917 5640 concessione
940 5577 1066 5640 facultas

322 5671 360 5732 ab
374 5671 425 5734 ilia
440 5670 618 5734 absolvendi
630 5685 771 5733 concessa
785 5687 849 5733 non
861 5671 1065 5748 intelligatur,

321 5763 417 5827 etiam
437 5765 546 5844 vigore
567 5763 743 5828 litterarum
763 5764 967 5827 concessionis
988 5765 1067 5828 iubi-

1797 575 1833 640 17
1885 574 1938 628 An.
1952 575 1983 630 c.
2004 571 2073 628 1678

1114 715 1171 778 iaei
1199 715 1395 792 universalis,
1423 723 1453 779 et
1481 715 1607 795 insuper
1633 715 1796 778 incurrant
1821 714 1853 776 in

1113 809 1184 872 alias
1205 827 1330 889 quoque
1343 826 1455 890 poenas
1469 811 1561 872 etiam
1583 808 1752 889 corporales
1767 817 1797 872 et
1812 809 1854 872 ai·

1114 905 1242 967 ilictivas
1262 903 1389 966 arbitrio
1410 901 1581 982 praedictae
1598 903 1854 980 congregationis

1113 997 1323 1061 Cardinaiium
1345 997 1557 1077 imponendas.
1719 1058 1727 1069 ,

1152 1095 1171 1170 ἓ
1192 1093 1220 1156 7.
1245 1093 1376 1155 Domum
1398 1099 1462 1154 tam
1485 1091 1658 1171 supradicto
1685 1092 1854 1171 praeposito
1887 1099 2088 1200 miunffirrnrsu-

1113 1185 1249 1264 generali
1270 1185 1429 1249 societatis
1444 1187 1511 1248 iesu
1526 1203 1618 1266 quam
1633 1187 1766 1250 aliorum
1781 1201 1856 1264 quo-
1874 1153 1967 1252 fiiiii'sn
1980 1163 2088 1264 ὲέῗιὲιῗῖ

1113 1296 1320 1360 rumcumque
1340 1280 1502 1354 Ordinum,
1526 1280 1803 1356 congregationum
1824 1286 1855 1339 et
1874 1259 2088 1360 ”3332312332

1114 1374 1329 1436 institutorum
1341 1373 1750 1452 regulariumsuperioribus
1762 1388 1854 1450 gene·
1874 1325 2088 1468 Egfftvegicg'gffi]

1113 1467 1238 1542 ralibus,
1257 1484 1341 1530 nunc
1356 1475 1386 1529 et
1401 1484 1455 1545 pro
1477 1473 1616 1545 tempore
1637 1466 1853 1541 existentibus,
1874 1475 2003 1521 turronem
2029 1485 2088 1520 exe-

1113 1561 1316 1639 praecipimus
1330 1561 1472 1624 similiter
1487 1567 1517 1622 et
1531 1562 1723 1635 mandamus,
1739 1567 1775 1622 ut
1789 1577 1854 1624 om·
1874 1527 2088 1636 lini’i'iefftffndnaa'

1114 1654 1163 1715 nia
1180 1655 1213 1715 in
1228 1655 1379 1732 praesenti
1394 1655 1615 1717 constitutione
1629 1661 1774 1717 contenta
1785 1669 1855 1716 exe·
1874 1634 2088 1752 fflfflffl]

1113 1748 1230 1810 cutioni
1245 1748 1374 1810 omnino
1389 1749 1566 1810 demandari
1581 1748 1703 1823 iaciant,
1717 1748 1856 1811 iubeant·
1874 1741 2089 1852 {eggrczigfigsnas-

1113 1857 1174 1918 que
1188 1842 1223 1904 ad
1238 1857 1270 1902 se
1286 1843 1454 1904 transmitti
1475 1842 1646 1905 iuramenta
1660 1842 1803 1920 praestita
1824 1847 1856 1902 et
1940 1807 1954 1854 ρ
2000 1887 2004 1898 .
2037 1831 2042 1840 ’

1113 1934 1291 2013 subscripta,
1310 1942 1402 2014 prout
1423 1935 1455 1996 in
1477 1935 1608 1998 iormuit
1629 1934 1708 1998 inira
1730 1942 1858 1998 annota-

1115 2030 1154 2102 ta,
1171 2035 1263 2106 atque
1277 2028 1375 2090 dictae
1390 2029 1629 2104 congregationi
1646 2027 1857 2092 cardinalium

1114 2122 1308 2198 consignent,
1321 2138 1355 2183 ac
1369 2122 1512 2184 omnium
1528 2121 1744 2184 executionem
1755 2129 1786 2184 et
1799 2121 1856 2182 irn-

1114 2211 1308 2292 plemebtum
1330 2214 1496 2290 iniungant
1511 2215 1605 2276 etiarn
1618 2215 1763 2277 omnibus
1784 2214 1857 2276 mis-

1114 2306 1253 2368 sionariis
1275 2307 1434 2370 societatis
1455 2323 1489 2368 ac
1510 2307 1673 2382 Ordioum,
1690 2321 1858 2384 congrega-

1116 2399 1235 2462 tionum
1257 2406 1287 2460 et
1309 2399 1524 2464 institutorum
1538 2416 1666 2464 suorum
1688 2401 1858 2478 respective

1115 2493 1147 2554 in
1169 2492 1312 2555 loturum
1333 2495 1367 2555 ad
1390 2491 1489 2554 indias
1510 2493 1682 2570 mittendis,
1698 2501 1730 2555 et
1750 2493 1788 2556 ab
1808 2493 1860 2554 iis-

1114 2585 1186 2648 dem
1207 2587 1420 2648 iuramentum
1446 2587 1670 2661 observantiae,
1693 2587 1858 2664 praelatae-

1115 2695 1175 2758 que
1196 2679 1347 2742 formulae
1373 2680 1634 2758 subscriptionem
1661 2681 1797 2756 exigant.
1826 2679 1858 2744 Si

1114 2779 1217 2836 autem
1239 2773 1295 2850 ipsi
1316 2773 1479 2852 praemissa
1502 2773 1613 2851 exequi
1634 2772 1810 2848 omiserint,
1826 2789 1860 2834 ac

1115 2866 1151 2927 de
1172 2865 1374 2940 executione,
1404 2866 1661 2944 quotiescumque
1688 2865 1803 2927 occasio
1827 2881 1860 2926 se

1116 2957 1278 3034 obtulerit,
1306 2957 1487 3020 mutationis
1515 2957 1781 3020 missionariorum
1805 2959 1860 3036 qui

1117 3051 1385 3125 transmittentur,
1413 3067 1446 3112 ac
1472 3050 1690 3112 notificationis
1719 3057 1750 3112 et
1781 3050 1861 3113 iura-

1117 3144 1215 3204 menti
1227 3143 1372 3223 praedicti
1387 3143 1506 3222 publica
1522 3143 1707 3206 documenta
1721 3159 1785 3204 non
1801 3147 1862 3204 lra-

1116 3236 1269 3312 diderint,
1309 3236 1532 3313 indignationis
1569 3243 1692 3298 nostrae
1727 3235 1861 3314 aliasque

1117 3345 1227 3410 poenas
1258 3338 1365 3392 nostro
1394 3337 1425 3392 et
1455 3329 1586 3392 Romani
1617 3329 1775 3392 Pontificis
1805 3345 1861 3408 pro

1117 3431 1255 3504 tempore
1277 3424 1439 3486 existentis
1459 3423 1586 3485 arbitrio
1607 3423 1809 3502 imponendas
1829 3439 1862 3484 se

1116 3518 1263 3580 noverint
1284 3517 1474 3580 incursuros.
1505 3517 1568 3580 linc
1588 3523 1693 3579 autem
1719 3531 1862 3595 praecep-

1119 3617 1184 3673 tum
1206 3617 1365 3686 nostrum,
1392 3611 1485 3674 etiam
1506 3609 1620 3689 absque
1650 3609 1713 3672 ulii
1734 3616 1863 3670 annota-

1119 3704 1214 3780 tione,
1236 3703 1270 3766 in
1296 3702 1395 3766 solitis
1423 3703 1509 3766 libris
1537 3709 1567 3766 et
1588 3703 1662 3765 actis
1688 3701 1860 3776 Societatis,

1117 3797 1311 3876 aliorumque
1332 3797 1501 3872 Ordinum,
1530 3797 1809 3874 congregationum
1832 3803 1862 3856 et

1118 3890 1333 3952 institutorum
1347 3889 1526 3954 huiusmodi
1543 3890 1714 3969 respective
1729 3888 1774 3968 (i)
1796 3903 1862 3950 om-

1118 3998 1172 4044 nes
1199 3991 1230 4046 et
1256 3982 1396 4060 singulos
1428 3983 1461 4044 in
1489 3981 1716 4062 generalatibus
1743 3996 1862 4044 succes·

1117 4092 1200 4138 sores
1231 4076 1358 4156 perinde
1389 4075 1510 4138 allicere
1542 4075 1700 4150 volumus,
1727 4073 1805 4136 acsi
1826 4073 1862 4134 il·

1118 4166 1220 4230 lorum
1253 4170 1421 4248 unicuique
1451 4169 1654 4248 personaliter
1683 4167 1862 4230 intimatum

1119 4263 1235 4337 luisset,
1259 4263 1402 4340 ipsosque
1423 4264 1609 4341 praepositos
1635 4269 1666 4324 et
1687 4261 1863 4340 superiores

1120 4357 1278 4434 generales
1305 4373 1505 4432 successores,
1528 4357 1554 4417 si
1575 4356 1729 4434 praesenti
1751 4355 1862 4418 consti·

1121 4451 1234 4512 tutioni
1255 4449 1517 4524 contravenerint,
1535 4449 1650 4512 eisdem
1665 4449 1771 4529 poeuis
1791 4448 1862 4512 sub-

1120 4542 1227 4606 iacere.

1159 4636 1178 4709 5
1199 4635 1228 4697 8.
1252 4637 1460 4698 Decernentos
1481 4635 1602 4698 easdem
1623 4641 1798 4714 praesentes
1813 4635 1862 4698 lit·

1121 4737 1210 4806 teras,
1234 4737 1265 4792 et
1286 4731 1319 4792 in
1341 4730 1384 4792 eis
1405 4737 1549 4793 contenta
1570 4744 1795 4807 quaecumque,
1819 4736 1862 4792 et-

1121 4824 1181 4886 iam
1202 4839 1241 4884 ex
1262 4839 1298 4886 eo
1320 4825 1400 4902 quod
1430 4821 1576 4903 praedicti
1602 4828 1634 4884 et
1655 4821 1706 4884 aiii
1731 4822 1862 4900 quilibet

1122 4917 1153 4980 in
1174 4917 1347 4996 praemissis
1360 4917 1509 4978 interesse
1521 4915 1680 4991 babentes,
1696 4929 1751 4977 seu
1772 4915 1863 4976 babe-

1120 5027 1153 5072 re
1177 5009 1407 5090 quomodolibet
1422 5009 1668 5088 praetendentes,
1688 5008 1862 5070 cuiuscum-

1121 5121 1181 5184 que
1195 5111 1304 5179 status,
1321 5105 1442 5180 gradus,
1456 5103 1585 5179 ordinis,
1602 5101 1865 5182 praeeminentiae

1121 5207 1151 5262 et
1172 5199 1331 5276 dignitatis
1351 5197 1499 5272 existant,
1513 5213 1568 5260 seu
1586 5197 1659 5258 alias
1679 5195 1817 5273 specifica
1832 5203 1863 5256 et

1122 5291 1280 5356 individui
1306 5289 1467 5352 mentione
1488 5296 1519 5351 et
1538 5290 1738 5369 expressione
1762 5287 1861 5365 digni,

1122 5387 1238 5450 eisdem
1259 5383 1432 5464 praemissis
1460 5398 1523 5446 non
1552 5383 1776 5458 consenserint,
1806 5398 1863 5444 nec

1121 5481 1157 5543 ad
1170 5495 1206 5540 ea
1221 5480 1332 5554 vocati,
1354 5477 1438 5540 citati
1452 5486 1484 5540 et
1498 5477 1606 5552 auditi,
1628 5492 1730 5555 neque
1744 5491 1862 5549 causae,

1122 5579 1247 5653 propter
1268 5589 1342 5652 quas
1357 5579 1532 5651 praesentes
1553 5571 1739 5646 emanarint,
1755 5567 1863 5632 adduc-

1123 5675 1180 5744 tae,
1203 5667 1391 5745 specificatae
1412 5673 1443 5728 et
1464 5664 1646 5728 iustificatae
1666 5663 1795 5738 luerint,
1811 5668 1864 5722 aut

1121 5777 1160 5826 ex
1181 5761 1238 5828 aiii
1258 5762 1393 5842 qualibet
1414 5759 1615 5840 quantumvis
1637 5757 1727 5834 iustt,
1742 5757 1802 5837 pia,
1819 5756 1865 5818 iu·

1908 4643 2049 4692 clausulae.

364 5979 393 6038 ll)
408 5977 518 6026 videtur
532 5978 621 6026 deesse
635 5984 818 6034 tegmentum.
834 5981 882 6026 aut
896 5979 996 6036 aliquid
1011 5979 1169 6026 huiusmodi.

430 6103 482 6153 latr.
497 6102 569 6150 Porti.
583 6101 614 6149 de
630 6101 703 6163 Prop.
717 6100 780 6149 Fide
794 6101 876 6150 Partis
890 6103 909 6150 l.
923 6100 978 6149 voi.
992 6103 1024 6148 li.
