4844 6990
338 503 393 557 An.
407 505 438 558 O.
460 502 528 562 trel
575 503 633 568 454

556 646 627 723 suit,
650 648 797 728 praedicti
824 648 936 726 viginti
958 649 1048 724 anni,
1072 651 1107 712 ad
1139 665 1214 727 quos
1237 662 1301 708 nie-

556 749 672 804 morata
694 742 819 805 facultas
840 761 855 804 a
878 742 1040 806 Clemente
1068 745 1299 822 praedecessore

555 844 716 914 prorogata
727 853 781 898 seu
797 837 834 898 de
850 853 931 898 novo
945 853 1086 900 concessa
1101 837 1210 910 fuerat,
1225 837 1301 898 iam-

555 927 673 989 dudum
695 929 894 1007 expiraverit,
910 929 1037 1008 ipseque
1058 937 1300 1008 procuratorge·

555 1021 668 1082 neralis
690 1022 831 1096 dubitet,
853 1039 894 1083 ne
916 1024 947 1084 in
970 1023 1076 1103 procul
1104 1022 1216 1083 dissitis
1239 1021 1299 1082 illis

555 1115 733 1189 regionibus
749 1116 842 1194 aliqui
858 1133 912 1178 seu
929 1117 1039 1194 aliquis
1054 1133 1070 1177 e
1085 1113 1297 1186 missionariis,

554 1207 715 1270 credentes
730 1209 907 1271 facultatem
922 1209 1074 1271 eiusmodi
1090 1227 1105 1269 a
1121 1207 1199 1272 Sede
1220 1213 1299 1285 hpo·

552 1301 659 1363 stolich
682 1301 773 1364 luisse
806 1311 1003 1378 renovatam,
1032 1319 1104 1366 cum
1136 1301 1299 1380 neophytis

553 1394 695 1472 praefatis
718 1395 749 1457 iii
773 1395 859 1458 dictis
886 1397 1030 1473 gradibus
1059 1397 1137 1460 bonai
1160 1397 1218 1458 fide
1240 1396 1298 1457 dis-

552 1489 769 1565 pensaverint,
791 1497 840 1563 et,
868 1492 903 1550 ea
923 1489 960 1551 de
982 1491 1086 1564 causa,
1109 1489 1208 1568 aliqud
1235 1489 1298 1550 sint

552 1582 680 1644 censurat
701 1581 855 1658 innodati3
879 1585 1042 1662 cupiatque
1056 1593 1216 1662 propterea
1237 1583 1299 1644 die-

555 1685 603 1737 tus
625 1684 806 1752 procurator
835 1678 988 1752 generalis
1015 1679 1129 1740 nedoni
1156 1677 1298 1738 eamdem

552 1769 728 1834 facultatem
751 1769 881 1834 adalind
898 1771 985 1834 nobis
1008 1773 1085 1834 bene
1101 1773 1203 1832 visum
1221 1779 1298 1833 tem-

552 1881 609 1942 pus
630 1866 799 1942 prorogari,
812 1865 863 1928 sed
886 1867 978 1926 etiam
1001 1865 1240 1944 provincialibus
1263 1865 1297 1926 il-

552 1957 652 2020 larum
675 1959 807 2036 partiunt
830 1966 859 2019 et
881 1958 1072 2020 confessariis
1094 1959 1131 2020 ab
1154 1959 1224 2036 ipsis
1246 1958 1298 2020 de-

552 2049 660 2126 legatis
682 2051 849 2128 indulgeri,
865 2057 1017 2130 quatenus
1037 2067 1146 2113 oniiies
1161 2059 1191 2113 et
1206 2068 1296 2130 quos-

550 2160 697 2222 cumque,
713 2145 767 2222 qui
782 2144 860 2206 dictat
882 2145 1038 2218 facultate,
1061 2153 1223 2224 postquam
1244 2163 1297 2207 ex·

549 2239 714 2316 piraverat,
737 2239 784 2300 risi
806 2238 935 2312 fuerint,
953 2240 984 2300 iii
1006 2238 1073 2300 foro
1091 2239 1295 2302 conscientiae

549 2330 719 2405 absolvere,
737 2349 769 2392 ac
784 2330 1026 2408 dispensationes
1048 2332 1128 2394 hond
1150 2333 1208 2394 fide
1224 2349 1294 2394 coii-

549 2440 646 2486 eessas
668 2431 747 2485 ratas
768 2423 882 2486 habero
904 2425 1036 2502 possint:

349 2525 529 2581 acccipiraro
588 2517 1295 2597 52.llincestquodnos,populorumillorum

318 2576 427 2622 termino
453 2579 529 2624 illum
689 2612 717 2622 ..
769 2611 774 2622 .
921 2613 926 2622 .
1095 2613 1100 2626 .
1286 2615 1291 2624 .

317 2635 437 2686 prorogat
472 2633 529 2677 cia·
549 2628 587 2678 ex
608 2612 792 2687 gentilitatis
808 2611 943 2672 tenebris
954 2621 987 2673 et
1002 2614 1159 2675 erroribus
1175 2616 1209 2676 ad
1226 2631 1292 2675 veri

316 2686 529 2796 ξῗῗὲξνῇἑξξῃέξ
549 2705 676 2766 luminis
697 2705 891 2781 agnitionem
906 2715 937 2767 et
951 2707 1135 2769 christianae
1157 2707 1226 2768 fidei
1243 2722 1293 2766 ve-

317 2801 370 2836 103-
548 2799 674 2860 ritatem
691 2814 913 2860 conversorum
929 2807 960 2861 et
975 2799 1011 2861 ah
1027 2801 1081 2862 hac
1097 2799 1204 2862 Sanctia
1217 2799 1294 2863 Sede

548 2889 828 2950 remotissimorum
850 2891 1025 2952 animarum
1047 2891 1137 2952 saluti
1160 2901 1190 2952 ct
1206 2891 1294 2969 spiri-

547 2983 681 3044 tualibus
703 2983 937 3046 necossitatibus
952 3000 1008 3062 pro
1030 2985 1187 3062 pastoralis
1203 2985 1293 3046 officii

547 3078 645 3140 nostri
666 3079 738 3140 curli
759 3086 957 3156 prospectum
980 3093 1045 3138 esse
1067 3079 1239 3156 cupientes,
1257 3080 1294 3140 de

547 3171 772 3232 venerabilium
799 3169 928 3232 fratrum
958 3178 1135 3232 nostrorum
1153 3169 1183 3234 S.
1200 3171 1235 3232 h.
1253 3171 1288 3233 tt.

547 3263 755 3328 Cardinalium
789 3263 820 3324 iii
848 3265 911 3324 total
942 3264 1095 3341 republica
1127 3264 1292 3326 christiana

547 3357 739 3434 generalium
762 3357 982 3434 inquisitorum
999 3358 1145 3418 adversus
1162 3358 1292 3420 haereti·

545 3466 613 3512 cani
634 3449 817 3529 pravitatem
846 3449 1028 3510 auctoritate
1056 3450 1216 3527 apostolici
1242 3450 1292 3512 de-

546 3551 726 3621 putatorum
748 3541 885 3616 consilio,
910 3549 971 3602 tani
999 3543 1239 3620 provincialibus
1261 3552 1292 3606 et

547 3637 647 3698 abeis
669 3633 853 3714 deputandis
873 3635 1076 3714 preshyteris,
1099 3653 1189 3714 quam
1213 3637 1293 3700 loco-

546 3746 617 3792 rum
639 3730 807 3794 Oidinariis
832 3728 992 3806 praefatis,
1016 3745 1086 3790 cuin
1110 3731 1197 3792 dictis
1218 3749 1291 3794 neo-

546 3823 648 3904 phytis
670 3824 701 3884 in
723 3838 920 3900 quocumque
945 3839 1000 3884 seu
1028 3823 1188 3901 quibusvis
1213 3826 1291 3904 (non

547 3927 651 3981 tamen
672 3918 704 3980 in
727 3917 840 3995 primo)
861 3917 1137 3992 consanguinitatis
1156 3919 1206 3980 vel
1228 3923 1289 3982 alli·

546 4011 650 4074 nitatis
672 4010 814 4082 gradibus
837 4008 886 4070 vel
907 4009 979 4070 alias
1000 4009 1174 4072 coniunctis
1188 4029 1242 4074 seu
1259 4031 1293 4076 so

545 4105 760 4179 attinentibus
774 4113 809 4165 ut
824 4103 1061 4164 matrimonium
1078 4107 1160 4166 inter
1171 4122 1204 4167 se
1220 4123 1291 4170 con-

545 4199 678 4273 trahere,
701 4214 756 4258 seu
773 4197 804 4257 in
820 4213 856 4257 eo
871 4197 964 4258 etiam
979 4198 1113 4258 scienter
1135 4207 1290 4262 contracto

544 4307 707 4354 remanere
728 4291 861 4364 valeant,
874 4291 962 4352 dictis
984 4291 1111 4368 quideni
1133 4293 1290 4371 presbyte-

545 4387 586 4448 ris
608 4386 640 4446 in
651 4385 724 4446 locis
740 4392 770 4445 et
785 4384 975 4460 regionibus,
992 4384 1043 4446 ubi
1059 4385 1210 4448 Ordinarii
1226 4403 1289 4448 non

544 4480 672 4554 adsunt,
703 4478 753 4539 vel
775 4477 858 4538 ultra
887 4479 960 4538 duas
989 4479 1084 4539 dietas
1113 4479 1197 4540 iuxta
1219 4497 1291 4542 coii-

544 4574 741 4636 stitutionem
762 4571 872 4632 similis
887 4572 1054 4632 memoriae
1073 4571 1155 4634 Pauli
1172 4573 1226 4634 PP.
1238 4575 1287 4635 lll.

545 4667 637 4728 etiam
670 4667 908 4744 praedecessoris
947 4666 1044 4727 nostri
1080 4667 1194 4728 editam
1227 4668 1289 4728 exi-

543 4768 651 4836 stunt;
675 4761 747 4837 ipsis
770 4774 844 4820 vero
870 4759 1038 4822 Ordinariis
1060 4775 1076 4820 e
1098 4769 1214 4836 contra,
1238 4762 1289 4824 ubi

544 4853 713 4932 presbyteri
731 4851 859 4930 praefati
880 4855 1002 4926 adsunt,
1019 4852 1068 4914 vel
1084 4869 1192 4914 eorum
1207 4871 1288 4916 coin·

544 4949 634 5009 mode
655 4945 760 5007 haberi
783 4953 882 5024 potest
902 4946 998 5023 copia,
1022 4948 1060 5008 de
1080 4963 1190 5010 eorum
1213 4957 1289 5010 tam·

543 5057 636 5119 quam
668 5041 846 5102 adiuturum
879 5047 909 5100 et
940 5055 1128 5102 assessorum
1158 5059 1288 5103 suorum

542 5133 682 5207 consilio,
706 5140 736 5195 et
757 5149 828 5194 cum
851 5133 926 5208 illis3
950 5133 1001 5194 ulii
1024 5141 1127 5195 autem
1150 5150 1213 5196 non
1239 5136 1288 5198 ad-

542 5235 633 5301 sunt,
664 5243 720 5290 nec
742 5243 851 5288 eorum
882 5227 1043 5288 commode
1073 5227 1158 5306 copia
1182 5227 1287 5290 haberi

543 5329 662 5399 potest,
695 5322 789 5382 etium
811 5321 877 5382 sine
905 5320 981 5395 illis,
1006 5320 1037 5381 iii
1065 5329 1200 5398 utroque
1221 5321 1288 5383 loro

543 5416 637 5490 gratis
658 5413 865 5492 dispensandi,
883 5418 913 5474 et
935 5429 997 5486 eos,
1013 5413 1066 5492 qui
1089 5415 1121 5476 in
1144 5414 1288 5490 gradibus

542 5508 704 5585 prohibitis
718 5507 896 5570 huiusmodi
911 5507 1004 5568 etiam
1019 5508 1153 5568 scienter
1167 5517 1288 5568 contra-

542 5602 658 5676 xerint,
681 5601 717 5662 ab
743 5601 918 5663 excessibus
940 5607 970 5662 et
995 5602 1287 5664 excommunicatio-

543 5694 591 5755 nis
613 5695 741 5772 aliisque
762 5695 913 5769 censuris,
936 5694 1044 5772 poenis
1067 5694 1286 5768 ecclesiasticis,

543 5788 576 5848 in
600 5794 734 5865 utroque
756 5787 821 5849 foro
844 5789 937 5864 gratis
960 5789 1075 5866 pariter
1095 5787 1285 5864 absolvendi,

542 5897 575 5948 ao
600 5881 719 5965 prolem
744 5881 816 5944 inde
842 5889 1015 5962 susceptam
1041 5881 1213 5960 legitimam
1235 5883 1287 5944 de·

1076 527 1140 574 11111.
1165 527 1255 573 PONT.
1280 525 1320 572 DE
1341 524 1370 572 P·
1394 525 1422 574 F·
1448 527 1530 573 PARS
1552 526 1573 572 1.

2133 509 2191 564 An.
2207 510 2240 562 G.
2263 509 2322 562 1534

1356 647 1523 724 cernendi3
1556 663 1678 708 necnon
1709 647 1826 708 eisdem
1856 645 2044 724 presbyteris
2071 655 2102 710 et

1356 739 1535 815 Ordinariis,
1557 739 1687 803 servatis
1702 740 1841 801 locorum
1863 740 2102 804 circumstantiis

1356 841 1387 894 et
1409 832 1645 895 limitationibiis
1664 833 1868 906 huiusmodi,
1891 849 1963 896 cum
1985 833 2102 920 eisdem
2146 905 2147 908 Ἴ

1356 932 1520 1010 neophytis
1542 927 1574 990 in
1596 930 1697 1008 primo
1718 929 1813 1006 gradu
1836 929 1928 991 etiam
1949 936 2051 990 rectae
2066 929 2101 990 li-

1356 1039 1430 1086 neae
1452 1023 1608 1086 affinitatis
1630 1039 1666 1084 eii
1689 1025 1795 1100 copula
1821 1021 1927 1084 illicitat
1949 1021 2102 1084 resultan-

1356 1119 1394 1178 tis
1415 1133 1447 1178 se
1469 1116 1685 1190 attinentibus,
1709 1129 1743 1178 ut
1768 1115 2005 1178 matrimonium
2026 1132 2102 1193 quo·

1355 1227 1415 1290 qne
1431 1212 1512 1274 inter
1523 1229 1555 1272 se
1569 1211 1764 1283 contrahere,
1780 1225 1835 1271 seu
1851 1209 1881 1272 iii
1895 1210 1988 1272 etiam
2002 1210 2102 1272 scien-

1355 1313 1403 1367 ter
1423 1312 1581 1368 contracto
1607 1319 1769 1366 remanere
1795 1303 1941 1364 similiter
1965 1303 2100 1377 valeant,

1354 1400 1386 1460 iii
1408 1398 1536 1460 occultis
1564 1405 1668 1460 tamen
1691 1398 1775 1459 etin
1802 1397 1867 1458 foro
1894 1397 2102 1459 conscientiae

1355 1499 1488 1566 tantum,
1512 1509 1546 1553 ac
1567 1492 1752 1568 urgentibus
1774 1489 1860 1552 iustis
1881 1491 1990 1564 causis,
2007 1492 2101 1566 gratis

1355 1587 1445 1647 etiarn
1479 1586 1687 1666 dispensandi,
1711 1593 1741 1648 et
1769 1602 1836 1659 eos,
1860 1585 1911 1664 qui
1936 1585 1967 1645 iii
1999 1585 2100 1664 primo

1353 1679 1510 1740 affinitatis
1532 1679 1628 1754 gradu
1650 1678 1828 1742 huiusmodi
1854 1679 1943 1740 etiam
1967 1678 2101 1740 scienter

1353 1776 1585 1847 contraxerint,
1608 1773 1645 1834 ab
1674 1772 1848 1835 excessibus
1870 1778 1900 1832 et
1922 1787 2100 1834 excommu-

1354 1866 1533 1940 nicationis,
1556 1865 1684 1944 aliisque
1705 1867 1846 1928 censuris
1868 1875 1898 1928 et
1923 1867 2029 1945 poenis
2051 1883 2099 1928 ec·

1352 1959 1526 2021 elesiasticis
1542 1961 1574 2022 iii
1592 1958 1656 2020 foro
1672 1957 1878 2022 conscientiae
1894 1967 2015 2022 tantum
2032 1977 2099 2035 gra-

1353 2053 1390 2114 tis
1412 2053 1558 2115 similiter
1579 2053 1774 2130 absolvendi3
1802 2053 1952 2132 dictisque
1973 2053 2100 2117 Ordina-

1352 2146 1405 2206 riis
1427 2146 1500 2207 alios
1515 2146 1709 2224 presbyteros
1731 2145 1856 2208 idoneos
1871 2165 1886 2208 a
1901 2163 1934 2208 se
1949 2147 2034 2226 prius
2049 2163 2099 2225 ap·

1351 2241 1503 2320 probatos,
1521 2240 1553 2300 in
1569 2239 1640 2302 locis
1653 2240 1703 2302 ubi
1717 2257 1780 2302 non
1796 2239 1896 2304 adsint
1912 2243 2099 2306 missionarii

1351 2334 1485 2395 similem
1515 2334 1691 2395 facultatem
1718 2334 1866 2396 habentes
1894 2337 1992 2413 quoad
2013 2352 2098 2414 prae·

1351 2427 1441 2488 missa
1464 2428 1496 2486 in
1512 2427 1559 2489 sui
1577 2427 1677 2489 locum
1694 2427 1929 2504 subdelegahdi,
1942 2427 2099 2491 licentiam

1351 2527 1381 2580 et
1397 2519 1587 2594 facultatem,
1603 2521 1785 2583 auctoritate
1797 2521 1972 2599 apostolica,
1990 2529 2098 2584 tenore

1350 2612 1578 2690 praesentium,
1602 2612 1801 2675 concedimus
1823 2621 1853 2675 et
1875 2614 2094 2692 impertimur:

1350 2705 1561 2782 praesentibus
1577 2704 1612 2765 ad
1629 2706 1740 2782 viginti
1763 2721 1891 2768 annosa
1907 2706 1956 2768 die
1972 2707 2097 2770 illarum

1350 2798 1436 2860 datae
1468 2798 1689 2876 computandos
1718 2806 1840 2862 tantum
1871 2801 2041 2876 duraturis,
2064 2820 2098 2864 ac

1351 2908 1413 2953 iino
1435 2893 1605 2970 eodemque
1629 2900 1845 2969 temporetam
1862 2893 1960 2971 quoad
1982 2895 2097 2972 princi·

1350 2985 1431 3062 pales
1453 2992 1484 3046 et
1506 2983 1701 3062 presbyteros
1723 2984 1884 3048 Societatis
1905 2987 1984 3062 lesu,
2002 3004 2096 3066 qnam

1349 3079 1447 3154 quoad
1489 3077 1667 3140 Ordinarios
1702 3079 1851 3156 praefatos
1887 3081 2095 3158 expiraturis:

1348 3170 1430 3232 salva
1447 3179 1549 3232 tamen
1572 3186 1695 3250 semper
1716 3172 1748 3232 in
1769 3172 1945 3249 praemissis
1966 3176 2097 3236 aucteri-

1349 3271 1411 3324 tate
1443 3264 1701 3340 Congregationis
1732 3265 1915 3327 eorumdem
1951 3265 2097 3329 Cardine·

1348 3357 1438 3418 lium.

1388 3452 1406 3525 ἓ
1427 3451 1455 3512 3.
1480 3451 1651 3526 Praeterea,
1674 3468 1795 3526 eorum,
1818 3453 1872 3532 qui
1897 3455 2095 3518 matrimonia
2165 3476 2313 3522 matrimonia

1347 3543 1526 3606 huiusmodi
1561 3553 1629 3622 post
1661 3545 1831 3622 expiratam
1858 3546 2056 3624 facultatem,
2079 3569 2095 3612 a
2115 3529 2311 3641 gssnfijsffissffl
2395 3589 2396 3594 κ

1349 3637 1512 3699 Clemente
1533 3639 1764 3716 praedecessore
1785 3645 1892 3700 nostro
1906 3641 1986 3704 sicut
2008 3658 2097 3720 prae-
2114 3638 2198 3736 {2¹³¹ss
2220 3644 2309 3683 conitu-
2395 3635 2396 3686 ἶ

1348 3730 1487 3792 mittitur
1509 3739 1703 3809 prorogatam
1732 3747 1786 3792 sen
1809 3733 1846 3794 de
1869 3749 1951 3794 novo
1971 3751 2093 3796 eonces-
2114 3695 2312 3790 iuiffiidiffi'-
2395 3719 2396 3804 ff

1347 3839 1424 3897 Sim,
1448 3825 1480 3884 in
1503 3824 1648 3899 gradibus
1659 3823 1835 3886 huiusmodi
1856 3824 1958 3887 forsan
1973 3835 2094 3890 contra·
2114 3799 2313 3844 ¹¹¹⁵¹¹¹¹¹¹¹V⁸¹¹⁶¹l

1349 3918 1461 3990 ierint,
1485 3917 1811 3995 dispensationemque
1826 3919 1998 3997 respective
2012 3923 2048 3983 ad
2064 3922 2095 3986 id

1347 4010 1566 4083 concesserint,
1579 4009 1672 4072 statui
1685 4019 1715 4070 et
1726 4011 1986 4074 conscientiarum
1997 4014 2095 4092 quieti

1347 4103 1509 4182 providere
1531 4103 1683 4177 volentes,
1709 4104 1813 4164 omnia
1834 4114 1865 4167 et
1886 4106 2008 4183 singula
2031 4123 2095 4168 ina-

1347 4196 1503 4269 trimonia,
1523 4211 1612 4274 quae,
1629 4198 1738 4273 vigore
1753 4197 1987 4276 dispensationis
2001 4215 2094 4278 super

1346 4289 1508 4366 praedictis
1536 4291 1679 4366 gradibus
1703 4306 1757 4351 seu
1786 4291 2017 4369 impedimentis
2039 4309 2094 4372 per

1348 4383 1555 4444 missionarios
1576 4399 1630 4444 seii
1651 4384 1745 4444 etiam
1771 4383 1948 4446 Ordinarios
1970 4385 2092 4448 illarum

1346 4475 1480 4554 partium
1502 4483 1569 4554 post
1591 4477 1760 4554 expiratam
1776 4475 1951 4539 facultatem
1967 4479 2009 4540 sic
2024 4495 2093 4558 pro·

1346 4575 1483 4646 rogatam
1505 4569 1736 4646 quomodolibet
1757 4559 1929 4646 concessae,
1952 4569 2025 4632 alias
2047 4579 2090 4634 ta-

1345 4679 1418 4724 men
1451 4663 1510 4724 rite
1536 4669 1567 4723 et
1593 4661 1746 4738 legitime,
1779 4670 1933 4726 contracta
1961 4664 2091 4743 fuerint,

1345 4756 1525 4818 auctoritate
1546 4761 1577 4814 et
1599 4755 1860 4833 tenorepraefatis
1876 4757 2091 4834 revalidamus,

1344 4867 1377 4911 ac
1393 4848 1492 4910 valida
1506 4855 1536 4908 et
1552 4847 1689 4924 legitima
1706 4850 1914 4925 decernimus,
1938 4851 1969 4911 iii
1992 4852 2093 4912 onini-

1345 4943 1401 5005 bus
1423 4951 1453 5006 et
1474 4957 1529 5022 per
1550 4942 1666 5018 omnia,
1690 4942 1818 5020 perinde
1842 4944 1921 5005 acsi
1943 4945 1980 5005 ab
2001 4945 2091 5006 initio

1345 5043 1375 5098 et
1398 5036 1429 5098 in
1451 5051 1561 5097 eorum
1583 5035 1694 5110 radice,
1715 5036 1837 5113 praevia
1851 5036 2016 5100 sufficienti
2031 5036 2091 5098 dis-

1344 5130 1541 5208 pensatione,
1565 5137 1718 5191 contracta
1747 5128 1895 5204 fuissent,
1918 5130 2033 5208 absque
2054 5147 2090 5206 eo

1344 5226 1425 5302 qnod
1447 5223 1510 5297 illi,
1534 5223 1586 5302 qui
1612 5221 1655 5284 sic
1675 5223 1899 5296 contraxerint,
1931 5223 2090 5284 matrimo-

1344 5319 1433 5379 nium
1454 5319 1492 5379 de
1514 5333 1595 5377 novo
1617 5317 1801 5378 contrahere
1815 5332 1870 5378 seu
1885 5331 2004 5378 novum
2019 5333 2090 5380 cou-

1343 5427 1469 5473 sensum
1497 5417 1651 5488 praestare
1679 5409 1858 5471 ullomodo
1885 5409 2017 5472 debeant
2037 5420 2091 5474 aut

1344 5511 1526 5581 teneantui·;
1553 5503 1642 5566 dictis
1668 5519 1742 5563 vero
1770 5503 2010 5580 provincialibus
2035 5503 2091 5566 So·

1343 5599 1459 5660 cietatis
1482 5599 1560 5671 lesu,
1577 5605 1607 5658 et
1622 5595 1810 5673 presbyteris
1824 5594 1861 5656 ab
1876 5596 1918 5658 eis
1940 5597 2091 5674 deputan-

1343 5693 1399 5766 dis,
1423 5707 1545 5753 necnon
1567 5689 1734 5752 Ordinariis
1756 5688 1909 5763 locorum,
1931 5689 2012 5764 illos,
2035 5691 2090 5768 qui

1343 5785 1480 5864 expirata
1508 5783 1651 5846 facultate
1679 5781 1856 5843 huiusmodi
1887 5784 2016 5844 interim
2040 5785 2089 5845 usi

1343 5879 1460 5942 fuerint
1475 5887 1510 5941 ut
1525 5877 1709 5958 praefertur,
1726 5892 1741 5936 3
1756 5875 2004 5958 quibuscumque
2018 5893 2090 5942 cen-
