4848 6990
319 546 374 605 An.
389 547 418 605 d.
440 547 509 606 loos
561 548 618 617 360

1064 567 1128 616 333.
1152 565 1245 616 33333.
1267 561 1308 615 33
1329 565 1359 614 3.
1382 557 1412 616 3.
1435 558 1561 618 33331.

537 692 695 754 33333333
716 683 926 752 Nanlrinensis
950 684 1172 767 Episcoporum
1193 689 1284 752 iuris·
1337 689 1526 769 obreptionis
1547 697 1601 752 aut
1621 685 1773 754 nullitatis
1798 689 1885 768 vitio,
1909 698 1961 755 333
1981 691 2084 756 33333-

536 789 682 862 33333333,
701 784 927 864 3333313333333,
943 789 1104 862 potestate,
1120 785 1283 847 correctio·
1338 785 1430 846 tionis
1462 791 1602 862 nostrae,
1635 786 1686 847 vel
1717 785 1868 848 interesse
1901 787 2085 850 habentium

537 897 588 956 ne,
610 881 802 955 visitatione,
831 878 999 956 regimine,
1026 881 1149 943 333333
1171 880 1283 957 guber·
1336 879 1516 954 consensds,
1531 880 1632 942 aliove
1651 879 1790 959 quolibet
1808 880 1904 942 etiam
1918 889 2085 959 quantum·

538 976 601 1050 nio,
624 974 732 1036 itidem
752 979 903 1051 perpetuo
918 973 1085 1036 eximimus
1100 979 1130 1034 et
1145 973 1282 1052 plenarie
1336 973 1384 1034 333
1405 989 1518 1051 magno
1540 982 1571 1036 et
1590 974 1784 1037 substantiali
1805 991 1838 1037 ae
1863 975 2032 1051 incogitato
2053 981 2084 1037 et

535 1069 713 1130 liberamus.
747 1067 895 1130 Ceterum
927 1067 1004 1144 ipsas
1036 1067 1209 1145 prouincias
1240 1067 1282 1128 sic
1337 1067 1566 1144 inexcogitabili
1585 1067 2083 1146 individuamqueexpressionem

534 1169 685 1240 separatas
707 1167 738 1222 et
765 1160 919 1234 liberatas,
949 1161 1047 1222 donec
1071 1159 1282 1238 spiritualibus
1337 1161 1517 1239 requirente
1537 1159 1659 1224 delectu
1680 1161 1792 1236 notari,
1823 1161 2012 1239 impugnari,
2036 1161 2083 1222 in-

534 1254 659 1316 11133333
680 1253 883 1330 indulgentiis
905 1268 960 1330 per
981 1253 1171 1315 erectionem
1185 1268 1283 1314 noro-
1336 1251 1443 1330 iringi,
1467 1254 1637 1330 retraetari,
1652 1254 1684 1316 in
1706 1255 1952 1316 controversiam
1966 1253 2082 1329 vocari,

534 1363 606 1408 3333
627 1348 858 1426 episcopatuum
873 1345 910 1408 ab
924 1348 978 1408 1333
995 1345 1105 1410 Sancta
1120 1345 1197 1410 Sede
1212 1363 1281 1424 pro·
1336 1353 1389 1407 aut
1410 1347 1446 1409 ad
1468 1347 1620 1409 terminos
1641 1347 1717 1409 luris
1731 1348 1849 1422 reduci,
1865 1363 1920 1408 seu
1935 1347 2082 1410 33333333

534 1441 686 1516 33333333,
710 1457 800 1504 33333
821 1448 852 1502 33
872 1439 1131 1502 administrationi
1152 1440 1282 1503 vicario-
1336 1439 1402 1500 illas
1424 1440 1604 1519 aperitionis
1624 1441 1698 1516 oris,
1724 1440 1930 1503 restitutionis
1951 1441 1983 1502 ln
2004 1441 2083 1503 inte-

533 1553 606 1598 mm
622 1535 859 1614 apostolicorum
874 1549 889 1594 3
905 1532 992 1594 nobis
1009 1542 1042 1594 et
1057 1534 1135 1596 Sede
1149 1533 1281 1610 33331333
1336 1545 1440 1608 grum,
1463 1532 1586 1596 aliudve
1606 1535 1825 1612 quodcumque
1842 1533 1930 1608 iuris,
1947 1533 2082 1596 13333331

534 1645 589 1708 pro
609 1636 750 1707 tempore
770 1627 1017 1706 deputandorum
1039 1625 1106 1704 (qui
1126 1641 1236 1688 omnes
1249 1632 1279 1688 et

532 1722 671 1800 singulas
692 1721 849 1784 lacultates
863 1736 941 1798 quae
956 1719 1085 1782 113333333
1099 1719 1280 1797 33333313333

533 1817 566 1878 33
584 1818 700 1879 eisdem
715 1816 851 1895 partibus
867 1815 1013 1880 Sinarum
1028 1813 1157 1876 antebac
1171 1831 1187 1874 a
1201 1811 1280 1875 dicta

532 1909 612 1972 Sede
632 1909 784 1989 deputatis
799 1925 854 1988 per
868 1908 1004 1970 33333333
1018 1907 1200 1969 3333133333
1215 1922 1280 1967 me·

533 2004 649 2066 moriae
667 2003 833 2066 Alexandri
849 2002 927 2076 vlt,
944 2000 1114 2064 Clementis
1128 2001 1194 2078 tx,
1211 2001 1278 2066 Gle-

532 2099 646 2161 mentis
667 2099 705 2162 ll.
739 2103 770 2159 et
791 2096 963 2158 1333333333
985 2095 1036 2158 111.
1067 2095 1278 2158 Romanorum

530 2193 716 2254 Pontificum
736 2192 1006 2269 praedeeessorum
1028 2196 1208 2251 nostrorum
1229 2187 1280 2250 lit-

530 2293 622 2360 teras,
644 2301 699 2346 seu
720 2283 792 2346 31333
813 2284 850 2346 ab
871 2283 934 2361 3333
961 2281 1039 2345 Sede
1066 2297 1226 2343 concessae
1247 2288 1278 2342 et

530 2371 696 2442 attributae
717 2378 857 2452 luerunt,
880 2377 914 2438 33
933 2376 996 2438 3333
1017 2377 1148 2455 quisque
1162 2375 1218 2436 sibl
1233 2391 1277 2436 as·

530 2472 690 2549 signandis
707 2471 874 2551 provinciis
889 2485 1035 2532 exercere
1049 2469 1166 2548 possint
1181 2475 1212 2530 et
1226 2469 1277 2531 de·

530 2565 636 2645 beant)
657 2563 892 2628 committendas
916 2579 992 2638 esse,
1016 2570 1114 2638 motu,
1137 2562 1276 2636 33333333,

480 2699 482 2702 -
529 2659 750 2722 deliberatione
771 2665 801 2719 et
823 2657 980 2736 potestatis
1011 2656 1205 2735 plenitudine
1225 2667 1276 2734 pa-

530 2753 614 2815 ribus
645 2755 756 2814 barum
786 2751 867 2814 serie
887 2751 1082 2814 decernimus
1103 2757 1134 2812 et
1155 2749 1277 2812 ordina-

529 2863 608 2908 mus.
643 2847 786 2908 Districte
816 2851 976 2922 propterea
1008 2843 1185 2906 inhibentes
1213 2849 1275 2903 tam

527 2941 710 3021 supradictis
723 2941 761 3003 de
771 2939 939 3000 Pekinensi
953 2944 982 3000 et
995 2937 1190 3000 Nanlxinensi
1205 2936 1277 3015 Epi·

528 3036 637 3114 scopis,
661 3051 754 3114 quam
775 3033 841 3096 aliis
862 3033 1006 3097 omnibus
1028 3040 1058 3094 et
1075 3031 1207 3109 singulis
1223 3047 1276 3094 33-

527 3129 715 3190 nerabilibus
735 3127 880 3190 iratribus
901 3125 1097 3199 Primatibus‚
1117 3125 1274 3203 333133333-

526 3221 624 3302 scopis
645 3230 677 3284 et
698 3220 864 3299 Episcopis,
887 3228 918 3280 et
939 3218 1004 3280 aliis
1022 3218 1180 3280 indiarum
1193 3226 1274 3280 eete-

526 3331 694 3394 rarumque
715 3315 850 3392 partium
872 3311 1071 3373 orientalium
1092 3311 1271 3387 ordinariis,

526 3425 582 3470 seu
603 3423 712 3470 eorum
733 3406 913 3470 officialibus
933 3403 985 3466 331
1011 3403 1139 3467 vicariis
1160 3404 1193 3466 in
1214 3405 1275 3483 spi·

525 3500 689 3564 ritualibus
704 3495 909 3576 generalibus,
922 3496 1029 3559 3133333
1044 3497 1193 3559 ministris
1205 3498 1273 3574 qui-

525 3597 729 3673 buscumque,
751 3609 802 3668 ne,
824 3593 882 3656 sub
903 3591 1012 3671 quouis
1033 3596 1206 3670 praetextu,
1223 3607 1273 3653 co-

525 3690 602 3764 lore,
631 3688 718 3750 33333
746 3687 797 3750 331
822 3687 989 3761 occasione,
1011 3693 1063 3747 aut
1090 3685 1198 3762 rigore
1218 3703 1271 3748 cu-

524 3783 709 3860 iuscumque
739 3780 894 3860 privilegii
923 3779 974 3841 331
1006 3779 1119 3842 3333133
1149 3797 1164 3842 3
1193 3779 1271 3843 Sede

524 3877 676 3956 praedicta
697 3875 841 3950 emanati,
865 3873 966 3936 ullum
988 3873 1021 3935 in
1042 3881 1202 3952 posterum
1223 3875 1270 3938 iu-

524 3969 709 4032 risdictionis
741 3975 844 4031 actum
876 3967 909 4028 in
940 3967 1121 4029 earumdem
1152 3967 1194 4032 333
1224 3985 1271 4030 33-

1336 1627 1452 1702 gratiae
1473 1627 1647 1690 remedium
1668 1628 1817 1690 intentari
1838 1627 1889 1688 331
1909 1628 2079 1707 impetrari,

1335 1728 1389 1782 aut
1409 1721 1585 1798 impetrate,
1608 1737 1664 1782 seu
1684 1721 1778 1782 etiam
1793 1719 1892 1796 motu,
1908 1721 2035 1783 scientie
2050 1728 2081 1782 et

1335 1814 1494 1892 potestatis
1514 1813 1711 1892 plenitudine
1731 1815 1855 1894 paribus
1872 1831 2016 1878 concesso
2030 1815 2081 1878 331

1334 1915 1489 1982 emanato,
1518 1908 1697 1986 quempiam
1718 1908 1751 1970 in
1777 1908 1892 1971 iudicio
1916 1909 1967 1970 331
1993 1915 2080 1972 extra

1335 1999 1411 2062 illud
1434 2001 1556 2062 utiseu
1577 2001 1740 2064 33333333
1769 2002 1834 2064 ullo
1862 2003 1952 2064 modo
1980 2017 2079 2081 pesse,

1333 2094 1385 2155 sed
1407 2093 1485 2171 ipsas
1504 2102 1681 2172 praesentes
1694 2095 1811 2158 litteras
1825 2109 1948 2175 semper
1963 2097 2079 2170 llrmas,

1333 2185 1447 2248 validas
1468 2193 1499 2247 et
1520 2187 1655 2250 efficaces
1684 2191 1817 2251 existere
1839 2196 1869 2251 et
1897 2189 2080 2266 13333333-

1333 2295 1393 2358 que
1420 2280 1574 2359 plenarios
1595 2291 1626 2344 et
1647 2282 1787 2360 integros
1819 2283 1945 2346 eftectus
1975 2284 2080 2346 sortiri

1332 2381 1364 2433 et
1384 2373 1539 2450 obtinere,
1567 2391 1600 2438 33
1626 2375 1699 2450 31133,
1729 2375 1765 2438 33
1795 2392 1873 2455 quos
1903 2383 2021 2456 spectat
2048 2381 2079 2438 et

1332 2481 1387 2544 pro
1410 2473 1550 2545 tempore
1571 2470 1830 2547 quandocumque
1850 2469 2010 2548 spectabit,
2032 2471 2079 2532 in·

1332 2557 1518 2622 violabiliter
1539 2567 1571 2622 et
1591 2561 1771 2624 inconcusse
1790 2562 2079 2642 observantemque

1331 2658 1446 2714 elnon
1474 2654 1563 2718 aliter
1583 2654 1616 2717 in
1638 2655 1812 2733 praemissis
1839 2671 1894 2734 per
1914 2671 2078 2734 quoscum-

1331 2761 1391 2824 que
1412 2747 1528 2810 iudiees
1549 2749 1721 2812 ordinarios
1741 2757 1772 2812 et
1792 2751 1958 2829 delegatos,
1984 2753 2077 2816 etiam

1330 2855 1492 2904 causarum
1523 2841 1626 2921 palatii
1657 2843 1814 2922 apostolici
1845 2845 2011 2923 auditores,
2044 2864 2078 2910 ac

1330 2935 1360 2998 S.
1384 2935 1420 2996 31.
1445 2934 1481 2996 Ε.
1504 2937 1677 3014 praedictae
1708 2937 1896 3014 cardinales,
1925 2940 2018 3002 etiam
2038 2939 2076 3002 de

1329 3027 1424 3090 latere
1439 3029 1568 3105 Legatos
1589 3035 1620 3090 et
1638 3029 1723 3092 Sedis
1738 3030 1928 3108 Apostolicue
1942 3035 2076 3112 praedic·

1329 3127 1378 3182 tae
1399 3119 1546 3196 Nuncios,
1568 3121 1683 3184 aliosre
1704 3123 1857 3201 quoslibet
1881 3143 2075 3207 quacumque

1328 3215 1574 3292 praeeminentia
1604 3223 1636 3277 et
1667 3222 1818 3294 potestate
1848 3217 2017 3296 iungentes
2043 3231 2075 3286 et

1327 3308 1500 3386 iuncturos,
1531 3309 1648 3372 sublati
1679 3311 1724 3372 eis
1750 3318 1782 3373 et
1808 3326 1919 3374 eorum
1948 3315 2076 3378 cuilibet

1327 3405 1434 3480 quavis
1455 3404 1544 3466 aliter
1566 3403 1719 3467 iudicandi
1741 3413 1772 3467 et
1793 3405 2019 3486 interpretandi
2033 3409 2075 3472 ia-

1327 3497 1441 3559 cultale
1462 3505 1492 3560 et
1523 3498 1716 3573 auctoritate,
1749 3499 1878 3562 iudicari
1899 3509 1930 3563 33
1951 3501 2074 3565 deliniri

1326 3589 1449 3666 debere,
1471 3607 1504 3653 ac
1526 3591 1653 3654 irritum
1675 3599 1705 3653 et
1721 3590 1824 3667 inane,
1840 3592 1866 3653 si
1879 3609 1967 3658 secus
1980 3611 2074 3675 33333

1326 3686 1372 3748 333
1393 3701 1408 3746 3
1424 3700 1591 3763 quoquam,
1607 3685 1716 3763 quavis
1730 3686 1923 3762 auctoritate,
1939 3689 2073 3752 scienter

1324 3779 1375 3840 331
1397 3779 1588 3854 ignoranter,
1612 3777 1779 3853 eontigerit
1801 3781 1955 3842 attentari.

1363 3871 1431 3946 53.
1456 3869 1525 3932 Non
1547 3870 1738 3933 obstantibus
1769 3873 1955 3950 3333333333,
1978 3891 2013 3938 33
2033 3876 2072 3939 33

1323 3965 1392 4027 3333
1412 3963 1550 4044 quaesito
1572 3979 1635 4026 non
1658 3965 1806 4042 tollendo,
1821 3967 1994 4046 ceterisque
2015 3985 2070 4031 no·

2115 547 2169 609 An.
2184 545 2217 610 O.
2240 548 2316 608 1696

2110 3891 2309 3943 contrariorum

2088 3943 2229 4004 derogatio.

524 4071 701 4143 paratarum
731 4077 764 4123 ac
799 4061 1107 4136 dismembratarum,
1145 4077 1268 4125 necnon
1322 4061 1451 4122 3333333
1478 4057 1686 4121 (133331133333
1716 4060 1909 4138 spostolicae
1938 4063 2067 4140 regulis,

522 4167 739 4236 exemptarum
760 4162 791 4218 et
811 4155 1012 4218 liberatarum
1036 4153 1267 4234 provinciarum
1322 4153 1451 4232 aliisque
1464 4152 1647 4232 apostolicis,
1663 4169 1696 4216 33
1710 4153 1742 4215 33
1759 4153 1984 4219 universalibus
1999 4173 2070 4237 pro-

522 4251 711 4314 districtibus
732 4265 877 4312 exercere
897 4249 1029 4311 audeant
1050 4247 1269 4327 quovismodo
1322 4247 1565 4326 vineialibusque
1586 4255 1617 4308 33
1636 4248 1833 4326 synodalibus
1854 4249 1992 4314 conciliis
2005 4251 2068 4314 edi·

522 4345 573 4406 331
594 4351 800 4423 praesumant.
1323 4341 1372 4416 tis,
1403 4341 1599 4418 generalibus
1627 4341 1679 4402 331
1706 4341 1888 4420 specialibus
1918 4346 2068 4408 constitu·

562 4439 581 4513 ἓ
601 4437 629 4499 3.
654 4439 696 4500 33
717 4439 928 4512 decernentes,
948 4438 1071 4500 easdem
1092 4443 1267 4514 praesentes
1321 4433 1457 4496 tionibus
1478 4442 1509 4495 33
1530 4433 1776 4497 ordinationibus
1797 4437 1980 4514 apostolicis,
1997 4453 2067 4500 333-

522 4531 640 4594 13333333
668 4539 699 4592 33
725 4532 758 4592 33
790 4532 833 4593 333
864 4537 1010 4593 33333333
1041 4547 1266 4608 quaecumque,
1321 4543 1385 4589 non
1407 4527 1613 4606 praelatarum
1634 4528 1673 4588 33
1693 4529 1802 4590 Pekim
1817 4529 1899 4592 etde
1916 4531 2065 4608 Nanlxim,

521 4625 614 4688 etiam
636 4640 674 4686 ex
694 4639 732 4685 eo
752 4625 833 4702 quod
854 4623 980 4702 praelati
1002 4630 1032 4686 et
1053 4623 1103 4684 alii
1126 4624 1266 4702 quicum·
1320 4639 1353 4684 ac
1384 4622 1515 4684 aliarum
1546 4637 1815 4702 quarumcumque
1849 4625 2064 4703 ecclesiarum,

520 4735 582 4800 que
603 4719 635 4780 in
657 4718 829 4797 praemissis
860 4718 1009 4781 interesse
1036 4717 1184 4780 babentes
1211 4735 1265 4780 seu
1319 4717 1412 4778 etiam
1439 4716 1750 4794 metropolitanarum
1776 4724 1807 4778 et
1832 4719 2064 4796 primatialium,

520 4813 632 4874 babere
653 4809 884 4892 quomodolibet
902 4811 1149 4889 praetendentes,
1165 4811 1265 4874 euius·
1318 4811 1425 4872 3133333
1446 4809 1617 4888 quibusvis,
1634 4811 1730 4871 etiam
1751 4811 1939 4887 iuramento,
1955 4815 2066 4876 contir-

520 4905 567 4966 uis
587 4913 695 4979 status,
718 4905 841 4981 gradm,
857 4903 986 4978 ordinis,
1002 4903 1265 4980 praeeminentiae
1319 4905 1453 4966 matione
1484 4903 1663 4982 apostoliea,
1697 4903 1747 4964 331
1778 4905 1887 4981 quavis
1919 4905 2066 4969 firmitate

518 5007 550 5060 et
571 4998 730 5075 dignitatis
752 4997 897 5071 existant,
919 5012 974 5058 seu
995 4996 1265 5074 3133333333133333
1317 4997 1374 5058 alid
1396 4997 1555 5070 roboratis,
1578 4996 1700 5058 statutis
1722 5003 1753 5058 et
1774 4998 2064 5076 consuetudinibus,

518 5091 677 5154 3333333333
705 5091 865 5152 mentione
886 5095 917 5150 et
942 5089 1140 5168 expressione
1165 5088 1263 5167 digni,
1317 5091 1411 5153 etiarn
1426 5089 1733 5166 immemorabilibus,
1746 5089 1915 5168 privilegiis
1927 5107 2062 5171 quoqne,

518 5185 579 5247 illis
606 5201 670 5247 nen
700 5184 929 5258 consenserint,
958 5199 1013 5245 seu
1039 5182 1074 5244 ad
1096 5184 1263 5259 33333333,
1317 5183 1445 5247 indultis
1466 5191 1497 5245 et
1512 5183 1624 5246 litteris
1638 5184 1820 5262 apostolicis,
1838 5186 1954 5247 eisdem
1968 5185 2063 5248 eccle

518 5277 602 5341 citati
623 5285 653 5340 et
682 5278 794 5352 auditi,
825 5291 1008 5355 causaeque,
1038 5285 1164 5355 propter
1188 5293 1263 5355 quas
1316 5278 1379 5353 siis,
1401 5277 1587 5356 illarumque
1607 5277 1808 5356 praesulibus,
1825 5277 1978 5356 capitulis,
1996 5295 2065 5357 per-

517 5379 693 5450 praesentes
704 5371 889 5445 emanarint,
901 5370 1091 5433 sufficienter
1104 5370 1261 5445 adductae,
1315 5371 1415 5446 sonis,
1447 5371 1554 5433 aliisue
1584 5371 1788 5448 quibuslibet,
1819 5372 1912 5434 etiam
1939 5373 2062 5450 speciali

517 5465 691 5526 3333333333
711 5473 742 5527 33
763 5465 942 5525 3333333333
963 5479 1027 5524 333
1058 5463 1188 5540 1333333,
1211 5471 1263 5526 333
1316 5466 1387 5526 notai
1408 5465 1508 5542 dignis
1529 5473 1560 5526 et
1581 5467 1619 5527 de
1640 5465 1821 5526 necessitate
1835 5466 1912 5528 iuris
1927 5465 1977 5528 331
1992 5465 2062 5528 lacti

517 5573 556 5620 ex
575 5559 633 5620 alia
655 5559 792 5638 qualibet
809 5559 905 5620 etiam
919 5558 1120 5637 quantumvis
1135 5557 1262 5621 iuridici
1315 5559 1444 5620 omnino
1475 5559 1697 5638 exprimendis,
1726 5558 1786 5620 sub
1815 5559 2061 5638 quibuscumque

517 5659 548 5714 et
568 5652 761 5731 privilegiati
792 5653 892 5726 33333,
912 5650 1025 5726 331333,
1049 5658 1209 5729 praetextu
1231 5659 1262 5713 et
1315 5653 1485 5714 verborum
1508 5652 1665 5714 tenoribus
1680 5660 1712 5712 et
1726 5651 1845 5728 termis,
1862 5661 1893 5716 33
1907 5667 1980 5716 cum
1994 5652 2062 5733 qui·

516 5747 624 5824 capite,
646 5747 740 5807 etiam
759 5747 792 5807 in
807 5761 933 5825 corpore
948 5747 1026 5806 iuris
1039 5745 1153 5822 clauso,
1169 5748 1262 5808 etiam
1315 5745 1421 5807 busvis
1441 5745 1534 5806 etiam
1559 5745 1826 5821 derogatoriarum
1847 5747 2060 5824 derogatoriis,

515 5841 666 5914 enormis,
686 5839 920 5902 enormissimae
941 5846 972 5901 et
991 5839 1094 5901 totalis
1108 5840 1260 5915 laesionis,
1315 5838 1444 5916 aliisque
1472 5839 1703 5915 efficacioribus,
1726 5839 1941 5902 efficacissimis
1962 5849 1993 5903 et
2014 5841 2061 5903 in·

517 5933 605 5998 nullo
626 5949 765 6014 unquam
783 5941 922 6014 tempore
937 5934 974 5996 de
988 5931 1196 6014 subreptionis
1211 5932 1262 5995 rel
1314 5932 1413 5995 solitis
1432 5931 1591 6009 clausulis,
1612 5933 1870 6013 irruentibusque
1882 5941 1913 5996 33
1927 5933 1994 5996 eliis
2009 5935 2061 5998 de·

331 4451 475 4500 1113333133.
