4848 6990
975 623 1183 670 lnnoceurlos
1205 623 1260 670 llll.

346 753 484 820 vacante,
504 745 611 808 statim
630 753 723 824 atque
744 744 837 808 Sedes
852 741 1022 822 Apostolioa
1037 741 1089 804 Vi·

344 838 463 901 carium
494 839 703 918 Apostolicum
733 837 854 915 delegat
874 835 909 898 ad
931 835 1089 898 ecclesiam

346 941 505 994 vacantem
527 933 654 994 interim
675 931 918 1009 gubernandam.
933 931 1033 1005 Quem
1047 928 1088 992 la-

346 1041 464 1102 vorem‚
491 1035 549 1090 etc.
571 1027 669 1102 Quam
696 1027 788 1101 Deus,
809 1033 902 1088 etr.»
923 1056 962 1072 -
982 1025 1089 1086 ‹Bea-

345 1119 461 1180 tissime
488 1120 586 1182 Pater.
616 1119 657 1183 Ba
677 1137 736 1200 qua
762 1135 816 1198 par
837 1126 884 1182 est
912 1119 1089 1182 bumilitate

344 1211 504 1275 Sanctilali
525 1213 652 1276 Vestrae
672 1214 850 1292 exponitur,
865 1213 1000 1292 plurima
1013 1228 1089 1289 quo·

343 1307 419 1370 tidie
439 1307 510 1371 fidei
531 1308 695 1372 catholicae
719 1307 903 1388 praeiudicia
923 1307 956 1368 in
977 1305 1088 1382 anglia

343 1399 457 1461 exoriri
478 1416 517 1462 ex
537 1417 574 1464 eo
594 1403 676 1478 quod
697 1401 854 1480 regulares
875 1401 989 1462 ibidem
1003 1413 1089 1476 prae-

343 1493 474 1556 tendant
499 1509 533 1556 se
557 1495 664 1570 vigore
691 1510 820 1558 suorum
852 1492 1088 1572 privilegiorum

342 1585 380 1646 ab
404 1585 491 1648 omni
519 1587 730 1650 iurisdictione
757 1587 944 1650 vicariorum
971 1591 1089 1662 aposto-

343 1678 399 1742 lica
420 1679 599 1743 auctoritate
630 1681 730 1743 eidem
751 1697 849 1758 regno
870 1691 1086 1743 concessorum

343 1781 502 1851 exemptos
522 1790 597 1836 esse.
622 1775 661 1837 Et
681 1791 754 1837 cum
775 1791 813 1836 ex
830 1773 887 1836 alia
901 1779 987 1853 parte
1002 1771 1087 1833 Vica-

343 1865 381 1926 rii
402 1865 567 1945 Apostolici
598 1867 724 1945 praelati
754 1883 864 1945 regere
886 1883 950 1930 uon
972 1865 1088 1944 possint

342 1959 483 2022 ecclesias
514 1961 571 2022 sibi
605 1961 800 2036 commissas,
835 1961 895 2022 nisi
929 1961 1087 2036 regulares

342 2052 486 2130 praedicti
508 2055 552 2116 eis
572 2054 786 2130 subiciantur,
809 2055 918 2118 saitem
939 2055 1038 2132 quoad
1053 2068 1087 2114 ea

342 2161 420 2225 quae
440 2147 603 2210 missiones
623 2157 655 2210 et
675 2165 784 2212 curam
813 2149 988 2210 animarum
1016 2163 1086 2209 con·

341 2249 491 2304 cernunt:
512 2250 699 2320 quapropter
714 2242 874 2306 Sanctitati
889 2240 1015 2304 Vestrae
1030 2244 1086 2302 bu-

342 2333 458 2398 militer
487 2336 691 2415 supplicatur,
714 2343 749 2398 ut
770 2336 871 2398 Bullas
891 2353 946 2398 seu
977 2336 1087 2398 Brevia

341 2426 525 2504 Apostolica,
546 2429 618 2490 alias
638 2429 677 2492 ab
697 2431 754 2492 bac
774 2430 884 2494 Sancta
904 2429 983 2494 Sede
1003 2443 1088 2492 occa·

340 2521 426 2584 sione
451 2521 602 2584 similium
629 2524 910 2586 controversiarum
933 2524 966 2584 iu
989 2538 1086 2600 regno

343 2615 502 2690 Siderum,
525 2616 619 2680 indiis
638 2625 671 2679 et
696 2618 767 2680 alibi
798 2626 976 2679 exortarum
1005 2633 1085 2678 ema·

341 2718 423 2786 nata,
446 2711 615 2774 extendere
638 2710 786 2788 dignetur
805 2711 901 2774 simili
923 2711 1010 2774 Bulla
1030 2725 1085 2772 seu

341 2803 432 2866 Brevi
453 2805 614 2866 adomnia
641 2819 737 2881 regna
759 2813 790 2866 et
811 2804 926 2866 insulas
948 2805 1086 2867 dominio

338 2897 528 2960 serenissimi
541 2899 623 2974 regis
636 2899 763 2976 Magnae
777 2899 954 2960 Britanniae
968 2899 1085 2960 subiec-

339 2997 395 3052 tas.
417 2991 516 3067 Quem
536 2991 684 3066 lavarem,
700 2999 758 3055 etr.
775 2992 871 3068 Quam
887 2993 967 3054 Deus
981 3001 1040 3054 etc.
1052 3010 1081 3054 »ε

380 3085 503 3150 «sacra
525 3087 793 3164 congregatione
812 3094 935 3149 mature
955 3101 1084 3166 perpen-

338 3179 380 3254 sa,
402 3185 434 3240 et
455 3178 559 3242 audito
578 3180 672 3241 etiam
693 3188 780 3257 patre
801 3179 929 3242 Claudio
951 3179 1083 3241 leiensi

294 3335 296 3338 .
338 3277 369 3332 et
390 3280 588 3348 procuratore
619 3271 841 3334 monachorum
863 3273 1085 3348 congregatio-

338 3365 386 3426 nis
407 3363 595 3440 anglicanae
622 3363 653 3429 S.
684 3365 857 3441 Benedicti,
884 3367 1020 3428 decrevit
1048 3373 1083 3428 ut

337 3457 434 3520 inira:

375 3551 510 3628 «Quoad
533 3552 591 3614 l'fl.
616 3553 674 3616 Per
697 3554 928 3633 deputationem
955 3555 1082 3617 vicario-

335 3662 407 3708 rum
438 3647 677 3725 apostolicorum
703 3647 813 3712 luctam
838 3649 871 3710 iu
898 3664 997 3726 reguo
1018 3651 1080 3711 dn·

335 3741 415 3817 gliae
435 3757 452 3802 a
471 3741 576 3804 sancti
598 3743 747 3804 memorial
761 3743 935 3805 innocentii
949 3743 1000 3806 xl.
1018 3759 1082 3806 ces·

333 3849 414 3895 sasso
434 3841 465 3895 et
491 3849 609 3896 cessare
636 3851 865 3914 quamcumque
896 3837 1081 3899 iurisdictio·

334 3943 408 3989 nem
429 3927 635 4006 capitulorum
656 3945 710 3991 seu
732 3930 920 3992 vicariorum
934 3930 1080 4008 capitula·

332 4021 428 4096 rium,
451 4027 512 4082 lam
532 4021 736 4084 saecularium
757 4037 850 4100 quam
873 4022 1077 4099 regularium,

333 4119 476 4180 omnium
507 4117 703 4180 ecclesiarum
736 4117 875 4180 eiusdem
906 4121 1014 4196 regni,
1048 4128 1078 4182 et

331 4211 493 4288 signanter
518 4227 637 4286 earum,
659 4227 738 4290 quae
764 4213 921 4276 monacbis
942 4214 1077 4291 Congre-

332 4304 464 4380 gationis
495 4305 681 4382 Anglicanae
712 4305 833 4368 Ordinis
861 4307 892 4368 S.
920 4307 1077 4370 Benedicti

331 4397 439 4474 vigore
450 4397 668 4461 Bullaesacrae
680 4400 848 4461 memoriae
860 4400 1075 4478 Urbanilllll.‚

331 4507 409 4570 quae
435 4491 544 4570 incipit
572 4491 747 4564 Plaetoto,
779 4510 836 4555 seu
866 4495 1076 4572 quarumlibet

330 4585 459 4646 aliarum
481 4585 656 4648 litterarum
675 4587 922 4664 apostolicarum,
938 4596 990 4650 aut
1004 4588 1078 4650 aliis

331 4679 563 4758 quomodolibet
593 4689 770 4758 competere
799 4689 916 4759 posset3
946 4683 1077 4745 durante

331 4780 435 4835 tamen
455 4771 653 4851 deputatione
676 4773 859 4836 eorumdem
873 4791 928 4837 seu
943 4775 1076 4838 aliorum

330 4866 480 4928 similium
512 4867 697 4930 vicariorum
728 4867 765 4930 ab
795 4869 966 4946 apostolica
999 4868 1077 4932 Sede

331 4961 589 5038 quandocumque
604 4961 862 5038 deputandorum,
875 4969 905 5023 et
917 4979 979 5024 uon
992 4962 1073 5023 alias.

371 5054 505 5130 «Quoad
516 5055 577 5115 2¹¹.
595 5071 669 5116 vero
684 5056 803 5117 censuit
815 5056 972 5132 regulares
986 5072 1077 5134 quos-

331 5163 478 5226 cumque,
500 5148 591 5210 etiam
614 5147 774 5210 Societatis
800 5150 867 5212 lesu
888 5157 919 5210 et
941 5151 1078 5226 Congre-

331 5241 462 5317 gationis
489 5241 677 5319 Anglicauae
707 5243 874 5322 praelatae,
909 5251 970 5306 tam
998 5244 1076 5306 circa

330 5335 581 5411 approbationem
602 5336 639 5398 ad
664 5335 872 5398 confessiones
897 5335 1074 5410 audiendas,

330 5443 422 5505 quam
444 5429 523 5490 circa
543 5430 761 5492 concernentia
779 5446 884 5492 curam
899 5429 1075 5492 animarum

329 5529 361 5582 et
380 5531 645 5584 sacramentorum
670 5523 981 5596 administrationem,
1006 5523 1075 5584 alia·

329 5629 389 5692 que
410 5617 516 5677 munia
537 5616 732 5693 parochialia,
755 5633 822 5678 esse
848 5617 1001 5678 subiectos
1023 5617 1075 5678 vt-

328 5707 418 5769 cariis
445 5707 637 5787 apostolicis,
660 5710 693 5770 in
722 5725 858 5788 quorum
885 5709 1074 5773 districtibus

328 5815 381 5862 eos
400 5802 571 5880 respective
591 5804 776 5865 commorari
796 5804 972 5880 contigerit.

368 5893 470 5958 «Non
491 5896 682 5959 obstantibus
704 5898 803 5976 quoad
824 5899 1078 5977 praemissaque

328 5987 520 6068 bustumque
549 5990 741 6068 regularium
773 5989 924 6056 Ordinum
950 5991 1074 6073 privile-

1145 740 1215 818 giis,
1237 747 1268 804 et
1289 742 1469 823 praesertim
1499 739 1650 804 antedicta
1681 736 1767 800 Bulla
1786 753 1888 800 sacrae

1145 836 1312 898 memoriae
1342 836 1456 899 Urbani
1479 834 1570 908 vlit,
1604 833 1664 896 illis
1684 832 1757 893 alias
1778 831 1810 892 in
1832 847 1888 892 suo

1145 929 1253 992 robore
1278 930 1498 1008 permansuris,
1522 943 1641 992 necnon
1671 926 1769 988 firmis
1790 941 1889 986 rema-

1145 1023 1292 1085 nentibus
1312 1023 1411 1101 quoad
1433 1023 1550 1100 reliqua
1571 1020 1715 1082 omnibus
1736 1027 1767 1080 et
1781 1019 1887 1096 singu-

1144 1115 1180 1178 lis
1205 1117 1386 1196 privilegiis,
1413 1114 1676 1194 praeeminentiis,
1705 1111 1888 1192 praerogati-

1144 1209 1201 1285 vis,
1223 1210 1352 1288 aliisque
1373 1210 1502 1282 iuribus,
1525 1208 1611 1271 dictis
1632 1206 1790 1270 monachis
1808 1206 1887 1268 Gon-

1143 1303 1329 1380 gregationis
1350 1301 1537 1379 Anglicanae
1557 1299 1786 1380 quomodoliBet
1806 1315 1890 1362 com·

1143 1397 1329 1473 petentibus,
1346 1404 1404 1458 etc.
1429 1397 1539 1458 [latum
1554 1395 1679 1468 Romae,
1697 1393 1747 1456 die
1761 1401 1791 1456 et
1806 1409 1888 1455 anno

1143 1489 1254 1568 quibus
1274 1507 1375 1570 supra.

1183 1585 1296 1660 <Quae
1315 1585 1441 1663 quidem
1462 1586 1583 1648 decreta
1607 1584 1712 1646 eadem
1734 1582 1783 1644 die
1802 1598 1888 1644 sanc·

1144 1677 1260 1740 tissime
1282 1677 1408 1740 domino
1430 1687 1535 1742 nostro
1552 1694 1607 1756 per
1623 1693 1673 1740 me
1687 1677 1886 1740 secretarium

1143 1769 1372 1850 infrascriptum
1395 1773 1516 1849 integre
1538 1772 1642 1846 relata,
1663 1771 1812 1835 Sanctitas
1827 1769 1887 1832 Sua

1143 1863 1276 1940 benigne
1298 1864 1432 1927 laudavit
1454 1871 1483 1926 et
1504 1864 1693 1943 approbavit,
1717 1862 1889 1924 mandavit-

1142 1973 1204 2034 que
1224 1957 1260 2018 ab
1281 1958 1437 2032 omnibus,
1459 1957 1494 2018 ad
1516 1974 1592 2036 quos
1618 1961 1766 2036 pertinet,
1788 1956 1887 2017 invio-

1143 2050 1276 2114 labiliter
1296 2051 1463 2114 observari.

1269 2231 1271 2236 ’
1313 2241 1345 2302 d.
1364 2240 1399 2302 Α.
1416 2241 1596 2316 rannerus,
1614 2237 1845 2303 secretarius.»

1813 597 1869 662 157
1920 593 1974 650 An.
1988 597 2018 650 0.
2040 597 2108 649 1696

1182 2428 1250 2502 §a
1275 2429 1354 2492 Cum
1380 2436 1496 2504 autern,
1523 2429 1602 2491 sicut
1623 2428 1736 2491 Vicarii
1759 2429 1885 2507 Aposto-
1952 2431 2116 2478 confirmatio

1904 2485 2046 2532 relatorum
2072 2485 2117 2532 de-

1143 2520 1191 2582 lici
1213 2521 1358 2600 praedicti
1380 2523 1467 2584 nobis
1489 2539 1589 2601 nuper
1604 2522 1714 2600 exponi
1731 2521 1884 2596 lecerunt,
1905 2544 2040 2587 arctorum.

1141 2613 1198 2692 ipsi
1229 2616 1350 2678 decreta
1381 2615 1568 2690 huiusmodi,
1591 2631 1652 2694 quo
1673 2615 1794 2676 firmius
1815 2615 1886 2676 sub

1141 2709 1249 2770 sistant
1270 2718 1302 2772 et
1322 2717 1488 2772 serventur
1519 2709 1671 2783 exactius,
1705 2708 1886 2787 apostolicae

1140 2801 1383 2866 confirmationis
1405 2811 1528 2866 nostrae
1558 2803 1727 2883 patrocinio
1747 2816 1887 2863 commu-

1142 2895 1202 2956 niri
1222 2896 1396 2974 plurimum
1416 2897 1604 2960 desiderent:
1627 2913 1693 2972 nos,
1709 2897 1883 2975 specialem,

1140 2989 1211 3066 ipsis
1233 2992 1460 3070 exponentibus
1475 2991 1604 3067 gratiam
1619 2989 1717 3052 lacere
1731 2991 1882 3066 volentes,

1140 3090 1301 3146 eteorum
1322 3085 1494 3162 singulares
1522 3101 1665 3163 personas
1687 3101 1703 3144 a
1725 3084 1884 3163 quibusvis

1139 3179 1480 3253 excommunicationis,
1501 3179 1711 3258 suspensionis
1732 3185 1762 3242 et
1789 3179 1884 3240 inter·

1138 3269 1222 3345 dicti,
1244 3271 1373 3350 aliisque
1393 3273 1601 3334 ecclesiasticis
1622 3273 1796 3348 sententiis,
1813 3290 1883 3336 cen·

1137 3364 1219 3424 suris
1239 3372 1270 3428 et
1292 3365 1397 3443 poenis
1418 3381 1433 3426 a
1456 3366 1533 3440 iure,
1552 3365 1602 3428 vel
1616 3367 1653 3430 ab
1667 3367 1795 3430 homine
1809 3383 1883 3444 qua-

1140 3457 1185 3518 vis
1216 3459 1372 3520 occasione
1405 3459 1454 3520 vel
1482 3461 1570 3522 causa
1602 3459 1684 3534 latis,
1717 3460 1743 3522 si
1771 3461 1883 3541 quibus

1136 3551 1366 3628 quomodolibet
1388 3553 1550 3616 innodatae
1570 3553 1720 3627 existunt,
1737 3555 1773 3617 ad
1795 3555 1883 3618 ellec-

1135 3651 1203 3706 tum
1219 3647 1430 3724 praesentium
1444 3648 1601 3709 dumtaxat
1616 3647 1881 3726 consequendum,

1137 3741 1247 3802 barum
1268 3741 1347 3802 serie
1368 3741 1572 3816 absolventes,
1593 3749 1624 3804 et
1644 3743 1796 3806 absolutas
1817 3743 1883 3806 lore

1135 3841 1308 3909 censentes,
1328 3835 1601 3914 supplicationibus
1624 3851 1733 3898 eorum
1754 3838 1881 3900 nomine

1135 3927 1223 3988 uobis
1243 3943 1336 4007 super
1357 3929 1415 3990 hoc
1445 3927 1606 3990 humiliter
1628 3931 1775 4008 porrectis
1796 3931 1882 3994 incli-

1134 4021 1211 4096 nati,
1234 4022 1354 4084 decreta
1376 4021 1575 4101 praeinsertai,
1597 4039 1632 4084 ac
1653 4023 1757 4086 omnia
1775 4025 1882 4088 etsin·

1135 4114 1206 4190 gula
1228 4115 1260 4176 in
1282 4115 1326 4177 eis
1350 4121 1494 4178 contenta
1513 4123 1545 4177 et
1567 4132 1721 4194 expressa,
1751 4119 1882 4182 auotori-

1133 4215 1196 4270 tate
1216 4209 1390 4286 apostolica,
1405 4216 1514 4272 tenore
1535 4211 1757 4288 praesentium,
1774 4227 1883 4290 appro-

1133 4302 1240 4364 bamus
1261 4311 1292 4364 et
1308 4304 1541 4378 confirmamus,
1558 4301 1680 4381 illisque
1694 4305 1881 4368 inviolabilis

1133 4397 1312 4474 apostolicae
1344 4398 1501 4458 firmitatis
1531 4397 1626 4459 robur
1654 4397 1824 4473 adiicimus,
1847 4417 1881 4462 ac

1133 4504 1241 4551 ornnes
1263 4498 1293 4552 el
1313 4490 1451 4567 singulos
1470 4491 1546 4552 iuris
1561 4499 1592 4552 et
1607 4491 1677 4553 lacti
1692 4491 1840 4568 delectus,
1855 4493 1882 4554 si

1132 4584 1186 4661 qui
1218 4583 1348 4662 desuper
1379 4584 1608 4662 quomodolibet
1636 4585 1879 4664 intervenerint,

1131 4677 1322 4754 supplemus.

1172 4771 1191 4844 ἓ
1212 4769 1241 4831 3.
1265 4771 1483 4848 Decernentes,
1498 4773 1621 4836 easdem
1639 4781 1815 4852 praesentes
1830 4774 1880 4836 lit·

1131 4871 1212 4927 teras
1242 4881 1364 4943 semper
1394 4867 1516 4942 firmas,
1549 4868 1664 4930 validas
1691 4877 1723 4931 et
1743 4872 1879 4934 efficaces

1132 4959 1266 5022 existere
1286 4969 1317 5022 et
1342 4960 1419 5036 lore,
1442 4978 1576 5041 suosque
1606 4963 1759 5042 plenarios
1780 4973 1810 5026 et
1832 4967 1878 5027 in-

1133 5061 1235 5130 tegros
1256 5053 1382 5116 allectos
1411 5055 1516 5117 sortiri
1536 5065 1568 5118 et
1588 5058 1741 5134 oblinere,
1758 5076 1791 5121 ac
1806 5059 1877 5134 illis,

1132 5145 1168 5207 ad
1189 5163 1265 5225 quos
1291 5155 1406 5225 spectat
1428 5157 1459 5210 et
1487 5165 1542 5228 pro
1574 5159 1713 5231 tempore
1743 5155 1878 5232 quando·

1131 5257 1266 5319 cumque
1279 5241 1438 5320 spectabit,
1453 5243 1485 5304 in
1500 5245 1646 5306 omnibus
1660 5252 1691 5307 et
1705 5261 1761 5324 per
1775 5247 1878 5308 omnia

1131 5335 1310 5412 plenissime
1336 5335 1508 5413 sullragari,
1530 5346 1561 5400 et
1582 5341 1618 5400 ab
1639 5340 1682 5400 eis
1707 5343 1879 5418 respective

1131 5425 1351 5492 inviolabililer
1372 5429 1538 5504 observari,
1560 5431 1665 5510 sicque
1684 5433 1716 5494 in
1732 5435 1877 5512 praemis-

1130 5525 1171 5584 sis
1192 5539 1246 5602 per
1267 5539 1479 5603 quoscumque
1509 5524 1623 5587 iudices
1655 5527 1826 5589 ordinarios
1846 5538 1878 5591 et

1130 5617 1296 5694 delegatos,
1325 5619 1420 5680 etiam
1446 5635 1606 5684 causarum
1633 5621 1737 5698 palatii
1758 5630 1877 5700 aposto·

1130 5709 1181 5771 lici
1201 5711 1365 5786 auditores,
1396 5711 1522 5773 iudicari
1543 5720 1574 5774 et
1595 5713 1717 5774 deliniri
1749 5715 1874 5790 debere,

1129 5819 1163 5864 ac
1181 5803 1309 5866 irritum
1330 5813 1361 5866 et
1391 5805 1494 5881 inane,
1516 5805 1541 5866 si
1563 5821 1650 5868 secus
1677 5809 1838 5886 superbis
1860 5826 1876 5870 a

1130 5913 1297 5977 quoquam,
1320 5899 1427 5977 quavis
1454 5899 1645 5975 auctoritate,
1668 5901 1803 5966 scienter
1824 5901 1874 5964 vel

1130 5993 1319 6069 ignoranter,
1342 5993 1509 6071 contigerit
1530 5994 1686 6056 attentari.

1925 4783 2066 4834 clausulae.
