4836 6998
105 547 169 600 An.
185 549 215 601 0.
236 546 304 602 1732

1001 551 1142 602 clemens
1163 552 1220 599 1111.

121 694 317 744 3333333133-
376 681 395 756 5
416 679 445 743 2.
470 678 549 741 Cum
577 685 699 752 autem,
723 677 802 740 sicut
827 675 974 755 praedicti
995 691 1082 737 3333-

89 755 209 797 Cretum.

152 2825 293 2878 clausulae.

337 776 381 840 les
392 774 480 836 nobis
491 773 623 834 subinde
637 773 749 850 exponi
765 772 916 845 lecerunt,
929 771 985 848 ipsi
998 786 1084 850 prae-

337 869 439 941 missa,
461 884 523 947 quo
542 867 664 928 firmius
677 867 844 928 subsistant
865 873 896 926 31
916 872 1083 926 serventur

336 962 483 1034 exactius,
505 960 686 1038 apostolicae
701 958 945 1021 confirmationis
961 965 1083 1018 nostrae

335 1052 504 1134 patrocinio
516 1051 703 1114 communiri
715 1048 1079 1128 plurimumdesiderent:

337 1162 405 1219 nos,
429 1146 508 1222 13333
531 1145 650 1206 3333133
670 1143 853 1222 specialibus
875 1141 1031 1203 favoribus
1052 1147 1083 1202 et

337 1238 442 1318 gratiis
457 1238 600 1316 prosequi
619 1237 772 1310 volentes,
795 1243 826 1296 et
847 1250 956 1296 eorum
978 1233 1082 1309 singu·

337 1332 414 1396 lares
442 1347 587 1408 personas
608 1347 624 1388 3
646 1329 806 1407 quibusvis
836 1327 1085 1388 excommunica-

338 1426 443 1498 113313,
472 1424 683 1502 suspensionis
704 1432 735 1485 et
756 1423 930 1497 interdicti,
956 1421 1084 1497 aliisque

337 1518 547 1581 ecclesiasticis
570 1517 746 1592 sententiis,
762 1516 900 1579 censuris
918 1521 950 1576 et
964 1513 1082 1592 poenis,

337 1629 353 1674 a
374 1613 443 1673 iure
458 1613 508 1672 vel
529 1613 566 1672 ab
587 1612 713 1673 bomine
736 1610 843 1689 quavis
864 1608 1020 1670 occasione
1034 1606 1083 1668 vel

338 1722 425 1770 causa
446 1705 530 1778 latis,
553 1705 711 1782 siquibus
738 1701 970 1782 quomodolibet
996 1701 1085 1760 inno-

338 1800 425 1864 datae
453 1800 607 1872 existunt,
636 1800 671 1860 ad
700 1799 845 1860 ellectum
874 1795 1085 1875 praesentium

339 1893 497 1958 dumtaxat
518 1891 783 1969 consequendum,
805 1891 915 1952 barum
936 1888 1086 1950 33313313-

338 1985 494 2049 solventes
516 1991 546 2044 et
568 1983 720 2046 absolutas
742 1983 806 2046 lore
826 1991 998 2056 censentes,
1015 1997 1085 2058 sup-

340 2078 555 2158 plicationibus
584 2094 694 2140 eorum
723 2079 850 2140 nomine
879 2077 967 2138 nobis
993 2091 1086 2153 super

339 2171 396 2232 boc
410 2171 575 2233 humiliter
595 2172 743 2250 porrectis
759 2171 910 2246 inclinati,
926 2171 1085 2232 decretum

339 2265 577 2344 praeinsertum,
594 2265 774 2326 auctoritate
787 2264 961 2342 apostolici,
979 2270 1086 2326 tenore

339 2359 564 2436 praesentium,
581 2359 783 2436 approbamus
805 2366 835 2418 31
853 2359 1085 2430 confirmamus,

340 2453 448 2530 illique
465 2451 651 2513 inviolabilis
671 2452 854 2530 apostolicae
871 2452 1022 2514 firmitatis
1038 2466 1086 2511 ro-

341 2545 400 2606 bur
415 2543 584 2606 adiicimus:
601 2544 683 2606 salaai
699 2554 802 2606 tamen
817 2562 938 2624 semper
953 2545 1087 2622 133333-

341 2637 442 2698 313313
469 2638 651 2699 auctoritate
678 2638 935 2714 congregationis
963 2652 1087 2700 eorum-

341 2730 412 2792 dem
435 2730 657 2792 cardinalium.

381 2825 400 2898 5
421 2824 449 2886 3.
473 2825 691 2900 berei-nentes,
712 2827 833 2888 easdem
848 2838 1024 2904 praesentes
1039 2825 1088 2886 lit-

341 2925 421 2980 teras
448 2933 572 2996 semper
603 2920 721 2993 srrmas,
753 2919 867 2981 ualidas
894 2927 927 2981 et
953 2919 1088 2980 efficaces

341 3011 472 3073 existere
494 3019 525 3072 et
551 3011 628 3087 lore,
655 3029 789 3090 suosque
816 3013 968 3090 plenarias
988 3020 1020 3072 et
1043 3013 1088 3072 in-

341 3113 445 3183 tegros
465 3105 591 3166 31133133
612 3106 716 3166 3331131
737 3115 767 3168 31
789 3107 940 3181 obtinere,
960 3123 993 3166 33
1015 3106 1087 3180 11113,

341 3201 378 3262 ad
403 3215 479 3276 quos
507 3205 622 3277 spectat
643 3205 674 3260 et
701 3215 756 3276 pro
785 3207 924 3278 tempore
952 3201 1088 3277 quando·

341 3308 475 3370 cumque
489 3292 648 3369 spectabit,
661 3293 693 3352 13
710 3293 854 3354 omnibus
869 3301 900 3354 et
914 3309 970 3371 per
984 3293 1088 3354 omnia

341 3385 520 3464 plenissime
544 3385 719 3461 suffragari,
743 3393 773 3446 et
795 3387 832 3446 ab
853 3387 896 3447 eis
918 3386 1089 3464 respective

342 3477 562 3540 inviolabiliter
583 3479 753 3553 observari,
775 3479 880 3557 sicque
895 3481 928 3540 in
944 3480 1089 3558 praemis·

342 3573 382 3633 sis
403 3587 459 3648 per
482 3587 695 3650 quoscumque
723 3572 838 3634 iudices
866 3572 1037 3634 ordinarios
1058 3579 1089 3633 et

342 3663 507 3741 delegatos,
531 3664 625 3726 etiam
640 3681 800 3727 causarum
815 3665 919 3743 palatii
934 3665 1089 3743 apostolici

343 3758 512 3832 auditores,
541 3758 667 3820 iudicari
693 3766 725 3820 et
752 3759 877 3820 definiri
903 3759 1032 3834 debere,
1056 3774 1089 3820 33

342 3851 468 3912 1331133
489 3857 520 3912 31
540 3851 645 3926 13333,
667 3851 693 3912 31
712 3869 801 3914 33333
814 3867 907 3930 33333
922 3851 969 3912 bis
983 3868 1000 3911 a
1015 3867 1089 3930 quo-

343 3959 448 4021 quam,
463 3944 572 4022 quavis
585 3945 778 4019 auctoritate,
789 3945 923 4007 scienter
937 3945 988 4006 uel
1004 3945 1090 4021 igno·

328 4043 460 4112 rabber,
482 4037 648 4114 contigerit
669 4039 824 4100 attentari.

130 4133 325 4178 contrariorum
384 4131 403 4204 5
423 4131 452 4190 1.
477 4128 546 4190 Non
561 4131 753 4192 obstantibus
769 4131 955 4209 praemissis,
972 4149 1005 4195 ac
1019 4147 1092 4194 con-

109 4187 253 4244 derogatio.

344 4223 559 4286 stitutionibus
583 4231 614 4285 et
636 4224 879 4287 ordinationibus
900 4224 1089 4303 apostolicis,

346 4331 469 4380 necnon
481 4316 554 4378 dicti
565 4317 698 4393 Ordinis,
712 4319 804 4380 31133
820 4317 1007 4394 iuramento,
1020 4333 1091 4380 con·

346 4411 522 4472 firmatione
542 4412 715 4489 3333131131,
738 4412 788 4473 331
816 4412 924 4490 quavis
945 4413 1092 4474 firmitate

231 4553 243 4570 ,
345 4501 584 4578 currebamus,
607 4505 729 4566 statutis
751 4513 781 4566 et
803 4505 1090 4578 consuetudinibus

345 4594 516 4673 privilegiis
537 4612 671 4674 quoque,
689 4597 815 4659 indultis
837 4607 867 4659 et
889 4597 1001 4659 litteris
1022 4614 1091 4676 apo-

345 4687 460 4750 stolicis
483 4689 515 4750 in
538 4691 729 4751 contrarium
757 4691 995 4769 praemissorum
1017 4708 1091 4770 quo-

346 4782 515 4846 modolibet
536 4785 697 4858 concessis,
714 4785 903 4846 confirmatis
919 4795 949 4847 et
964 4786 1092 4847 133333-

347 4875 402 4951 113;
426 4876 538 4954 quibus
566 4878 713 4939 omnibus
734 4885 765 4939 et
785 4879 933 4956 singulis,
966 4879 1091 4940 illorum

345 4975 469 5030 tenores
490 4971 702 5048 praesentibus
717 4987 772 5049 pro
788 4972 878 5051 plene
894 4979 924 5034 et
938 4973 1093 5034 331113133-

347 5071 394 5124 133
415 5064 566 5140 expressis
581 5081 614 5124 ac
634 5065 671 5126 acl
693 5065 825 5127 verbum
841 5066 965 5127 insertis
980 5065 1092 5126 baben·

347 5163 403 5232 tes,
426 5155 488 5216 illis
509 5156 581 5218 alias
602 5157 636 5218 13
657 5175 713 5220 333
738 5159 848 5220 robore
870 5157 1091 5238 permansuris,

346 5248 382 5310 ad
404 5251 643 5327 praemissorum
666 5252 822 5328 ellectum,
841 5253 895 5314 bac
916 5253 983 5314 3133
1004 5254 1092 5314 dum·

348 5350 446 5419 taxat,
468 5343 639 5422 specialiter
665 5353 696 5406 et
723 5363 866 5424 expresse
892 5347 1091 5422 derogamus3

347 5436 518 5514 ceterisque
544 5438 706 5499 3331333113
732 5439 989 5516 quibuscumque.

386 5529 499 5591 Datum
527 5529 657 5605 Romae,
683 5531 761 5610 apud
791 5531 822 5594 S.
850 5532 976 5594 llariam
1004 5531 1094 5594 blain-

346 5641 427 5699 rem,
441 5625 500 5687 sub
521 5625 637 5687 annulo
653 5625 825 5702 Piscatoris,
841 5627 890 5689 die
905 5643 1005 5687 xxvu.
1023 5624 1095 5686 maii

348 5733 555 5794 unacxxxu.,
575 5719 771 5797 pontificatus
793 5719 893 5782 nostri
914 5735 997 5780 3333
1018 5735 1052 5779 11.

1484 672 1535 736 111.

1141 857 1301 938 Approbot
1324 859 1462 939 Repetas
1492 859 1720 922 Moaccboraot
1742 859 1885 924 Maroui-

1180 961 1291 1016 aarum
1322 954 1453 1016 Ordinis
1481 951 1512 1013 S.
1538 952 1673 1014 Arcto-acii
1702 953 1885 1032 depectitur

1178 1046 1295 1110 Roartac
1324 1049 1359 1108 ia
1389 1047 1583 1110 Mocasterio
1614 1045 1668 1107 SS.
1702 1047 1886 1109 Marcellini

1179 1147 1208 1201 31
1244 1140 1347 1210 Ρ3131,
1383 1139 1649 1218 Coopreqatioais
1683 1138 1802 1200 Maatis
1834 1139 1887 1200 11-
1992 1157 1996 1166 ·

1179 1231 1254 1296 baut
1276 1235 1289 1312 (
1309 1233 1332 1312 ).

1340 1402 1526 1470 61Ε11Ε118
1549 1405 1609 1472 ΡΡ.
1627 1404 1684 1472 llll.

1261 1527 1493 1610 3133333333
1517 1527 1560 1594 rei
1587 1529 1767 1596 33333133.

1181 1703 1215 1765 13
1237 1721 1383 1782 supremo
1398 1706 1560 1767 militantis
1575 1707 1728 1768 Ecclesiae
1741 1706 1818 1768 33113
1832 1720 1888 1783 333

1141 1797 1329 1860 ineffabilem
1361 1799 1485 1860 divinae
1514 1798 1698 1861 3133331133
1730 1799 1888 1861 abundan-

1141 1891 1217 1952 tiam
1237 1891 1408 1963 constituti,
1431 1909 1465 1954 ea
1486 1909 1565 1970 quae
1586 1909 1641 1970 pro
1671 1891 1786 1953 salubri
1818 1891 1888 1952 reli-

1142 1987 1299 2061 giosorum
1321 1987 1462 2047 virorum
1482 1987 1540 2047 sub
1569 1986 1657 2048 suavi
1679 1985 1794 2048 Christi
1815 1985 1888 2061 iuga

1143 2085 1210 2139 3313
1232 2096 1286 2140 333
1308 2081 1369 2140 Deo
1389 2079 1528 2154 reddere,
1544 2079 1718 2156 uberesque
1732 2079 1888 2140 bonorum

1141 2188 1271 2250 333333
1293 2172 1423 2247 lructus,
1445 2173 1618 2250 adspirante
1632 2173 1759 2250 superni
1775 2171 1889 2232 1333313

1142 2266 1225 2340 aurai,
1248 2265 1387 2343 prolerre
1409 2266 1524 2342 iugiter
1551 2265 1769 2341 satagentium,
1792 2265 1889 2326 direc-

1143 2360 1227 2421 tione
1242 2358 1369 2437 provide
1382 2360 1548 2421 3333111313
1562 2365 1655 2435 atque
1669 2361 1807 2420 ordinata
1823 2375 1890 2420 esse

1143 2459 1325 2526 noscuntur,
1342 2460 1376 2514 ut
1398 2453 1486 2514 11333
1501 2471 1534 2514 33
1551 2453 1696 2514 133131313
1711 2451 1888 2531 3333131331,

1142 2545 1298 2625 apostolici
1320 2545 1628 2628 333131313333131,
1645 2562 1742 2623 quum
1759 2545 1788 2606 id
1804 2561 1819 2604 a
1835 2561 1889 2606 no-

1143 2639 1188 2699 bis
1209 2639 1337 2718 putitur,
1371 2639 1519 2717 praesidio
1551 2639 1684 2700 libenter
1714 2635 1890 2700 constabili-

1142 2748 1222 2794 mus.

1183 2829 1202 2901 5
1226 2827 1252 2888 l.
1277 2827 1398 2904 Exponi
1418 2825 1573 2904 siquidem
1594 2825 1683 2888 nobis
1697 2841 1799 2903 33333
1814 2823 1892 2886 lece

1144 2927 1219 2983 3331
1240 2920 1343 2982 dilecti
1365 2919 1421 2980 filii
1452 2919 1541 2980 abbas
1563 2926 1593 2980 et
1614 2917 1756 2980 monacbi
1785 2933 1891 2978 mona-

1143 3014 1228 3076 sterii
1250 3012 1305 3074 SS.
1326 3012 1494 3074 llarcellini
1516 3019 1547 3074 et
1567 3012 1650 3074 Petri
1671 3011 1707 3072 de
1727 3011 1820 3085 Urbe,
1837 3010 1891 3074 Or-

1144 3109 1224 3170 dinis
1245 3107 1275 3170 S.
1293 3106 1422 3167 Antonii
1444 3105 1569 3167 abbatis
1590 3104 1839 3182 congregationis
1854 3102 1891 3163 de

1143 3203 1248 3265 1113313
1270 3201 1387 3262 Libano
1409 3206 1614 3277 nuncupatae,
1637 3199 1718 3275 quod
1741 3197 1891 3275 quaedam

1144 3296 1270 3372 regulae
1290 3295 1357 3355 sive
1378 3293 1616 3354 constitutiones
1638 3307 1693 3369 333
1717 3293 1797 3352 bono
1818 3289 1891 3351 dicti

1145 3387 1323 3450 monasterii
1345 3393 1375 3450 et
1397 3386 1621 3448 manac-borum
1641 3383 1718 3445 inibi
1734 3383 1891 3444 ditissimo

1145 3481 1364 3543 famulantium
1385 3485 1447 3540 tam
1469 3480 1502 3540 in
1522 3477 1735 3557 spiritualibus
1749 3491 1842 3554 quam
1858 3475 1892 3534 in

1145 3574 1364 3652 temporalibus
1385 3573 1538 3650 regimine
1560 3577 1591 3633 et
1606 3570 1770 3647 gubernio,
1785 3567 1893 3630 sacris·

1144 3685 1205 3746 que
1224 3667 1421 3730 missionibus
1435 3684 1468 3728 ac
1484 3667 1637 3728 bonarum
1652 3663 1813 3726 literarum
1828 3667 1892 3722 stu·

1145 3763 1202 3824 diis
1229 3762 1344 3824 ibidem
1375 3759 1606 3837 promovendis,
1633 3756 1804 3819 novissime
1825 3761 1893 3833 post

1146 3862 1298 3916 maturam
1331 3853 1585 3916 deliberationem
1617 3850 1716 3913 editae
1744 3849 1891 3924 luerunt,

1146 3949 1263 4010 1333313
1283 3947 1337 4026 qui
1357 3945 1511 4025 sequitur,
1534 3943 1697 4006 uidelicet:

1187 4135 1322 4212 Regulae
1343 4151 1399 4213 pro
1427 4133 1615 4196 monasterio
1644 4131 1698 4196 SS.
1722 4128 1894 4194 Marcellini

1146 4235 1177 4291 et
1199 4229 1292 4304 Petri,
1314 4227 1436 4290 Ordinis
1458 4227 1489 4289 S.
1515 4225 1642 4289 Antonii
1663 4225 1797 4298 Abbatis,
1814 4223 1895 4286 Con·

1146 4322 1335 4400 gregatiouis
1357 4323 1393 4384 de
1416 4321 1520 4384 113313
1547 4321 1663 4382 Libano
1684 4325 1891 4397 nurtcupatae.

1148 4417 1303 4480 initiam:
1319 4416 1339 4477 l.
1353 4416 1454 4490 Ouum
1465 4417 1524 4476 boc
1539 4413 1765 4476 monasterium
1780 4428 1795 4470 a
1809 4427 1895 4472 sanc·

1148 4519 1196 4572 tae
1210 4511 1380 4572 memoriae
1395 4509 1556 4572 Clemente
1571 4508 1623 4571 xl.
1638 4506 1789 4568 Pantilice
1803 4503 1896 4565 Maxi-

1148 4619 1198 4664 33
1221 4603 1383 4664 13313133
1405 4602 1444 4662 311
1466 4602 1498 4662 13
1519 4601 1692 4664 subsidium
1710 4598 1895 4660 missionum

1147 4695 1363 4770 Orientalium,
1376 4695 1457 4756 dabit
1472 4711 1595 4773 operam
1612 4695 1749 4756 eiusdem
1765 4690 1896 4752 1331113-

1147 4789 1209 4862 bos,
1226 4795 1261 4850 ut
1274 4804 1313 4848 ex
1328 4788 1490 4850 duodecim
1512 4787 1682 4863 monacbis,
1698 4801 1775 4864 quos
1797 4785 1834 4845 de
1854 4782 1895 4844 la-

1148 4882 1232 4943 31113
1247 4889 1396 4962 33333133
1412 4881 1524 4944 babere
1538 4880 1640 4955 debet,
1656 4897 1710 4942 sex
1724 4879 1833 4940 saltem
1849 4893 1897 4937 re-

1147 4975 1249 5051 ligiosi
1271 4973 1308 5034 ad
1329 4975 1505 5036 litterarum
1525 4974 1625 5036 studia
1643 4973 1820 5048 deligantur
1835 4978 1893 5032 313.

1150 5069 1260 5130 Finis.-
1283 5068 1316 5131 Si
1338 5069 1406 5146 quis
1427 5084 1502 5130 3333
1523 5067 1753 5130 diuturniorem
1775 5079 1895 5126 moram

1147 5161 1205 5222 sibi
1227 5161 1430 5224 necessariam
1445 5160 1665 5239 praetenderit,
1680 5159 1718 5221 ab
1733 5158 1811 5220 Erite
1825 5157 1896 5218 Pro·

1149 5261 1266 5316 1331333
1286 5260 1368 5333 33131
1388 5253 1443 5333 (2).

1189 5441 1257 5516 52.
1282 5440 1385 5514 Ouum
1407 5447 1524 5516 autem,
1547 5442 1626 5504 sicut
1646 5443 1753 5502 eadem
1778 5435 1897 5516 exposi-

1151 5534 1192 5594 tio
1214 5532 1433 5608 subiungebat,
1466 5534 1555 5595 abbas
1587 5543 1617 5595 et
1648 5531 1790 5594 monacbi
1812 5546 1898 5610 prae-

1121 5648 1123 5663 =
1150 5624 1222 5686 dicti
1236 5625 1359 5702 regulas
1373 5642 1428 5688 seu
1444 5624 1896 5702 constitutiones,huiusmodi,

1151 5735 1212 5796 quo
1233 5719 1355 5780 firmius
1381 5719 1549 5781 subsistant
1569 5726 1600 5780 et
1620 5727 1786 5782 serventur
1810 5733 1897 5780 exac-

389 5925 419 5982 11)
435 5927 472 5970 Ex
486 5929 547 5983 133.
563 5925 629 5972 Bull.
647 5925 677 5972 de
693 5929 717 5971 Ρ.
734 5929 759 5970 lt.
776 5938 833 5984 pag.
849 5927 984 5984 53331131.
1002 5929 1049 5974 etc.
1120 5929 1124 5984 1
1190 5929 1219 5986 (2)
1235 5927 1350 5986 Regulos
1364 5926 1504 5973 brevitatis
1518 5905 1598 5972 causa
1612 5926 1860 5984 praetermittimus.

1806 529 1865 592 aab
1915 531 1969 586 en.
1984 532 2014 585 0.
2036 531 2104 585 1732
