4844 6990
105 543 174 602 An.
193 555 228 606 Ο.
250 553 319 606 1735

347 691 440 766 suris,
455 693 511 755 bac
530 693 597 756 viee
618 693 788 770 dumtaxat,
805 695 976 773 specialiter
991 704 1021 759 et
1042 712 1096 758 ex·

348 801 453 864 presse
463 786 659 865 derogamus
672 788 845 868 ceterisque
856 790 1016 852 contrariis
1028 791 1094 870 qui-

348 878 552 958 buseumque.

90 1035 110 1080 d
136 987 330 1046 Transeamus
388 973 407 1048 5
427 973 456 1033 b.
479 973 632 1038 llolumus
647 983 750 1038 autern
766 984 801 1039 ut
815 977 995 1040 earumdem
1010 995 1096 1056 prae-

113 1039 201 1088 ⁸¹¹d³
215 1041 285 1088 Μεθ’
346 1065 484 1128 sentium
501 1059 673 1132 litterarum
691 1069 904 1148 transumptis,
919 1086 973 1132 seu
990 1087 1094 1132 exem-

347 1157 416 1236 plis,
432 1160 525 1222 etiam
542 1159 709 1239 impressis,
726 1178 820 1224 manu
839 1163 967 1224 alieuius
982 1164 1093 1226 notarii

346 1251 461 1329 publici
493 1253 684 1332 subscriptis,
712 1263 743 1318 et
762 1255 864 1330 sigillo
892 1271 1039 1333 personae
1061 1257 1093 1318 in

346 1345 499 1422 dignitate
520 1346 718 1409 ecclesiastica
740 1348 926 1411 constitutae
946 1349 1092 1424 munitis,

346 1437 452 1500 eadem
474 1454 599 1517 prorsus
614 1441 689 1502 fides
710 1441 824 1520 ubique
839 1441 999 1516 habeatur,
1016 1459 1094 1520 quae

346 1534 557 1610 praesentibus
578 1535 653 1612 ipsis
675 1535 851 1610 baberetur,
867 1535 893 1595 si
914 1535 1019 1598 forent
1041 1552 1095 1598 ex-

345 1626 459 1688 hibitae
481 1627 531 1688 vel
553 1635 704 1692 ostensae.

385 1717 497 1782 ilatum
523 1721 654 1795 Romae,
685 1723 764 1800 apud
788 1721 822 1795 S.
854 1722 980 1786 Mariam
1001 1723 1104 1789 bloio.

345 1827 423 1886 rem,
446 1812 503 1874 sub
518 1813 633 1876 annulo
657 1814 825 1890 Piscatoris‚
849 1817 898 1878 die
920 1833 964 1878 rx.
988 1817 1092 1896 aprilis

346 1920 548 1981 xncexxxv.,
570 1907 766 1984 pontificatus
782 1909 880 1972 nostri
902 1925 983 1972 anno
1003 1929 1033 1972 v.

675 2191 757 2256 xxl.

346 2376 522 2454 Confirmat
555 2376 717 2440 decretum
757 2379 1023 2458 Gonpccpatlonts
1055 2379 1091 2442 de

385 2468 597 2550 Propagandi
609 2470 689 2532 Fide
703 2487 799 2548 snper
811 2473 1028 2536 innotatione
1040 2491 1089 2534 co·

383 2562 537 2624 docerem
569 2563 854 2626 nrissionoriornm
886 2566 1090 2644 regularium

385 2657 420 2718 in
435 2655 786 2734 ,infidelinm'pnvtibns
802 2659 1015 2720 resistentium
1033 2659 1086 2740 (l).

543 2827 729 2894 onerosus
753 2828 812 2894 ee.
830 2807 908 2898 ιιιι..

482 2949 519 3016 ad
540 2950 670 3018 luluren
693 2951 737 3018 rei
767 2950 958 3018 memorien..

107 3132 324 3284 &ssffiffiffiss
382 3127 402 3201 g
425 3127 451 3188 l.
476 3125 583 3204 Nuper
608 3145 624 3188 a
651 3111 900 3205 congregatione
930 3127 1089 3190 venerabi·

132 3236 325 3294 repaganuan-
343 3218 420 3280 llum
442 3217 574 3282 lratrum
596 3227 775 3284 nostrorum
797 3221 829 3286 S.
842 3223 878 3283 ll.
893 3223 927 3283 ll.
945 3221 1089 3284 Cardine-

111 3291 325 3390 ?fflssssffll
342 3312 432 3388 lium,
449 3313 582 3390 negotiis
598 3313 809 3392 propagandae
833 3317 916 3378 niuei
934 3317 1087 3393 praeposi-

111 3397 324 3497 {ffifffflm‘
342 3411 458 3481 torum,
473 3423 567 3484 super
583 3407 791 3469 tumulatione
808 3411 994 3471 cadaverum
1016 3410 1087 3470 mis·

340 3499 548 3563 sionartorum
574 3499 725 3564 dadinum
752 3502 944 3578 regularium
965 3503 998 3563 iu
1021 3518 1088 3580 par-

342 3591 423 3654 tibus
445 3591 553 3671 Syriae
567 3600 598 3666 et
620 3594 789 3656 Palestinae
810 3596 968 3658 emanavit
984 3597 1088 3658 deere-

341 3691 410 3746 tum
431 3687 547 3748 tenoris
568 3686 622 3765 qui
643 3688 796 3766 sequitur,
821 3687 979 3752 videlieet:

380 3869 548 3934 Decretum
570 3887 681 3934 serrae
711 3869 974 3952 Gonpceqotionis
996 3889 1086 3952 pene·

339 3962 420 4026 ralis
436 3965 472 4026 de
487 3964 701 4044 Propoqcndd
720 3965 805 4037 Fide,
819 3964 947 4028 barbitae
962 3967 1012 4027 die
1027 3983 1082 4026 vn.

339 4056 502 4137 februarii
514 4073 716 4132 noccxxxv.,
729 4061 885 4138 referente
899 4059 1085 4121 eminentis-

338 4151 418 4212 sinae
445 4159 477 4213 et
506 4151 769 4212 reeerendissimo
802 4151 927 4214 domino
959 4153 1084 4214 donnino

342 4243 512 4306 cardinali
535 4244 633 4306 Petra
649 4246 823 4322 praesecto.
843 4244 930 4308 Sacra
948 4246 1086 4321 Congre-

339 4337 432 4412 gatio,
455 4338 490 4398 ad
518 4336 650 4399 tollenda
680 4338 781 4414 iurgia
810 4345 840 4398 el
865 4337 1082 4412 dissensiones,

338 4444 417 4506 quae
438 4445 500 4490 non
524 4446 591 4491 raro
612 4431 688 4492 oriri
702 4430 803 4492 solent
825 4431 856 4492 in
877 4430 1014 4509 partibus
1029 4431 1084 4508 Sy·

338 4521 401 4582 riae
427 4529 459 4582 et
485 4522 652 4584 Palestinae
684 4525 841 4586 occasione
869 4523 1084 4585 tumulationis

337 4615 520 4678 cadaverum
544 4616 809 4678 missionariorum
825 4617 976 4679 Ordinum
992 4632 1082 4692 regu-

338 4708 469 4784 larium,
498 4709 697 4772 confirmavit
718 4721 750 4772 et
771 4710 934 4771 renovavit
961 4709 1083 4772 decreta

337 4817 431 4879 super
453 4802 630 4864 huiusmodi
646 4820 681 4864 re
702 4803 773 4864 alias
794 4803 885 4876 edita,
902 4813 932 4864 et
947 4817 1083 4880 praeser-

339 4895 397 4956 tim
411 4911 492 4956 anno
504 4911 665 4970 necnon,
683 4897 820 4973 itemque
835 4898 1015 4958 confirmata
1030 4912 1084 4957 an-

339 5004 380 5048 uo
402 5005 540 5063 nouere,
564 5005 617 5067 per
638 5005 715 5066 quae
729 4989 883 5050 sancitum
905 4989 977 5050 luit:
1001 4988 1082 5066 quod

338 5081 494 5144 deleratur
525 5081 643 5158 private
670 5083 798 5144 cadaver
819 5097 834 5141 a
857 5083 988 5160 propriis
1013 5082 1082 5144 reli-

338 5174 448 5250 giosis,
472 5175 503 5234 in
517 5175 704 5235 coemeterio
719 5183 823 5236 autem
841 5184 963 5236 tantum
977 5174 1081 5236 adesse

338 5267 446 5328 debeat
468 5267 618 5346 paroebus
639 5283 711 5330 curn
733 5269 808 5329 stolii
821 5277 853 5329 et
868 5285 969 5344 cruce,
993 5278 1023 5331 et
1038 5271 1081 5332 dl-

338 5369 384 5423 oat
411 5363 565 5424 orationes
593 5361 678 5422 iuxta
704 5361 836 5422 lormam
862 5362 1082 5439 praescriptam

338 5455 370 5516 in
392 5455 509 5530 rituali,
532 5455 741 5533 permittendo
763 5462 866 5531 postea
889 5463 923 5516 ut
946 5455 1082 5533 reliquae

338 5549 492 5610 orationes
519 5549 698 5611 dicantura
725 5546 885 5626 superiore
910 5547 1080 5624 religionis,

338 5651 368 5705 et
389 5657 444 5720 per
466 5641 567 5719 ipsum
581 5658 615 5704 ae
628 5655 699 5702 suos
722 5639 881 5716 religiosos
896 5640 959 5700 dari
981 5640 1082 5717 sepul-

337 5745 452 5798 turam.
475 5736 622 5797 Praesens
644 5743 747 5796 autern
770 5735 929 5796 decretum
951 5750 1082 5796 renova-

378 5944 407 6000 (1)
423 5945 460 5988 Ex
475 5943 616 5989 Tabulario
630 5945 653 5988 S.
670 5946 694 5988 c.
710 5943 741 5988 de
756 5946 830 6000 Prop.
846 5943 915 5988 Pide.

443 6070 496 6117 lur.
511 6067 582 6112 Pont.
598 6065 628 6112 cle
641 6067 717 6127 Prop.
732 6065 794 6114 Pide
808 6067 890 6112 Partis
905 6069 923 6113 l.
938 6065 993 6114 llol.
1009 6069 1039 6114 ll.

1012 578 1153 626 candens
1174 579 1231 625 llll.

1817 565 1874 628 457
1928 561 1982 614 nn.
1997 563 2026 614 u.
2049 563 2118 616 ares

1153 697 1269 760 lorium
1301 697 1530 776 praedictorum
1562 699 1758 762 decretorum
1789 699 1896 761 eadem

1151 807 1234 854 saera
1261 792 1470 870 congregatio
1498 794 1653 870 praecepit
1674 793 1826 855 notilieuri
1846 810 1897 855 su-

1152 885 1324 962 perioribus
1361 885 1557 961 generalibus
1591 903 1708 950 eorum.
1733 886 1895 960 Ordinum,

1151 977 1244 1040 etiarn
1261 978 1420 1041 Societatis
1433 981 1511 1054 lesu,
1526 995 1661 1058 quorum
1675 981 1809 1057 religiosi
1826 980 1899 1040 mis-

1149 1070 1357 1134 sionariorum
1379 1088 1495 1135 munus
1517 1073 1550 1134 in
1575 1073 1737 1136 antedictis
1758 1072 1897 1152 partibus

1151 1163 1283 1234 obeunt,
1307 1173 1342 1227 ut
1363 1165 1400 1226 ab
1426 1165 1569 1228 omnibus
1590 1176 1621 1227 et
1649 1166 1897 1244 quibuscumque

1149 1259 1213 1318 suis
1235 1259 1404 1337 respective
1418 1258 1549 1321 subditis
1572 1258 1647 1322 illud
1662 1259 1790 1320 omniuo
1805 1267 1835 1320 et
1850 1259 1899 1320 in·

1150 1348 1336 1412 violabiliter·
1351 1352 1509 1414 observari
1521 1361 1642 1416 curent.
1657 1351 1768 1414 Datum
1784 1353 1898 1414 llomae

1150 1457 1189 1503 ex
1210 1443 1337 1506 aedibus
1359 1444 1498 1506 eiusdem
1519 1461 1619 1506 sacrae
1641 1445 1897 1522 congregauonis

1149 1535 1198 1596 die
1221 1550 1288 1596 xxx.
1306 1538 1409 1598 martii
1425 1555 1611 1602 nocoxxxv.
1626 1571 1664 1584 -
1680 1538 1720 1608 l
1737 1537 1824 1602 Card.
1842 1539 1898 1600 Pn-

1149 1629 1412 1708 rnxpraeiectus.
1436 1665 1473 1678 —
1495 1631 1528 1692 P.
1547 1633 1590 1710 lla
1605 1633 1769 1696 llonrruus
1783 1639 1893 1694 secret.

1189 1763 1267 1824 boec
1281 1765 1302 1842 †
1315 1765 1429 1844 sigilli.

1188 1913 1256 1990 52.
1283 1915 1362 1978 Cum
1390 1924 1513 1988 autern,
1542 1915 1621 1979 sieut
1652 1916 1895 1986 dilectuslilius
1922 1931 2128 1982 nurusmouxue-

1150 2008 1346 2071 Cberubinus
1362 2009 1399 2070 de
1416 2007 1527 2082 Noves,
1552 2007 1647 2070 irater
1660 2024 1804 2088 expresse
1826 2027 1895 2088 pro·
1914 1991 2127 2091 ῗῖιῗὲἓῗοξῃξξξζ

1148 2099 1245 2164 lessus
1272 2101 1393 2164 Ordinis
1422 2101 1580 2162 lllinorum
1612 2102 1714 2165 Sancti
1741 2103 1894 2166 Francisci
1914 2097 1977 2140 Μ·

1148 2193 1396 2272 Gapncciuorum
1424 2201 1675 2272 nuncupatorum
1697 2196 1731 2257 in
1758 2196 1893 2259 Romani

1148 2288 1240 2350 Curia
1271 2288 1539 2350 missionariorum
1568 2289 1727 2351 Gallorum
1754 2291 1894 2352 eiusdem

1147 2381 1269 2444 Ordinis
1291 2381 1324 2442 in
1347 2381 1520 2442 inlidelium
1539 2383 1676 2459 partibus
1692 2383 1894 2446 existentium

1147 2482 1339 2553 procurator,
1356 2475 1445 2536 nobis
1460 2475 1592 2536 subinde
1607 2477 1719 2554 exponi
1732 2475 1813 2552 iecit,
1829 2478 1894 2556 ipse

1147 2569 1306 2630 decretum
1318 2568 1508 2640 huiusmodi,
1524 2585 1586 2646 quo
1602 2569 1722 2631 tirmius
1735 2572 1892 2646 subsistat,

1147 2662 1326 2740 apostolicae
1348 2663 1592 2724 confirmationis
1618 2671 1741 2724 nostrae
1766 2667 1895 2742 patroci-

1147 2755 1199 2816 nio
1221 2754 1409 2816 communiri
1431 2754 1603 2832 plurimum
1625 2754 1793 2818 desideret:
1817 2757 1891 2834 Nos,

1145 2847 1308 2925 specialem
1320 2847 1376 2924 ipsi
1393 2847 1570 2910 llberubiuo
1585 2849 1714 2924 gratiam
1729 2848 1828 2911 iacere
1840 2867 1893 2912 vo-

1147 2941 1257 3015 lentes,
1280 2953 1445 3018 eumquea
1464 2940 1624 3018 quibusvis
1646 2945 1893 3006 exeommunica-

1147 3034 1239 3095 tiouis
1265 3042 1296 3095 el
1322 3033 1497 3108 interdicti,
1527 3034 1654 3113 aliisque
1682 3034 1892 3098 ecclesiasticis

1144 3127 1327 3201 sententiis,
1357 3127 1495 3188 censuris
1516 3133 1547 3188 et
1568 3129 1691 3205 poenis,
1714 3145 1730 3188 a
1752 3128 1820 3190 iure
1842 3129 1891 3190 vel

1144 3219 1182 3282 ab
1194 3220 1334 3294 bomine,
1354 3220 1462 3297 quavis
1474 3221 1631 3282 occasione
1646 3220 1696 3280 vel
1709 3222 1798 3282 causi
1810 3221 1889 3297 latis,

1144 3313 1168 3374 si
1196 3313 1308 3390 quibus
1330 3312 1560 3391 quomodolibet
1580 3313 1746 3376 innodatus
1774 3315 1889 3390 existit,

1143 3405 1179 3466 ad
1201 3406 1345 3470 ellectum
1368 3405 1579 3484 praesentium
1601 3407 1761 3468 dumtaxat
1784 3423 1892 3470 conse·

1143 3499 1316 3578 quendum,
1338 3499 1450 3560 barum
1462 3499 1541 3560 serie
1552 3498 1747 3560 absolventes
1757 3508 1788 3562 et
1805 3500 1889 3562 abso-

1143 3592 1244 3656 lulum
1260 3592 1326 3654 lore
1340 3598 1513 3665 censentes,
1529 3591 1804 3670 supplicationibus
1823 3593 1890 3655 eius

1142 3687 1269 3748 nomine
1292 3685 1381 3746 nobis
1401 3701 1493 3762 super
1514 3685 1572 3747 boe
1592 3683 1754 3748 humiliter
1768 3701 1889 3764 porrec-

1142 3780 1181 3840 tis
1203 3779 1356 3856 inclinati,
1378 3777 1540 3840 decretum
1567 3779 1814 3856 praeinsertum,
1837 3796 1890 3844 au·

1142 3873 1282 3934 ctoritate
1310 3870 1490 3951 apostolici,
1521 3880 1629 3932 tenore
1657 3873 1887 3948 praesentium,

1141 3965 1346 4044 approbamus
1359 3971 1390 4026 et
1411 3965 1644 4038 confirmamus,
1660 3963 1768 4042 illique
1791 3965 1890 4026 invio-

1142 4059 1243 4120 labilis
1273 4057 1453 4136 apostolicae
1482 4057 1638 4118 firmitatis
1667 4057 1761 4120 robur
1786 4058 1889 4119 adiici-

1142 4167 1228 4214 mus:
1258 4151 1341 4212 salvia
1373 4158 1477 4214 tamen
1505 4165 1628 4228 semper
1655 4152 1685 4210 in
1713 4151 1888 4227 praemissis

1141 4245 1321 4307 auctoritate
1342 4244 1512 4322 praedictae
1537 4243 1793 4320 congregationis
1817 4244 1887 4306 Car-

1141 4339 1303 4400 dinalium.

1181 4433 1199 4507 5
1220 4431 1249 4493 3.
1274 4431 1491 4506 llerernentes,
1510 4431 1632 4493 easdem
1647 4437 1822 4509 praesentes
1838 4431 1886 4494 lit·
1918 4503 1922 4512 ,
1940 4449 2118 4496 praesentium

1142 4535 1220 4587 teras
1246 4541 1371 4602 semper
1400 4524 1521 4599 firmas,
1551 4523 1664 4586 validas
1693 4532 1724 4586 el
1752 4526 1886 4588 efficaces
1906 4501 2052 4602 fflfffflm
2076 4504 2118 4550 ¹¹*

1140 4619 1273 4679 existere
1294 4623 1324 4678 et
1345 4616 1423 4692 lore,
1444 4632 1578 4693 suosque
1594 4614 1747 4693 plenarios
1762 4626 1792 4677 et
1808 4616 1886 4678 iute-

1140 4727 1211 4788 gros
1232 4709 1357 4772 elleelus
1377 4709 1483 4772 sortiri
1498 4718 1528 4770 et
1543 4709 1696 4784 oblinere,
1713 4727 1747 4770 ae
1761 4709 1799 4770 ab
1813 4708 1885 4784 illis,

1140 4805 1175 4866 ad
1198 4820 1273 4882 quos
1300 4811 1416 4881 speetat
1437 4809 1468 4862 et
1488 4817 1544 4879 pro
1566 4807 1705 4878 tempore
1726 4803 1883 4880 spectabit,

1140 4896 1363 4959 inviolabiliter
1392 4895 1571 4969 observari,
1604 4895 1708 4972 sicque
1737 4895 1769 4956 in
1801 4911 1886 4972 prae·

1141 4990 1240 5050 missis
1261 5005 1315 5066 per
1336 5003 1549 5066 quoscumque
1577 4987 1693 5048 ludices
1714 4987 1885 5048 ordinarios

1140 5093 1169 5143 et
1192 5083 1357 5159 delegatos,
1381 5083 1473 5143 etiam
1496 5098 1657 5144 causarum
1684 5081 1787 5160 palatii
1815 5095 1884 5158 apo-

1138 5175 1238 5236 stolici
1270 5176 1439 5248 auditores,
1478 5175 1603 5237 iudicari
1631 5182 1661 5236 et
1683 5173 1806 5236 deliniri
1835 5175 1885 5234 de·
1926 5235 1928 5240 ,

1140 5268 1223 5342 bere,
1246 5285 1279 5329 ae
1307 5268 1433 5330 irritum
1455 5276 1485 5329 et
1512 5269 1618 5342 inane,
1641 5268 1666 5328 si
1686 5283 1774 5328 secus
1793 5281 1886 5344 super

1140 5361 1186 5422 lais
1201 5379 1216 5421 a
1231 5377 1398 5439 quoquam,
1422 5362 1529 5440 quavis
1544 5362 1736 5435 auctoritate,
1752 5360 1885 5422 scienter

1139 5454 1190 5514 vel
1211 5455 1402 5530 ignoranter,
1423 5454 1587 5530 contigerit
1609 5453 1763 5514 attentari.

1179 5550 1197 5624 5
1218 5548 1247 5610 lt.
1272 5548 1340 5610 Non
1356 5549 1547 5610 obstantibus
1568 5546 1841 5610 constitutionibus
1856 5555 1886 5609 et
1952 5563 2117 5626 obstantium

1140 5642 1385 5703 ordinationibus
1416 5641 1611 5719 apostolicis,
1644 5658 1695 5715 ae,
1734 5650 1886 5718 quatenus
1906 5616 2045 5674 octogeno.

1140 5751 1216 5812 opus
1236 5735 1287 5810 sit,
1304 5751 1574 5814 quorumcumque
1595 5735 1757 5807 Ordinum,
1775 5741 1806 5795 et
1821 5733 1887 5794 aliis
