4836 6998
967 581 1164 628 Benedictus
1186 581 1255 628 xlll.

340 703 386 764 rio
408 703 552 766 ministro
578 703 715 780 genemli
742 703 895 782 praedicto
917 705 1010 766 totius
1030 701 1083 766 Or·

340 796 420 859 dinis
433 796 589 860 ldinorum
603 797 732 874 aliisque
745 795 933 860 secundariis
947 795 1084 874 superio·

340 889 424 952 ribus
445 889 624 954 conceditur
644 897 675 952 et
697 890 856 964 tribuitur,
873 888 1083 968 praesentium

341 992 450 1048 tenore
463 1001 528 1048 non
542 985 644 1048 solum
658 983 860 1062 approbamus
875 991 906 1046 et
919 984 1084 1046 confirma·

339 1091 426 1152 mus,
455 1093 567 1140 verum
595 1085 625 1140 et
653 1091 794 1140 concessa
820 1091 1023 1149 renovamus,
1051 1090 1084 1138 ac

339 1172 435 1234 robur
456 1179 621 1250 perpetuae
644 1170 797 1232 firmitatis
817 1169 958 1232 obtinere
973 1169 1084 1232 debere

339 1267 536 1330 decernimus
556 1273 587 1328 et
608 1265 802 1339 mandamus,
830 1264 986 1342 speciatim
1010 1277 1083 1324 vero

340 1376 417 1438 quae
440 1360 472 1422 in
494 1359 606 1420 litteris
627 1356 799 1420 innocentii
822 1357 917 1434 Papae
933 1356 984 1418 lll.
1009 1355 1083 1418 inci-

340 1454 507 1531 pientibus:
529 1453 603 1514 Vota
619 1452 802 1514 devotorum
817 1458 889 1525 etc,
906 1450 964 1512 sub
977 1451 1083 1512 datum

340 1547 486 1624 Lugduni
507 1547 608 1610 idibus
629 1545 708 1608 iunii
729 1559 879 1608 uccutvr.
904 1544 936 1606 in
951 1535 1017 1606 aliis
1031 1541 1084 1604 Ni-

340 1641 416 1721 colai
437 1640 489 1704 lv.
512 1640 749 1719 incipientibus:
772 1638 963 1718 [inigenitus
979 1635 1035 1699 Del
1050 1637 1086 1718 fi·

341 1736 406 1797 lius
427 1741 501 1808 ete,
520 1732 578 1795 sub
599 1735 706 1796 datum
727 1733 806 1812 apud
828 1733 1084 1794 Urbemreterem

341 1846 383 1890 v1.
402 1829 469 1890 idus
483 1827 618 1903 augusti,
635 1841 755 1888 mccxc.
775 1827 808 1888 in
823 1826 890 1890 aliis
905 1824 1028 1888 llartini
1044 1825 1081 1888 ll.

341 1920 578 2000 incipientibus:
602 1920 689 1980 Licet
711 1917 799 1980 inter
820 1925 924 1980 cetere
938 1925 1011 1994 etc,
1028 1918 1085 1980 sub

341 2017 448 2078 datum
469 2014 584 2078 Romae
605 2027 649 2074 m.
669 2012 839 2074 decembris
855 2027 1035 2086 ucnnxvn„
1053 2012 1085 2074 in

341 2109 407 2172 aliis
428 2107 506 2172 Sinti
528 2105 579 2168 lV.
603 2105 837 2183 incipientibus:
854 2104 991 2168 Romani
1006 2105 1086 2166 Pon-

342 2203 439 2282 tificis
460 2199 664 2278 providentie
684 2205 758 2274 ιιι,
779 2197 838 2260 sub
851 2198 957 2261 datum
972 2199 1085 2260 Romae

341 2309 433 2355 xvrn.
458 2291 603 2354 kalendas
624 2288 754 2350 ianuarii
776 2305 941 2362 uppusun,
964 2289 997 2352 iu
1020 2289 1086 2350 aliis

203 2357 206 2372 Ι
287 2421 291 2428 -
342 2386 510 2452 Alexandri
530 2386 626 2462 Papae
648 2381 699 2445 lll.
724 2382 941 2460 incipientibus
960 2383 1085 2459 Experti

342 2479 432 2544 nobis
462 2487 536 2552 etc,
564 2478 621 2540 sub
652 2477 757 2538 datum
788 2475 1085 2538 Romaenv1.maii

343 2591 412 2648 ιιι,
435 2574 467 2635 in
489 2573 555 2634 aliis
575 2569 644 2633 lulli
660 2569 695 2630 ll.
713 2569 940 2646 incipientibus:
959 2569 1086 2645 deperit

342 2667 431 2731 nobis
453 2665 578 2748 fecistis
600 2671 672 2732 etc..
691 2663 749 2724 sub
770 2661 877 2724 datum
898 2661 1010 2724 Romae
1033 2679 1082 2722 xv.

343 2761 474 2825 octobris
491 2775 608 2830 novin,
625 2758 657 2818 in
672 2755 738 2818 aliis
754 2755 865 2816 Leonis
882 2755 919 2816 ll.
938 2755 1089 2834 incipien-

345 2856 436 2918 tibus:
454 2849 681 2928 Superioribus
697 2847 806 2912 diebus
821 2855 893 2922 etc,
909 2848 967 2910 sub
982 2849 1088 2910 datum

343 2949 459 3009 Romae
479 2961 544 3006 xiv.
568 2943 640 3006 maii
663 2957 801 3016 univit,
825 2941 857 3004 in
872 2941 939 3002 aliis
953 2941 1088 3020 denique

343 3041 425 3104 beati
446 3039 489 3102 Pii
505 3039 599 3116 Papae
614 3036 651 3098 ll.
670 3036 899 3114 incipientibus:
919 3035 966 3098 Εα
980 3043 1026 3097 est
1043 3037 1089 3116 of-

342 3135 410 3215 ficii
431 3132 536 3194 nostri
558 3137 630 3205 etc,
652 3130 710 3192 sub
731 3131 838 3192 datum
859 3129 974 3192 Romae
988 3147 1016 3190 v.
1035 3145 1089 3190 no-

345 3241 399 3292 nas
420 3227 488 3290 iulii
515 3241 686 3298 unuxvnn,
714 3224 928 3298 continentur,
958 3223 1090 3284 auctori·

344 3330 407 3384 tate
426 3329 458 3384 et
480 3328 588 3382 tenore
615 3317 790 3397 praemissis
810 3317 848 3378 de
870 3333 950 3380 novo
977 3319 1088 3380 confir-

344 3430 466 3478 mamus
485 3421 518 3474 et
538 3425 733 3474 renovamus.

111 3569 156 3610 tur
173 3509 326 3609 gimeias&
385 3509 453 3584 56.
476 3505 679 3570 Eutendimus
707 3504 818 3568 deinde
839 3505 875 3567 ad
905 3505 1090 3568 universum

110 3627 170 3663 sum
189 3617 327 3680 sortiaris·
346 3603 442 3666 'Pertii
464 3600 585 3665 Ordinis
602 3613 730 3675 gregem
745 3615 959 3676 quaecumque
973 3609 1090 3678 aposto·

112 3670 326 3824 ’ἶξωὲᾞῇξῗξῖ
346 3697 401 3758 lica
422 3694 541 3758 indulta
562 3701 616 3756 aut
643 3691 806 3770 privilegia
833 3693 973 3769 regimen
993 3699 1026 3754 et
1047 3693 1092 3755 di·

125 3789 149 3840 ,u
172 3787 327 3840 uresprcmn·

110 3830 326 3984 Ξθὲἐῑὲξῇᾚιὲἓὲ
346 3881 397 3944 vel
414 3882 508 3943 altera
523 3879 764 3954 congregatione
780 3878 812 3940 in
828 3878 1005 3958 particulari
1019 3878 1091 3940 alias

112 3992 326 4102 gggffifgauone
346 3975 482 4052 vulgata,
506 3981 547 4047 et,
570 3973 740 4050 speciatim,
763 3989 841 4049 quae
858 3988 913 4050 pro
935 3971 1091 4034 Tertiariis

344 3789 518 3852 rectionem
538 3785 716 3848 huiusmodi
736 3785 943 3862 respicientia,
960 3801 1015 3864 pro
1029 3785 1091 3848 unt

344 4067 504 4134 Ferrarius
523 4067 555 4128 in
570 4065 752 4144 quibusdam
767 4065 889 4126 loannis
903 4065 936 4126 in
951 4065 1005 4126 sub
1020 4066 1090 4129 obe·

346 4160 460 4224 dientib
495 4159 661 4238 nuncupati
694 4158 816 4232 lllllll.,
850 4158 1088 4236 incipientibus:

349 4257 428 4317 Cum
449 4252 630 4332 privilegiis
646 4258 675 4314 ct
692 4251 811 4314 litteris
826 4251 1010 4328 apostolicis
1025 4267 1092 4314 orn-

347 4347 484 4428 bipitttr,
499 4345 558 4410 sub
572 4347 678 4408 datum
693 4344 849 4406 Bononiae
864 4359 928 4405 xvi.
947 4345 1091 4406 kalendas

345 4441 416 4506 iulii
437 4455 583 4513 nonum,
607 4447 637 4500 et
658 4437 724 4500 aliis
746 4437 789 4498 Pii
811 4437 846 4500 ll.
865 4453 920 4521 pro
935 4437 1091 4500 Tertiariis

262 4593 265 4600 .
347 4549 517 4611 regnorum
533 4531 691 4606 castellae,
707 4529 938 4609 incipientibus:
956 4531 1018 4594 Pio
1031 4531 1091 4593 Deo

346 4633 376 4688 et
399 4625 558 4688 Ecclesiae
583 4623 741 4686 desiderio
761 4631 835 4699 ete,
857 4625 915 4686 sub
935 4624 1041 4686 datum
1063 4642 1091 4686 a·

347 4721 408 4798 pud
429 4719 580 4782 abbatiam
602 4719 632 4782 S.
658 4717 822 4780 Salvatoris
845 4718 939 4780 Clusii
959 4735 1006 4780 ιιι.
1024 4718 1092 4780 idus

346 4812 413 4876 iulii
442 4828 599 4886 uentum,
629 4812 694 4873 aliis
723 4811 819 4874 etiam
847 4812 932 4873 Pauli
960 4811 1009 4874 lll.
1036 4828 1091 4890 pro

347 4905 504 4967 'lertiariis
516 4905 678 4966 universae
687 4905 849 4982 Hispaniae
861 4905 1088 4983 incipientibus:

347 4999 474 5076 disponi
496 4995 587 5059 nobis
609 5007 681 5071 etc,
703 4999 760 5060 sub
775 4999 879 5060 clatum
895 4999 1009 5060 Romae
1025 5015 1089 5060 xiv.

346 5100 423 5170 sept.
442 5107 628 5166 narravit,
643 5091 772 5168 aliisque
787 5091 924 5154 eiusdem
939 5091 1023 5152 Pauli
1039 5091 1088 5154 lll.

347 5185 491 5246 similiter
511 5200 566 5262 pro
591 5183 754 5262 Hispaniis,
783 5183 1019 5262 incipientibus:
1044 5184 1092 5248 Ad

347 5281 479 5358 {ructus
502 5275 611 5340 uberes
633 5283 704 5351 etc,
727 5277 784 5338 sub
805 5275 911 5338 datum
931 5277 1045 5339 llomae
1061 5296 1089 5338 v.

348 5387 446 5434 nonas
467 5369 534 5432 iulii
553 5385 697 5431 nnxnvn.
714 5370 826 5432 aeoliis
841 5370 1008 5432 Alexandri
1026 5370 1089 5433 llll.

348 5481 404 5543 pro
435 5463 575 5542 Hispanis
606 5463 845 5542 incipientibus:
881 5464 1008 5541 Ecponi
1039 5483 1094 5526 no·

349 5557 397 5622 bis
425 5564 497 5630 etc,
525 5557 584 5620 sub
612 5559 718 5620 datum
742 5557 858 5620 Romae
882 5573 993 5620 xxvnr.
1024 5559 1092 5622 iulii

350 5667 506 5726 senuvia,
521 5651 612 5714 sicuti
626 5659 657 5714 et
671 5651 737 5714 aliis
752 5652 925 5714 innocentii
941 5653 1019 5715 Xlll.
1038 5670 1093 5732 pro

349 5745 499 5820 Brasiliis,
529 5745 763 5824 incipientibus:
798 5746 930 5808 Ordines
957 5753 987 5808 et
1015 5749 1096 5810 Cori-

350 5839 550 5919 prepctioncs
572 5847 643 5915 etc,
665 5840 723 5902 sub
744 5840 850 5902 datum
868 5841 983 5902 Romae
999 5857 1091 5902 xxiii.

350 5933 479 5995 ianuarii
501 5949 691 6008 unccnxrv,
713 5933 794 5996 edita
815 5939 846 5995 et
863 5933 1014 6014 publicata
1029 5935 1093 5997 lue-

1805 565 1863 632 383
1914 563 1967 620 An.
1981 565 2012 620 O.
2033 565 2102 620 1725

1141 717 1186 775 re,
1208 701 1323 776 omnia,
1345 709 1377 764 et
1397 703 1511 764 similia
1531 704 1736 768 directionem
1758 710 1789 764 et
1804 703 1885 780 regi·

1140 809 1213 858 men
1242 795 1349 858 Ordini
1378 796 1508 860 fratrum
1537 797 1694 860 llinorum
1714 797 1885 860 attribuen-

1141 888 1192 963 ιιι,
1215 889 1376 968 apostolici
1398 891 1578 954 auctoritate
1599 893 1832 966 confirmantes,
1848 893 1883 954 ad

1140 997 1267 1058 gregem
1296 984 1397 1062 ipsum
1425 984 1608 1048 universum
1635 986 1832 1050 eutertdimus
1853 993 1884 1048 et

1139 1075 1331 1154 ampliamus.
1513 1081 1515 1086 ’

1179 1163 1248 1244 5'7.
1273 1171 1450 1236 blandamus
1481 1181 1640 1252 propterea
1672 1174 1827 1236 universis
1852 1181 1884 1238 ot
1929 1181 2115 1246 Praescribitur

1139 1262 1270 1340 singulis
1291 1265 1466 1328 huiusmodi
1489 1266 1624 1331 instituti
1649 1266 1882 1346 professoribus,
1904 1236 2044 1335 llsslllsn'a'n
2057 1239 2116 1334 Τοῖἷ

1139 1371 1194 1436 per
1208 1357 1391 1422 universum
1407 1361 1561 1422 mundum
1571 1361 1787 1436 existentibus,
1801 1377 1884 1440 prae·
1904 1346 2061 1450 {ssfivffi‘csi‘t
2077 1353 2117 1442 ‘1⁰5

1139 1449 1278 1513 sentibus
1306 1460 1337 1513 et
1359 1451 1489 1528 tuturis,
1519 1454 1741 1533 cuiuscumque
1769 1461 1883 1530 status,
1904 1450 2019 1506 ipsorum
2044 1447 2117 1496 ΟΜ*-

1406 1545 1436 1556 ..
1486 1547 1491 1557 .
1578 1547 1583 1556 .
1855 1547 1860 1558 ,
1904 1503 2117 1560 ntscoputmtut·

1140 1542 1251 1618 gradus
1271 1551 1303 1606 ιι
1324 1546 1509 1608 conditionis
1536 1553 1685 1622 existant,
1714 1565 1748 1611 ac
1769 1554 1831 1610 tam
1852 1565 1886 1610 m
1904 1559 1986 1603 strum
2011 1566 2116 1656 genem-

1140 1637 1261 1698 saeculo
1280 1637 1338 1700 sub
1358 1639 1482 1717 proprio
1514 1647 1593 1702 tecto
1614 1639 1664 1702 rel
1687 1641 1719 1702 in
1741 1640 1886 1718 coniugio
1904 1609 2118 1710 fflfftffin‘ffruqdss

1142 1729 1217 1807 ipso,
1244 1747 1337 1810 quam
1368 1731 1570 1810 collegialiter
1600 1734 1806 1811 congregatis,
1833 1742 1886 1798 aut

1141 1822 1235 1884 etiam
1256 1824 1313 1884 sub
1335 1824 1472 1888 clausura
1494 1827 1552 1888 sub
1574 1825 1672 1888 tribus
1690 1827 1770 1889 votis
1785 1843 1888 1890 essen·

1141 1915 1264 1978 tialibus
1286 1917 1481 1994 degentibus,
1504 1927 1552 1992 ut,
1574 1919 1664 1982 sicuti
1692 1935 1764 1983 cum
1785 1923 1886 2000 primo

1140 2015 1172 2069 et
1186 2010 1321 2072 secundo
1336 2011 1460 2086 Ordine,
1475 2012 1629 2076 llinorum
1643 2013 1760 2088 scilicet
1775 2024 1806 2077 et
1820 2015 1887 2080 Gla·

1142 2101 1301 2178 rissarum,
1322 2120 1422 2168 unum
1444 2113 1475 2167 et
1496 2107 1642 2170 eumdem
1663 2108 1885 2184 institutorem,

1141 2203 1298 2258 auctorem
1320 2208 1350 2260 et
1370 2198 1573 2276 patriarcham
1589 2200 1713 2275 habent,
1730 2202 1772 2262 ita
1788 2219 1887 2266 unum

1142 2296 1173 2351 et
1187 2291 1333 2352 eumdem
1349 2291 1510 2370 ipsiusmet
1524 2293 1695 2356 fundatoris
1711 2294 1888 2374 legitimum

1141 2399 1349 2446 successorem
1371 2385 1468 2446 veluti
1490 2395 1609 2464 patrem
1630 2395 1661 2449 et
1682 2395 1773 2464 caput
1796 2389 1889 2452 totius

1141 2477 1291 2553 seraphici
1306 2479 1421 2555 gregis,
1434 2487 1526 2557 atque
1538 2479 1634 2542 trium
1646 2481 1796 2544 Ordinum
1808 2483 1887 2544 beati

1142 2569 1294 2632 Francisci
1316 2571 1501 2650 primarium
1522 2574 1699 2649 generalem
1719 2575 1886 2652 honorent,

1142 2663 1308 2726 observent
1329 2673 1360 2727 et
1381 2674 1611 2743 recognoscant,
1633 2668 1761 2748 eiusque
1780 2687 1891 2734 secun-

1142 2757 1242 2818 darios
1269 2757 1442 2835 delegatos,
1474 2760 1541 2822 sive
1570 2762 1791 2838 provinciales,
1823 2763 1890 2826 sive

1144 2849 1338 2926 guardianos,
1361 2852 1527 2914 autetiam
1548 2855 1772 2916 commissarios
1788 2855 1889 2918 visita·

1144 2952 1237 3020 tores,
1255 2953 1411 3024 tamquam
1431 2963 1502 3008 suos
1521 2946 1677 3024 legitimos
1691 2954 1722 3009 et
1737 2963 1826 3010 veros
1839 2967 1889 3012 su-

1144 3037 1280 3116 periores
1301 3047 1504 3115 venerentur,
1527 3040 1604 3104 itaut
1627 3041 1762 3120 ipsorum
1778 3042 1890 3106 iudicio

1138 3119 1177 3192 in
1199 3132 1298 3194 dubiis
1319 3141 1350 3194 ιι
1370 3134 1589 3196 controversiis
1610 3135 1687 3198 circa
1704 3135 1845 3212 regulam
1859 3143 1890 3199 et

1145 3231 1310 3288 statuisse
1331 3225 1536 3301 coniorment,
1566 3235 1658 3306 atque
1679 3227 1711 3290 in
1734 3227 1770 3288 iis
1790 3228 1890 3290 omni-

1145 3316 1213 3393 bus,
1234 3334 1312 3396 quae
1332 3326 1527 3381 concernunt
1541 3319 1688 3382 Ordinem
1703 3321 1816 3399 ipsum,
1833 3337 1891 3384 nec

1146 3412 1271 3489 regulae
1290 3421 1364 3474 sunt
1378 3413 1542 3490 contraria,
1560 3411 1619 3476 illis
1635 3422 1762 3494 pareant
1776 3425 1807 3478 et
1821 3416 1891 3480 obe·

1145 3504 1247 3566 diant:
1278 3505 1359 3584 quod
1380 3507 1405 3568 si
1426 3523 1517 3570 secus
1544 3505 1687 3583 iecerint,
1709 3509 1747 3570 ab
1774 3509 1891 3574 eisdem

1145 3599 1255 3662 cassan
1276 3608 1367 3678 atque
1392 3599 1499 3662 nabitu
1527 3600 1651 3679 spoliari
1677 3601 1806 3680 possint,
1828 3603 1891 3664 imo

1146 3691 1241 3756 nullis
1262 3693 1391 3771 proinde
1413 3693 1636 3756 Tertiariornm
1658 3695 1764 3772 gratiis
1786 3703 1817 3757 et
1831 3697 1892 3774 pri-

1146 3785 1429 3862 vilegiisgaudere
1457 3786 1653 3850 decernimus
1679 3795 1709 3850 et
1735 3787 1888 3850 iubemus.

1147 3877 1214 3942 Non
1238 3879 1430 3942 intendimus
1456 3887 1558 3942 tamen
1580 3897 1636 3958 per
1656 3881 1713 3944 boc
1735 3881 1892 3943 Tertiariis

1147 3971 1339 4049 regularibus
1354 3971 1456 4034 ltaliae
1471 3973 1692 4052 praeiudicium
1707 3973 1828 4052 aliquod
1845 3975 1890 4035 in-

1147 4064 1239 4140 ierre,
1262 4073 1314 4128 aut
1336 4065 1369 4126 in
1391 4065 1493 4145 aliquo
1516 4068 1662 4144 derogare
1675 4067 1890 4130 constitutioni

1147 4158 1242 4220 felicis
1263 4159 1430 4220 memoriae
1452 4159 1530 4222 Sinti
1551 4160 1646 4239 Papae
1661 4159 1697 4224 v.
1720 4169 1893 4224 antecesso-

1148 4251 1189 4312 ris
1200 4254 1298 4314 nostri
1310 4251 1480 4330 incipienti:
1495 4251 1631 4316 Romani
1644 4253 1810 4332 Pontificio
1821 4271 1894 4334 pro-

1147 4345 1291 4410 cidentia
1323 4353 1396 4421 etc,
1428 4347 1486 4409 sub
1517 4347 1622 4410 datum
1653 4347 1767 4410 Romae
1799 4364 1889 4410 xxii.

1148 4439 1252 4500 martii
1273 4454 1461 4514 naturave,
1486 4441 1539 4502 sed
1561 4456 1629 4502 eam
1650 4441 1683 4503 in
1703 4458 1760 4504 suo
1781 4441 1892 4506 robore

1147 4549 1327 4612 permanere
1358 4534 1565 4609 decernimus,
1595 4533 1670 4610 imo,
1698 4550 1753 4614 pro
1781 4537 1893 4614 potiori

1147 4627 1276 4702 cautela,
1299 4628 1396 4706 ipsam
1424 4627 1526 4689 denuo
1554 4629 1784 4703 confirmamus,
1808 4628 1892 4692 idem

1147 4721 1276 4784 omnino
1296 4728 1467 4784 statuentes
1488 4720 1567 4783 circa
1582 4722 1734 4784 moniales
1749 4723 1807 4784 tria
1822 4731 1892 4786 vota

1146 4815 1319 4876 essentialia
1341 4815 1518 4876 emittentes
1539 4823 1592 4878 aut
1613 4815 1706 4877 etiam
1729 4816 1892 4878 Tertiarias

1147 4908 1219 4970 alias
1241 4909 1273 4970 in
1295 4909 1531 4970 conservatoriis
1545 4909 1754 4972 communiter
1770 4918 1891 4972 tantum

1148 5003 1301 5077 viventes,
1318 5011 1353 5064 ut
1366 5001 1491 5077 scilicet,
1508 5001 1600 5080 pleno
1615 5003 1693 5078 iure,
1710 5003 1891 5078 visitationi,
1940 5033 1948 5050 ν

1147 5096 1330 5160 correctioni
1351 5105 1381 5157 et
1402 5095 1566 5158 directioni
1588 5093 1719 5157 lratrum
1734 5095 1892 5158 blinorum
1931 5089 1934 5096 ’

1146 5190 1334 5264 subiaceant,
1357 5189 1416 5251 nisi
1436 5187 1527 5250 aliter
1547 5189 1584 5252 ab
1598 5189 1654 5250 bac
1669 5189 1746 5252 Sede
1761 5190 1894 5268 reperia-

1150 5291 1200 5345 tur
1219 5281 1392 5360 specialiter
1413 5283 1600 5344 ordinatum.

1187 5377 1206 5451 5
1226 5376 1255 5437 8.
1280 5375 1477 5453 iniungimus
1498 5383 1603 5438 autem
1633 5373 1734 5438 eidem
1756 5375 1893 5453 generali
1972 5396 2124 5462 consuitur

1149 5473 1290 5534 ministro
1313 5472 1408 5535 totius
1429 5471 1561 5545 Ordinis,
1578 5479 1624 5544 ut,
1640 5471 1720 5533 beati
1740 5472 1892 5535 Francisci
1912 5449 2123 5562 ffifflwssgaeffii

1148 5565 1316 5644 patrissui
1345 5565 1485 5642 vestigiis
1516 5565 1718 5639 inhaerendo,
1751 5565 1892 5640 ubilibet,
1912 5559 2127 5668 ssssfilssffffitssssf'

1149 5659 1230 5720 intra
1252 5659 1425 5737 provincias
1439 5675 1494 5738 per
1510 5659 1692 5720 universum
1708 5658 1820 5722 Orbem
1835 5658 1893 5721 eis·
1913 5665 2023 5712 ordire
2051 5676 2123 5724 pras·

1147 5754 1219 5814 dem
1240 5754 1427 5830 commissas,
1451 5752 1628 5816 huiusmodi
1653 5753 1750 5814 Tertii
1772 5752 1895 5816 Ordinis
1913 5720 1973 5766 ‘²²⁰'

1149 5846 1404 5924 congregationes
1438 5846 1627 5920 saeculares,
1665 5854 1728 5908 tam
1763 5845 1893 5908 fratrum

1149 5954 1241 6016 qnam
1268 5953 1421 6014 sororum,
1444 5955 1498 6018 per
1519 5945 1659 6020 patentes
1688 5939 1803 6004 litteras
1824 5957 1894 6004 suas
