4848 6990
332 527 386 584 An.
400 530 430 584 Ο.
452 531 520 584 1696

360 3186 500 3236 Clausulas.

331 4583 531 4646 Dercgutlocou·

316 4641 464 4685 tremorum.

574 531 632 596 lor

549 669 775 732 nonnullorum
788 683 828 730 ex
842 668 1070 732 venerabilibus
1082 667 1227 731 iratribus
1239 685 1293 732 uo-

548 764 620 826 stris
648 763 787 826 eiusdem
808 761 839 824 S.
863 762 898 823 R.
923 762 957 822 Ε.
981 761 1192 825 cardinalibus
1215 763 1293 826 Con-

548 856 736 933 gregationis
747 855 1053 933 Propagaudaemdei
1064 855 1197 931 negotiis
1207 871 1294 932 prae-

548 950 663 1028 positae
683 965 776 1027 super
796 949 888 1010 rebus
913 947 1059 1011 Sinarum
1080 965 1096 1008 a
1118 947 1206 1010 uobis
1227 963 1293 1026 spe-

547 1042 666 1104 cialiter
687 1043 904 1119 deputatorum
926 1041 1064 1116 consilio,
1085 1039 1208 1102 eosdem
1229 1057 1294 1101 mo-

547 1137 659 1199 dernos
680 1141 711 1197 et
731 1151 786 1213 pro
802 1143 940 1212 tempore
955 1135 1122 1196 existentes
1137 1133 1292 1212 brchiepi-

547 1243 672 1306 scopum
694 1227 887 1290 Goaneusem
902 1242 1025 1288 necnon
1039 1227 1293 1289 llacbaoneusem

548 1329 579 1383 et
599 1321 800 1384 llalacenseru
822 1321 986 1398 Episcopus
1010 1321 1121 1383 barum
1141 1319 1222 1381 serie
1242 1336 1292 1398 pa-

547 1422 636 1476 terne
658 1429 833 1489 monemus,
855 1413 962 1492 eisque
981 1413 1162 1476 auctoritate
1176 1419 1292 1490 aposto-

546 1508 601 1570 lica
623 1509 655 1570 in
676 1507 794 1569 virtute
823 1515 947 1569 sanctae
967 1506 1158 1568 obedientiae
1179 1506 1292 1582 praeci·

547 1601 650 1680 pimus
670 1605 700 1662 et
722 1601 915 1674 mandamus,
939 1607 973 1662 ut
1001 1599 1094 1660 dictas
1122 1598 1293 1662 Clementis

548 1694 786 1773 praedecessoris
818 1693 935 1754 litteras
956 1700 987 1754 et
1014 1693 1047 1754 in
1075 1693 1119 1754 eis
1147 1699 1293 1754 contenta

548 1803 772 1866 quaecumque,
795 1787 852 1849 sub
873 1787 979 1865 poeuis
1001 1787 1033 1847 in
1055 1785 1165 1848 litteris
1186 1785 1292 1846 huius-

547 1882 632 1944 modi
652 1881 813 1960 expressis,
829 1889 933 1942 exacte
952 1887 984 1940 et
1006 1878 1225 1941 inviolabiliter
1240 1877 1292 1938 ob-

548 1985 690 2052 servant,
719 1993 752 2037 ac
779 1974 935 2036 observari
962 1980 1072 2035 curent
1099 1979 1130 2033 et
1158 1971 1290 2047 laciant;

549 2070 686 2132 districte
716 2076 877 2147 propterea
909 2067 1083 2129 inhibentes
1109 2066 1163 2140 eis,
1186 2070 1217 2126 et
1238 2080 1292 2142 per

548 2162 629 2240 ipsos
650 2161 793 2224 omnibus
815 2160 940 2222 illorum
961 2159 1111 2221 ministris
1131 2165 1163 2219 et
1183 2156 1292 2218 officia·

548 2255 629 2317 libus
654 2270 850 2334 quocumque
878 2255 1007 2315 nomine
1034 2251 1229 2328 nuncupatis,
1252 2265 1292 2310 ue

549 2349 773 2427 inposterum,
799 2347 857 2409 sub
881 2345 991 2424 quovis
1018 2345 1156 2423 quaesito
1177 2342 1290 2413 colore,

548 2448 722 2519 praetextu,
745 2441 832 2503 causa
853 2440 902 2501 vel
924 2439 1091 2512 occasione,
1108 2434 1292 2498 exercitium

548 2534 768 2596 iurisdictionis
779 2535 961 2596 eorumdem
973 2531 1193 2610 Episcoporum
1204 2528 1291 2590 Vica-

548 2627 667 2689 riorum
686 2627 932 2704 Apostolicorum
954 2639 1126 2702 eorumque
1140 2621 1293 2700 operario·

548 2735 620 2783 rum
635 2721 667 2782 in
682 2721 787 2797 reguis
798 2720 905 2794 Siami,
919 2718 1111 2790 Cociuciuae,
1127 2715 1164 2778 de
1179 2715 1294 2779 Sciam·

547 2830 596 2892 pa,
620 2815 793 2890 Cambogia
817 2813 946 2890 aliisque
966 2809 1173 2873 adiacentibus
1186 2823 1292 2886 supra-

548 2909 647 2982 dictis,
670 2905 820 2986 impedire
840 2907 971 2967 audeant
995 2904 1104 2981 quovis
1125 2902 1216 2963 modo
1237 2914 1292 2961 seu

548 3008 764 3080 praesumant,
787 3001 884 3062 donec
903 2999 993 3059 aliter
1012 3015 1027 3059 a
1046 2996 1195 3076 praedicta
1214 2995 1291 3057 Con-

548 3097 728 3172 gregatione
755 3091 965 3157 cardinalium
986 3091 1079 3153 luerit
1100 3089 1288 3151 ordinatum.

588 3190 607 3263 ἓ
628 3189 657 3250 3.
674 3187 717 3249 dc
731 3188 944 3260 decernentes,
961 3184 1037 3261 ipsas
1052 3191 1228 3260 praesentes
1243 3181 1293 3242 lit-

548 3289 628 3344 teras
659 3283 775 3354 firmas,
806 3279 921 3342 validas
948 3285 979 3340 et
1000 3277 1134 3338 efficaces
1159 3275 1292 3336 existere

549 3381 579 3436 et
600 3374 676 3449 lore,
700 3389 834 3451 suosque
859 3371 1014 3451 plenarios
1034 3376 1065 3431 et
1090 3369 1228 3444 integros
1249 3365 1291 3428 el-

548 3469 646 3530 lectus
676 3466 780 3528 sortiri
801 3473 832 3527 et
861 3465 1016 3538 obtinere,
1042 3463 1148 3540 sicque
1175 3468 1206 3523 et
1228 3476 1291 3521 nou

547 3560 637 3622 aliter
658 3561 690 3622 iu
711 3558 887 3638 praemissis
907 3575 962 3636 per
983 3571 1196 3636 quoscumque
1214 3553 1291 3616 iudi-

549 3669 598 3715 ces
612 3653 781 3715 ordinarios
796 3659 827 3713 et
841 3652 1007 3726 delegatos,
1024 3650 1117 3710 etiam
1131 3662 1291 3710 causarum

548 3746 653 3825 palatii
673 3745 828 3824 apostolici
853 3745 1022 3818 auditores,
1045 3742 1181 3819 aliosque
1202 3757 1292 3819 quos-

548 3839 623 3901 libet
655 3853 850 3918 quacumque
880 3835 1124 3916 praeeminentil
1151 3842 1182 3896 et
1208 3842 1293 3911 pote-

547 3941 626 3996 state
646 3933 812 4010 iungentes
833 3939 864 3994 et
885 3931 1055 4004 iuncturos,
1072 3928 1189 3992 sublata
1204 3927 1247 3989 eis
1262 3932 1292 3987 et

549 4043 658 4089 eorum
685 4026 811 4088 cuilibet
839 4025 945 4103 quavis
970 4023 1059 4086 aliter
1085 4021 1240 4085 iudicandi
1262 4028 1292 4082 et

548 4119 771 4198 interpretandi
791 4117 934 4180 facultate
956 4125 985 4178 et
1006 4117 1198 4190 auctoritate,
1214 4115 1292 4178 iudi-

548 4213 610 4274 cari
630 4221 661 4274 et
676 4212 799 4274 deliniri
813 4211 935 4285 debere,
952 4227 985 4272 ac
1000 4210 1126 4272 irritum
1141 4216 1172 4270 et
1186 4209 1291 4281 inane,

547 4305 574 4367 si
593 4321 681 4368 secus
701 4321 794 4383 super
814 4305 862 4366 bis
882 4320 899 4364 a
920 4317 1086 4382 quoquam,
1102 4301 1209 4380 quavis
1224 4317 1293 4363 auc-

549 4399 684 4472 toritate,
699 4397 832 4460 scienter
853 4397 903 4458 vel
918 4398 1110 4473 ignoranter,
1127 4393 1293 4471 contigerit

548 4491 703 4554 attentari.
1213 4517 1215 4524 ,

562 4584 658 4660 gl.
683 4583 751 4646 Non
780 4583 968 4645 obstantibus
993 4579 1179 4660 apostolicis,
1206 4596 1238 4640 ao
1260 4579 1292 4638 in

549 4677 775 4740 universalibus
796 4674 1095 4755 provincialibusque
1115 4679 1146 4734 et
1163 4673 1293 4751 synoda-

549 4771 630 4834 libus
651 4771 786 4833 conciliis
811 4769 912 4843 editis,
935 4767 1129 4844 generalibus
1155 4766 1205 4828 vel
1226 4781 1292 4844 spe·

547 4865 675 4926 cialibus
695 4861 967 4926 constitutionibus
986 4868 1016 4922 et
1037 4859 1291 4931 ordinationibus,

548 4973 672 5020 necnon
686 4955 856 5036 quibusvis,
873 4954 966 5016 etiam
981 4954 1166 5026 iuramento,
1182 4952 1293 5013 coufir-

548 5052 685 5112 maticne
699 5047 872 5128 apostolici,
888 5048 939 5110 vel
954 5047 1061 5126 quavis
1076 5045 1221 5107 firmitate
1235 5043 1293 5104 alid

548 5143 711 5218 roboratis
733 5141 855 5204 statutis
877 5147 908 5202 et
929 5138 1214 5213 consuetudinibus,
1232 5136 1292 5216 pri-

550 5236 670 5313 vilegiis
691 5249 824 5313 quoque,
848 5233 976 5295 indultis
996 5239 1027 5295 et
1048 5231 1158 5294 litteris
1176 5237 1292 5309 aposto-

549 5327 614 5390 licis
635 5330 668 5390 iu
688 5329 879 5391 contrarium
906 5326 1145 5406 praemissorum
1166 5339 1295 5403 quomo-

549 5421 664 5483 dolibet
684 5421 846 5495 concessis,
868 5419 1056 5483 confirmatis
1071 5425 1101 5480 et
1118 5417 1291 5492 innovatis;

549 5515 661 5592 quibus
682 5515 827 5576 omnibus
848 5523 878 5576 et
898 5513 1041 5590 singulis,
1063 5511 1190 5573 illorum
1206 5519 1292 5572 teno-

549 5623 599 5669 res
619 5609 832 5686 praeseutibus
853 5623 908 5686 pro
935 5607 1026 5685 plene
1047 5614 1078 5668 et
1104 5603 1293 5667 sufficienter

549 5700 700 5778 expressis
721 5717 753 5762 ac
773 5699 811 5762 de
831 5701 926 5762 verbo
948 5701 983 5765 ad
1004 5699 1136 5760 verbum
1167 5698 1292 5760 insertis

590 5913 620 5968 (l)
635 5914 672 5956 Ex
686 5911 826 5959 Tabulurio
840 5917 916 5970 cong.
932 5913 963 5958 de
978 5917 1051 5970 Prop.
1067 5913 1135 5959 Fide.

1076 551 1140 594 litu.
1165 550 1255 595 ΡΟΝΤ.
1280 552 1321 597 nl:
1342 553 1371 596 P.
1394 553 1423 597 F.
1448 553 1530 598 PARS
1553 553 1573 596 l.

1350 669 1510 743 habentes,
1527 669 1586 730 illis
1607 669 1678 730 alias
1700 670 1733 731 in
1754 687 1811 732 suo
1831 671 1942 734 robore
1955 688 2096 751 perman·

1349 763 1441 835 suris,
1458 763 1493 822 ad
1515 762 1753 840 praemissorum
1775 764 1931 838 ellectum,
1954 766 2009 828 hac
2030 766 2096 828 vioe

1350 856 1524 928 dumtaxat,
1553 855 1726 934 specialiter
1751 863 1782 918 et
1803 873 1946 936 expresse
1971 859 2095 934 deroga·

1350 963 1436 1024 mus;
1458 949 1630 1026 ceterisque
1651 950 1814 1011 contrariis
1835 951 2093 1030 quibuscumque.

1391 1045 1502 1102 ilatum
1526 1040 1656 1116 Romae,
1686 1044 1764 1120 apud
1790 1043 1820 1106 S.
1851 1044 1975 1106 llariam
2004 1045 2095 1108 blaic·

1350 1149 1428 1208 rern,
1451 1134 1508 1196 sub
1530 1133 1644 1195 annulo
1665 1133 1837 1211 Piscatoris,
1853 1136 1903 1198 die
1917 1152 1996 1199 xxn.
2013 1146 2096 1200 octo-

1350 1227 1412 1289 bris
1434 1244 1600 1302 uocxcvr,
1623 1228 1816 1304 pontificatus
1839 1231 1937 1292 nostri
1953 1247 2035 1294 anno
2050 1250 2092 1294 vr.

1603 1373 1842 1386 Ἦ

1683 1471 1764 1534 xvl.

1352 1602 1502 1666 Dcclcrot
1522 1621 1656 1684 reprom
1676 1607 1816 1669 Tnolcini
1831 1613 2017 1684 reparatum
2032 1623 2095 1668 erra

1388 1698 1562 1760 odloccera'
1592 1698 1815 1762 Mordooneost'
1844 1707 1939 1778 atquc
1965 1697 2004 1763 ob
2026 1701 2095 1762 eirca

1390 1790 1619 1852 iurisdictione
1639 1799 1820 1868 coemptum
1841 1793 1853 1872 (
1874 1791 1896 1870 ).

1521 1958 1774 2028 lddocfitlltus
1792 1961 1853 2028 ΡΡ.
1869 1960 1925 2028 llll.

1489 2080 1526 2148 ad
1548 2081 1677 2150 loturam
1706 2083 1749 2150 rei
1772 2083 1952 2152 memoriam.

1388 2255 1407 2329 ἓ
1431 2256 1457 2316 l.
1483 2255 1529 2316 Ex
1550 2257 1728 2318 commissae
1751 2259 1839 2320 nobis
1861 2259 2011 2322 divinitus
2025 2274 2094 2336 apo-

1348 2348 1472 2410 stolicae
1485 2350 1644 2412 servitutis
1656 2367 1787 2414 munere
1799 2351 2025 2412 venerabilium
2036 2351 2094 2412 lra-

1349 2448 1433 2502 trum
1455 2442 1675 2521 Episcoporum
1697 2443 1889 2506 Vicariorum
1908 2443 2095 2522 Apostolico-

1349 2551 1421 2596 rum
1442 2535 1475 2596 in
1495 2551 1593 2612 regno
1608 2536 1755 2598 lunkino
1770 2537 1807 2598 ab
1822 2537 1876 2600 hac
1891 2537 2002 2600 Sancti
2017 2539 2096 2602 Sede

1348 2627 1567 2705 deputatorum
1588 2645 1761 2708 eorumque
1781 2632 1992 2709 operariorum
2009 2633 2095 2710 quie-

1349 2721 1384 2795 ti,
1407 2729 1559 2798 quautum
1580 2722 1668 2783 nobis
1689 2739 1727 2784 ex
1742 2723 1802 2786 alto
1816 2723 2006 2799 conceditur,
2022 2741 2094 2786 con·

1348 2813 1461 2889 solere,
1483 2816 1758 2894 contentionesque
1779 2833 1992 2895 omnesquae
2011 2818 2095 2880 inter

1349 2903 1428 2984 ipsos
1450 2915 1480 2969 et
1506 2908 1716 2970 venerabilem
1748 2909 1876 2972 tratrem
1907 2911 2095 2973 modernum

1348 3014 1401 3060 scu
1433 3015 1489 3076 pro
1520 3009 1661 3078 ternpore
1691 3003 1877 3064 existentem
1909 3003 2094 3081 Episcopum

1348 3092 1601 3156 Machaouensem
1622 3094 1750 3174 eiusque
1765 3095 1922 3156 ministros
1937 3103 1968 3157 et
1983 3095 2094 3159 officia-

1349 3185 1393 3245 les
1414 3201 1625 3265 quosoumque
1655 3187 1741 3260 oriri,
1765 3205 1888 3250 necnon
1919 3189 2094 3251 maximum

1348 3277 1516 3342 catholicae
1551 3279 1621 3342 lidei
1656 3281 1902 3359 christianaeque
1932 3281 2094 3359 religionis

1349 3372 1558 3447 propagationi
1590 3373 1850 3450 impedimentum
1881 3373 2000 3436 adferre
2027 3391 2096 3454 pos-

1347 3473 1428 3538 sent,
1451 3464 1590 3526 emedio
1622 3465 1732 3528 tollere
1762 3467 1934 3545 cupientes,
1957 3467 1994 3529 de
2015 3484 2094 3531 non·

1348 3555 1510 3618 nullorum
1526 3573 1565 3618 ex
1580 3558 1805 3621 venerabilibus
1820 3558 1965 3623 iratribus
1980 3562 2094 3623 nostris

1349 3647 1380 3711 S.
1403 3649 1439 3710 R.
1463 3650 1499 3712 E.
1524 3651 1733 3713 cardinalibus
1761 3653 2016 3729 congregationis
2040 3671 2095 3716 ne-

1349 3743 1438 3818 gotiis
1459 3743 1673 3823 Propagandae
1692 3746 1776 3808 Fidei
1798 3747 1986 3824 praepositae
1999 3765 2095 3826 super

1348 3835 1439 3897 rebus
1461 3835 1607 3899 Sinarum
1629 3854 1645 3897 a
1667 3837 1753 3900 nobis
1774 3839 1947 3916 specialiter
1968 3841 2095 3919 deputa·

1348 3935 1452 3989 torum
1483 3930 1622 4004 consilio,
1646 3945 1778 4006 regnum
1807 3931 1947 3993 lunkini
1978 3933 2096 4011 praela·

1350 4028 1418 4081 tum
1448 4039 1463 4081 a
1495 4021 1625 4084 dioecesi
1661 4024 1874 4085 Machaoneusi
1908 4027 2031 4102 penitus
2063 4035 2094 4090 et

1348 4114 1477 4174 omniuo
1494 4123 1669 4191 separatum
1691 4133 1724 4178 ac
1746 4115 1955 4194 independens
1975 4133 2042 4180 esse
2064 4129 2095 4182 et

1349 4205 1474 4280 [oreae
1495 4209 1624 4285 proinde
1640 4209 1824 4288 Episcopum
1839 4211 2095 4274 llacbaouensem

1348 4299 1559 4378 supradictum
1579 4301 1710 4379 eiusque
1732 4303 1889 4364 ministros
1906 4310 1936 4364 et
1951 4303 2095 4367 officiales

1349 4392 1501 4468 quoslibet
1522 4411 1718 4473 quocumque
1744 4397 1872 4457 nominc
1901 4405 2095 4477 nuncupatos

1350 4501 1413 4546 non
1436 4502 1523 4564 posse
1544 4505 1601 4550 nec
1622 4489 1745 4565 debere,
1761 4489 1819 4553 sub
1833 4493 1943 4569 quovis
1957 4494 2094 4570 quaesito

1348 4578 1462 4653 colore,
1485 4589 1658 4658 praetextu,
1680 4585 1768 4645 causai
1788 4583 1839 4646 vel
1860 4584 2027 4660 occasione,
2048 4587 2095 4650 ul·

1349 4670 1394 4730 los
1415 4671 1448 4732 iu
1470 4688 1506 4734 eo
1534 4673 1790 4738 iurisdictionales
1821 4684 1905 4740 actus
1937 4693 2092 4754 exercere,

1348 4765 1529 4828 auctoritate
1549 4767 1720 4846 apostolica,
1739 4777 1847 4832 tenore
1868 4772 2092 4850 praesentium,

1349 4858 1545 4922 decernimus
1576 4869 1606 4923 et
1638 4862 1842 4940 declaramus3
1874 4864 1956 4925 salvi
1988 4872 2093 4927 tamen

1349 4969 1469 5030 semper
1491 4953 1522 5014 in
1543 4955 1715 5032 praemissis
1739 4956 1919 5018 auctoritate
1941 4972 2095 5019 memora·

1349 5052 1398 5106 tae
1420 5047 1674 5122 congregationis
1697 5048 1914 5110 cardinalium.

1389 5139 1407 5212 ἓ
1428 5139 1458 5199 2.
1481 5139 1686 5202 Decerueutes
1708 5141 1833 5219 pariter,
1852 5143 1930 5221 ipsas
1951 5157 2095 5221 praeseu-

1349 5237 1395 5292 tes
1413 5231 1540 5306 litteras,
1557 5231 1671 5306 firmas,
1689 5233 1802 5296 validas
1822 5243 1854 5297 et
1875 5235 2009 5298 eillcaces
2024 5236 2094 5300 exi-

1349 5331 1428 5386 stere
1455 5331 1486 5386 et
1513 5323 1595 5398 iore,
1624 5340 1757 5404 suosque
1786 5327 1937 5405 plenarios
1961 5336 1993 5389 et
2014 5329 2094 5390 inte·

1350 5435 1420 5495 gros
1447 5418 1572 5480 ellectus
1592 5418 1695 5479 sortiri
1716 5427 1747 5480 et
1771 5419 1921 5495 obtinere,
1948 5437 1981 5482 ac
2006 5421 2093 5483 Vica-

1348 5512 1402 5573 riis
1423 5511 1602 5590 Apostolicis
1624 5510 1765 5588 praelatis
1786 5513 1818 5575 in
1833 5513 1978 5576 omnibus
1993 5521 2023 5576 et
2038 5531 2093 5594 per

1349 5605 1452 5666 omnia
1467 5603 1646 5682 plenissime
1666 5605 1837 5682 suffragari,
1853 5621 1886 5666 ac
1907 5605 1944 5668 ab
1965 5606 2036 5681 illis,
2055 5607 2092 5668 ad

1348 5713 1425 5775 quos
1445 5704 1559 5776 spectat
1581 5704 1610 5758 et
1633 5713 1687 5774 pro
1710 5705 1850 5778 tempore
1870 5699 2028 5778 spectabit,
2044 5700 2091 5761 in-

2126 539 2175 593 Au.
2189 546 2215 598 d.
2234 549 2290 605 teto
2377 581 2378 584 ¹

2139 2267 2268 2316 beclarado
2279 2277 2303 2317 ut

2114 2321 2141 2366 in
2160 2322 2257 2370 rubrlcl.

2138 5148 2269 5196 Clausulas
