4836 6998
330 1063 497 1110 Prooemium.

1067 550 1132 596 lUll·
1158 551 1248 597 PONE.
1272 551 1313 597 DE
1334 549 1363 597 1³.
1387 548 1416 598 ti.
1441 550 1523 599 PARS
1545 553 1566 598 Ι.

708 715 951 787 Benedictus
969 718 1028 786 ΡΡ.
1045 717 1114 786 lllll.

656 855 693 922 ad
715 862 888 940 perpetuam
912 857 954 923 rei
982 857 1161 925 memoriam.

574 1048 718 1111 Debitum
740 1047 898 1126 pastoralis
920 1046 1026 1120 cilicii,
1049 1063 1110 1125 quo
1132 1046 1285 1109 Ecclesiae

533 1144 698 1206 catholicae
719 1143 957 1218 adstringimur,
981 1157 1036 1202 nos
1058 1143 1213 1215 admonet,
1237 1149 1282 1215 ut,

533 1246 693 1315 paternam
715 1235 966 1298 cbristilidelium
988 1235 1101 1298 divinis
1129 1235 1284 1312 obsequiis

1344 673 1480 734 tutiones
1495 672 1643 751 praelatas
1658 673 1839 751 apostolicae
1851 673 2096 737 confirmationis

1343 776 1467 828 nostrae
1489 768 1600 829 robore
1620 767 1809 832 communiri
1825 784 2024 846 summopere
2044 770 2095 832 de-

1342 857 1494 920 siderent:
1513 861 1601 922 nobis
1613 867 1775 939 propterea
1786 861 1933 940 praedicti
1948 862 2094 940 Iosephus

1342 958 1373 1012 et
1386 952 1571 1014 Emmanuel
1587 952 1750 1015 humiliter
1763 955 1928 1033 supplicari
1938 953 2092 1030 iecerunt,

1342 1052 1377 1106 ut
1399 1045 1431 1106 in
1446 1047 1619 1123 praemissis
1639 1054 1814 1124 opportune
1828 1047 1993 1125 providere
2013 1055 2043 1110 et
2059 1055 2094 1110 ut

1342 1137 1421 1198 inira
1451 1139 1615 1215 indulgere
1641 1138 1680 1200 de
1706 1140 1898 1216 benignitate
1928 1141 2093 1219 apostolica

1342 1231 1554 1308 dignaremur.

2128 538 2182 592 An.
2196 542 2230 596 O.
2254 545 2322 597 1730

1380 1325 1449 1398 52.
1474 1325 1536 1387 Nos
1558 1325 1666 1402 igitur,
1684 1327 1763 1406 ipsos
1785 1327 1950 1406 losepbum
1972 1333 2003 1388 et
2018 1329 2091 1389 Em·
2159 1335 2329 1400 coanmauo

1340 1418 1519 1480 manuelem
1544 1420 1725 1498 specialibus
1751 1421 1906 1482 iavoribus
1926 1428 1957 1484 et
1983 1421 2090 1496 gratiis
2109 1390 2329 1492 sslffigffissfffl
2408 1455 2409 1468 ¹

1340 1512 1484 1589 prosequi
1517 1513 1675 1588 volentes,
1689 1508 1896 1591 ‘illorumque
1916 1513 2090 1590 singulares
2109 1497 2329 1604 {ssfflfflffifflf'

531 1331 589 1392 sub
621 1330 707 1391 suavi
736 1329 896 1404 religionis
927 1328 1001 1404 iugo
1034 1328 1280 1406 mancipatorum

532 1440 638 1485 curam
660 1430 816 1499 gerentes,
832 1437 866 1482 ea
888 1437 966 1498 quae
980 1436 1036 1498 pro
1058 1420 1139 1481 felici
1160 1436 1283 1498 prospe-

532 1531 630 1596 roque
651 1532 761 1577 eorum
782 1523 863 1577 statu
885 1522 915 1574 ot
936 1514 1091 1590 regimine
1106 1532 1121 1574 a
1136 1514 1283 1575 llomanis

197 2111 200 2128 .
300 2091 428 2146 Expositie
443 2091 511 2139 lacti.

533 1609 732 1670 Ponticidbns
761 1607 1043 1687 praedecessoribus
1071 1606 1183 1667 nostris
1213 1622 1282 1684 pro-

532 1705 603 1765 vide
624 1704 789 1765 constituta
812 1717 877 1762 esse
897 1707 1081 1774 noscuntur,
1098 1711 1132 1762 ut
1148 1701 1235 1760 lirma
1250 1708 1281 1760 et

531 1797 646 1858 illibata
662 1796 842 1874 persistant,
860 1794 1015 1871 apostolici
1028 1793 1211 1854 muniminis
1227 1809 1281 1854 no-

531 1889 588 1951 stri
609 1889 759 1968 praesidio
781 1888 924 1961 libenter,
943 1902 1015 1948 cum
1031 1886 1058 1946 id
1074 1903 1089 1946 a
1106 1887 1194 1948 nobis
1206 1886 1282 1965 peti·

531 1991 601 2057 tur,
624 1983 816 2044 roboremus.

570 2075 589 2149 ὃ
613 2076 639 2136 l.
664 2076 742 2137 Cum
764 2075 884 2151 itaque,
900 2073 979 2136 sicut
1000 2073 1103 2135 dilecti
1126 2072 1181 2134 lilii
1203 2073 1280 2133 lose-

530 2169 608 2248 plrus
629 2168 668 2230 de
688 2169 781 2230 blusso
803 2175 834 2228 et
857 2167 1040 2228 Emmanuel
1063 2167 1101 2227 de
1122 2165 1278 2239 llicunna,

529 2263 638 2324 iratres
673 2277 815 2339 expresse
846 2260 972 2339 professi
1003 2277 1036 2322 ac
1064 2268 1278 2338 procuratores

527 2355 705 2434 provinciae
727 2354 757 2416 S.
782 2353 883 2414 Didaci
912 2352 1088 2415 blexicanae
1110 2354 1142 2414 in
1165 2353 1276 2427 indiis,

525 2450 592 2510 sive
613 2447 697 2509 Nova
719 2447 872 2525 Hispania,
893 2447 1014 2509 Ordinis
1030 2446 1186 2509 blinorum
1201 2447 1277 2510 San-

527 2543 567 2603 cti
588 2541 740 2603 Erancisci
757 2542 793 2602 de
809 2539 1010 2602 Obseruantia
1025 2540 1276 2602 Excalceatorum

527 2643 798 2713 nuncupatorum,
821 2633 909 2694 nobis
936 2649 1036 2712 nuper
1058 2634 1171 2712 exponi
1199 2633 1276 2695 iece-

526 2736 619 2803 runt,
656 2728 758 2806 plures
788 2729 908 2790 litterae
941 2728 1007 2788 sive
1039 2727 1276 2790 constitutiones

526 2822 707 2900 apostolicae
727 2821 858 2882 diversis
880 2821 1071 2899 temporibus
1093 2837 1146 2898 pro
1160 2821 1274 2882 salubri

525 2916 733 2994 praelatorum
755 2913 878 2977 Ordinis
895 2921 926 2974 et
941 2915 1118 2992 provinciae
1133 2915 1275 2976 directio-

526 3025 565 3070 ne
587 3008 811 3083 emanaverint,
832 3021 944 3084 nempe
959 3007 1048 3068 binae
1063 3007 1160 3069 ielicis
1174 3023 1276 3069 recor-

525 3104 657 3165 dationis
672 3102 761 3164 Pauli
771 3101 820 3176 l'.,
837 3101 886 3162 die
899 3117 966 3162 xrx.
980 3101 1084 3179 aprilis
1099 3117 1272 3177 nocuum,

525 3212 659 3272 quarum
674 3196 800 3257 initium
813 3201 858 3256 est
871 3195 962 3256 Alide
977 3213 996 3256 a
1009 3195 1113 3273 [elicis
1129 3197 1275 3258 recordo-

526 3291 720 3360 lectalecta,
744 3297 774 3350 et
799 3287 928 3349 Dudum
956 3289 1100 3368 apelict's
1129 3290 1275 3352 recorda-

525 3383 623 3446 tionis
645 3391 719 3456 etc,
741 3399 833 3460 super
855 3382 1012 3444 erectione
1029 3382 1127 3444 dictae
1148 3384 1273 3462 provin-

453 3475 455 3478 ’
524 3477 599 3550 ciae,
629 3493 662 3538 ac
691 3476 878 3554 respectivae
908 3475 1078 3553 privilegiis
1100 3485 1131 3538 et
1151 3478 1273 3539 statutis

524 3570 657 3632 iratrum
679 3571 750 3632 dicti
772 3569 905 3644 Ordinis,
926 3570 1020 3631 altera
1043 3571 1158 3632 Urbani
1180 3571 1271 3646 vlit,

523 3664 573 3725 die
588 3679 668 3724 xxn.
682 3663 832 3742 septemb.
848 3677 1006 3738 vacnum,
1019 3663 1171 3740 incipiens
1183 3663 1272 3726 Alide

522 3773 580 3834 pro
601 3757 690 3837 felici
708 3764 780 3831 etc,
803 3757 914 3834 quibus
936 3756 1087 3818 eiusmodi
1109 3757 1272 3834 privilegia

523 3851 750 3912 confirmantur
761 3858 792 3911 et
803 3856 915 3911 statuta
929 3848 1134 3924 declarantur,
1148 3865 1271 3911 necnon

522 3943 578 4004 alia
595 3943 764 4006 Clementis
777 3943 829 4018 tl„
843 3943 890 4005 die
903 3959 969 4003 xxx.
987 3942 1067 4004 iunii
1083 3959 1269 4020 noemmin,

521 4053 599 4116 quae
611 4035 926 4116 incipiuntllbcpcrio
937 4036 1268 4115 congregationemr„

521 4148 554 4194 ac
568 4131 705 4208 reliquae
718 4131 886 4192 Clementis
900 4131 954 4192 lli.
968 4129 1179 4192 Romanorum
1192 4131 1270 4192 Pon-

519 4225 640 4286 tilicum
655 4225 905 4301 predecessorum
920 4232 1099 4286 nostrorum
1115 4225 1163 4288 die
1180 4241 1267 4286 xxxv.

520 4319 698 4379 novembris
713 4333 849 4391 nuccio,
867 4333 997 4394 quarum
1016 4318 1128 4394 pariter
1143 4318 1267 4382 initium

518 4421 566 4472 est
589 4411 721 4472 Aliaeu
743 4413 846 4491 sel-icis
869 4411 1103 4472 recordationis
1123 4421 1194 4486 eto,
1210 4414 1269 4474 cir-

519 4521 552 4566 ca
583 4507 728 4590 quasdam
760 4520 853 4582 super
888 4505 1098 4582 praecedentia
1132 4505 1268 4584 aliasque

519 4597 744 4660 controversias
765 4598 879 4673 editae3
906 4585 1023 4658 iratres
1039 4598 1177 4660 eiusdem
1198 4615 1266 4677 pro-

518 4691 637 4751 vinciae
660 4707 803 4766 magnam
826 4691 1037 4754 difficultatem
1064 4701 1266 4767 agnoscentes

518 4783 700 4846 recurrendi
711 4785 745 4846 ad
760 4784 903 4846 Sanctam
916 4785 1038 4860 Sedem,
1051 4786 1103 4848 ubi
1117 4786 1218 4864 aliqua
1232 4787 1264 4848 in

517 4877 595 4939 dicta
623 4877 781 4954 provincia
809 4879 946 4956 quaestio
977 4889 1029 4941 aut
1056 4880 1266 4941 controversia

517 4969 624 5032 incidit
645 4969 743 5030 aliave
771 4970 905 5031 occurrit
933 4971 1111 5046 necessitas,
1139 4979 1265 5050 propter

516 5063 645 5124 nimiam
673 5062 762 5139 regni
789 5062 941 5125 llexicani
965 5082 981 5124 a
1009 5064 1100 5126 Curia
1129 5065 1264 5126 Romana

516 5158 703 5230 distantiam,
725 5157 884 5234 simulque
905 5157 1091 5218 exactiorem
1113 5157 1263 5218 eiusmodi

515 5249 692 5312 litterarum
713 5249 779 5311 sive
800 5249 1059 5311 constitutionum
1087 5248 1265 5328 apostolica-

515 5359 587 5406 rum
601 5343 829 5405 observantiam
844 5343 936 5404 enixe
951 5349 1143 5420 exoptantes,
1156 5342 1191 5404 ad
1207 5341 1264 5404 boc

515 5437 606 5498 etiam
634 5446 669 5499 ut
696 5437 730 5498 in
758 5445 917 5515 posterum
949 5436 1078 5498 tollatur
1108 5435 1263 5513 quaelibet

515 5531 630 5592 occasio
662 5531 765 5592 litium
794 5547 827 5592 ac
855 5530 1097 5609 perturbationis
1123 5529 1156 5589 in
1185 5530 1263 5592 dicta

514 5624 688 5702 provincia,
711 5640 789 5702 quae
811 5622 988 5700 regularem
1016 5623 1210 5701 disciplinam
1231 5639 1262 5683 e·

514 5725 649 5792 vertere,
666 5725 871 5795 mutuamque
886 5718 1066 5780 charitatem
1082 5719 1165 5779 iuter
1180 5717 1262 5779 illius

514 5808 624 5870 iratres
643 5810 830 5886 diminuere,
847 5827 880 5873 ae
895 5809 1053 5872 servorem
1071 5810 1200 5889 spiritus
1214 5825 1263 5871 re-

514 5903 676 5984 stinguere
696 5919 785 5986 saepe
806 5904 918 5983 solent,
936 5903 1054 5966 litteras
1074 5919 1130 5968 seu
1149 5903 1262 5967 consti·

1340 1619 1484 1680 personas
1510 1623 1525 1666 a
1551 1607 1712 1684 quibusvis
1742 1607 2087 1681 excommunicationis,

1338 1699 1549 1775 suspensionis
1571 1707 1602 1760 et
1631 1699 1804 1774 interdicti,
1838 1700 1966 1778 aliisque
1993 1700 2089 1762 eccle-

1338 1791 1464 1852 siasticis
1495 1792 1678 1864 sententiis,
1712 1795 1851 1856 censuris
1872 1801 1904 1854 et
1932 1793 2049 1872 poenis,
2072 1810 2089 1854 a

1336 1883 1407 1944 iure
1428 1884 1477 1944 vel
1499 1885 1537 1946 ab
1558 1885 1698 1960 bomine,
1726 1887 1834 1964 quavis
1859 1887 2018 1949 occasione
2038 1885 2090 1947 vel

1337 1977 1425 2038 causa
1448 1977 1530 2052 latis,
1559 1979 1584 2038 si
1607 1979 1718 2056 quibus
1744 1979 1977 2057 quomodolibet
1998 1979 2090 2040 inno-

1336 2069 1423 2132 datae
1454 2071 1610 2146 existunt,
1633 2072 1669 2133 ad
1702 2073 1847 2136 ellectum
1875 2072 2088 2151 praesentium

1336 2161 1495 2225 dumtaxat
1510 2167 1780 2244 consequendum,
1801 2167 1912 2228 barum
1934 2167 2015 2228 serie
2036 2166 2083 2226 ab·

1335 2257 1493 2318 solventes
1515 2265 1546 2320 et
1560 2259 1712 2321 absolutas
1727 2259 1793 2321 iore
1814 2267 1992 2334 censentes,
2015 2275 2087 2338 sup-

1335 2349 1550 2425 plicationibus
1581 2368 1690 2414 eorum
1716 2353 1844 2414 nomine
1874 2352 1962 2414 nobis
1991 2367 2086 2429 super

1334 2443 1392 2504 boc
1407 2443 1569 2506 humiliter
1581 2446 1729 2523 porrectis
1741 2445 1891 2520 inclinati,
1903 2444 1941 2506 de
1956 2461 2085 2508 venera-

1334 2537 1444 2600 bilium
1466 2538 1598 2602 iratrum
1620 2548 1799 2602 nostrorum
1821 2540 1852 2603 S.
1870 2540 1904 2601 ll.
1927 2539 1963 2602 E.
1981 2540 2084 2604 Cardi-

1333 2631 1451 2693 nalium
1473 2633 1607 2708 negotiis
1622 2641 1652 2694 et
1666 2633 1947 2696 consultationibus
1963 2633 2085 2712 Episco-

1332 2739 1444 2800 porum
1467 2733 1497 2787 et
1518 2727 1722 2802 Regularium
1749 2727 2006 2806 praepositorum,
2029 2727 2084 2804 qui

1332 2817 1480 2881 dilectum
1512 2820 1613 2882 lilium
1644 2828 1876 2899 procuratorem
1904 2819 2083 2896 generalem

1332 2911 1405 2974 dicti
1419 2912 1551 2990 Ordinis,
1568 2929 1690 2977 necnon
1706 2913 1890 2976 venerabilis
1906 2913 2008 2976 iratris
2028 2929 2082 2974 no-

1331 3007 1387 3068 stri
1422 3007 1582 3069 Laurentii
1618 3007 1758 3086 Episcopi
1790 3007 1953 3070 Tusculani
1987 3007 2082 3084 ipsius

1332 3099 1363 3162 S.
1381 3100 1416 3161 E.
1433 3101 1467 3162 E.
1485 3101 1656 3179 presbyteri
1679 3101 1847 3164 cardinalis
1863 3101 1983 3164 Corsini
2000 3117 2081 3164 nun·

1332 3196 1444 3274 capati,
1460 3197 1600 3259 eiusdem
1620 3195 1742 3259 Ordinis
1757 3197 1835 3274 apud
1852 3211 1908 3262 uos
1921 3205 1953 3256 et
1969 3196 2080 3258 Sedem

1331 3289 1536 3367 Apostolicam
1563 3291 1758 3369 protectoris,
1784 3289 1966 3366 suffragium
1991 3291 2079 3351 desu-

1331 3399 1384 3460 per
1399 3383 1577 3458 audierunt,
1594 3392 1625 3444 et
1640 3385 1675 3446 ad
1693 3382 1877 3444 relationem
1899 3382 2001 3445 dilecti
2024 3383 2078 3444 srlii

1330 3476 1429 3537 nostri
1445 3476 1593 3538 Ludovici
1615 3476 1730 3554 pariter
1752 3475 1783 3538 S.
1800 3475 1835 3537 E.
1854 3475 1889 3538 E.
1907 3475 2078 3553 presbyteri

1331 3570 1506 3634 Cardinales
1527 3571 1655 3647 Belluga
1676 3578 1707 3632 et
1729 3569 1873 3633 lloncada
1889 3571 2075 3648 nuncupati,

1330 3663 1446 3726 eisdem
1458 3664 1668 3727 cardinalibus
1680 3664 1802 3739 iactam,
1815 3681 1882 3726 rem
1898 3666 2077 3726 universam

1330 3765 1451 3818 mature
1474 3757 1702 3832 discusserunt,
1725 3757 1869 3831 consilio,
1893 3765 2077 3819 memoratas

1329 3849 1447 3911 litteras
1467 3865 1522 3912 seu
1544 3851 1781 3913 constitutiones
1801 3849 1885 3912 Pauli
1907 3849 1958 3925 ll,
1981 3850 2077 3913 Urba·

1329 3943 1362 4003 nl
1375 3943 1462 4018 vlit,
1480 3943 1649 4008 Clementis
1660 3945 1711 4019 X.·,
1728 3944 1900 4006 Clementis
1911 3943 1978 4018 xt,
1990 3959 2077 4023 prae-

1327 4035 1523 4098 decessorum
1545 4044 1737 4112 nostrorum,
1759 4038 1838 4100 sicut
1853 4038 2073 4116 praemittitur,

1328 4137 1494 4205 emanatas,
1511 4131 1677 4208 omniaque
1698 4137 1728 4191 et
1746 4130 1868 4207 singula
1890 4133 1923 4193 in
1943 4131 1987 4194 eis
2002 4147 2076 4194 cen-

1327 4229 1430 4297 teuta,
1454 4222 1636 4284 auctoritate
1656 4221 1835 4299 apostolica,
1859 4229 1968 4285 tenore
1989 4239 2074 4302 prae·

1325 4317 1475 4390 sentium,
1489 4315 1692 4393 approbamus
1707 4321 1738 4376 et
1752 4317 1984 4391 confirmamus,
1999 4317 2073 4378 illis-

1325 4425 1385 4488 que
1406 4409 1592 4470 inviolabilis
1607 4407 1787 4487 apostolicae
1808 4410 1964 4472 firmitatis
1978 4411 2073 4473 robur

1324 4503 1389 4563 vim
1411 4511 1441 4563 et
1462 4503 1626 4564 efficaciam
1647 4503 1856 4580 adiungimus.

1362 4596 1381 4670 ἓ
1402 4595 1431 4656 3.
1455 4595 1662 4658 Decernentes
1684 4597 1805 4658 easdem
1826 4603 2001 4674 praesentes
2022 4596 2071 4662 lit·

1324 4696 1403 4750 teras
1417 4705 1538 4768 semper
1554 4691 1667 4763 sirmas,
1685 4689 1797 4752 validas
1813 4699 1844 4752 et
1858 4691 1993 4754 ellicaces
2007 4694 2071 4754 exi-

1322 4791 1404 4844 stere
1422 4791 1452 4846 et
1468 4783 1543 4858 iore,
1559 4799 1691 4860 suosque
1706 4783 1858 4860 plenarios
1881 4792 1912 4846 et
1933 4785 2070 4863 integros

1321 4877 1447 4940 eiiectus
1461 4877 1566 4938 sortiri
1581 4884 1612 4938 et
1626 4877 1778 4952 obtinere,
1795 4894 1827 4938 ac
1849 4877 1919 4954 illis,
1935 4880 1972 4941 ad
1993 4896 2070 4958 quos

1321 4978 1452 5049 spectat,
1485 4977 1516 5032 et
1548 4985 1603 5050 pro
1637 4977 1778 5048 tempore
1811 4971 2068 5051 quandocumque

1319 5066 1481 5144 spectabit,
1497 5067 1530 5126 in
1551 5064 1697 5126 omnibus
1719 5073 1749 5126 et
1770 5081 1825 5144 per
1846 5066 1950 5127 omnia
1970 5065 2070 5126 invio·

1320 5159 1454 5220 labiliter
1476 5158 1644 5232 observari,
1659 5159 1765 5234 sicque
1779 5157 1811 5218 in
1828 5159 1999 5236 praemissis
2015 5174 2069 5236 per

1320 5267 1532 5330 quoscumque
1558 5252 1674 5313 iudices
1703 5250 1872 5312 ordinarios
1897 5258 1928 5312 et
1949 5250 2069 5327 delega-

1320 5353 1381 5418 tos,
1407 5347 1500 5406 etiam
1523 5359 1685 5406 causarum
1713 5343 1816 5421 palatii
1838 5343 1995 5420 apostolici
2016 5360 2068 5406 au-

1318 5437 1444 5512 ditores,
1467 5439 1594 5522 iudicari
1616 5445 1646 5500 et
1667 5437 1791 5498 desmiri
1811 5436 1934 5512 debere,
1950 5453 1983 5499 ac
1998 5437 2069 5498 irri-

1320 5538 1388 5593 tum
1409 5537 1440 5592 et
1461 5531 1570 5605 inane,
1598 5531 1625 5592 si
1652 5547 1739 5592 secus
1763 5545 1856 5608 super
1882 5530 1929 5592 bis
1956 5547 1972 5590 a
1994 5547 2068 5609 quo-

1319 5640 1423 5702 quam,
1440 5625 1546 5704 quavis
1561 5625 1753 5698 auctoritate,
1768 5624 1902 5686 scienter
1915 5624 1967 5686 vel
1982 5624 2068 5700 iguo·

1318 5726 1433 5793 ranter,
1456 5719 1622 5796 contigerit
1643 5717 1796 5780 attentari.

1357 5811 1425 5886 §lu
1450 5811 1519 5874 Non
1542 5811 1732 5874 obstantibus
1749 5811 2020 5874 constitutionibus
2034 5819 2066 5873 et
2085 5815 2308 5930 afssffiff⁰¹¹¹m

1317 5905 1563 5968 ordinationibus
1590 5905 1779 5986 apostolicis,
1806 5921 1929 5970 necnon
1949 5904 2065 5988 praeia-

2117 4605 2270 4658 clausulae.
