4880 6982
112 5149 225 5195 lanionis
240 5151 316 5198 ratio·

101 5213 161 5249 nem
177 5206 290 5260 exponit.

1032 609 1172 654 ctttlturts
1194 607 1238 652 xl.

357 729 556 807 qualitatibus
574 729 676 792 debite
689 729 834 809 pensatis,
851 728 1056 806 conspicimus
1071 727 1103 789 in

357 823 488 884 Domino
509 823 673 886 salubriter
694 822 848 900 expedire.

397 918 465 992 §t
489 919 613 980 Dudum
644 916 797 996 siquidem
826 917 875 979 lel.
906 935 966 980 rec.
992 917 1102 978 Paulus

356 1011 411 1073 PP.
429 1011 464 1074 ll.
481 1013 695 1088 praedecessor
713 1015 829 1084 noster,
846 1019 1007 1090 postquam
1023 1027 1102 1072 non-

356 1106 436 1168 nulli
457 1105 519 1167 llll.
546 1105 709 1166 Pontifices
725 1104 970 1183 praedecessores
985 1105 1030 1165 sui
1047 1120 1101 1182 per

354 1201 489 1262 diversas
519 1214 630 1260 eorum
662 1199 914 1274 constitutiones,
947 1215 1024 1278 quos
1045 1213 1101 1260 suo

355 1303 494 1372 tempore
515 1295 675 1355 dumtaxat
689 1292 800 1353 durare
814 1291 993 1367 voluerunt,
1010 1307 1100 1370 quae·

354 1403 488 1464 cumque
509 1386 655 1448 beneficia
675 1385 887 1459 ecclesiastica,
904 1401 982 1464 quae
996 1386 1044 1447 sui
1058 1385 1072 1446 l
1088 1421 1099 1430 -

354 1481 489 1542 miliares
510 1486 540 1541 et
561 1480 699 1542 continui
722 1479 945 1541 commensales
962 1485 1035 1540 tunc
1049 1480 1100 1542 ob-

354 1573 506 1649 tinebant,
528 1589 637 1636 eorum
659 1573 863 1634 familiaritate
879 1574 1009 1636 durante
1024 1574 1100 1636 obti-

354 1675 484 1742 nerent,
517 1667 636 1730 etiamsi
668 1667 788 1745 abipsa
819 1666 1024 1729 familiaritate
1046 1683 1101 1744 por

353 1763 473 1824 obitam
488 1762 669 1825 eorumdem
681 1761 949 1838 praedecessorum
964 1768 1016 1822 aut
1027 1759 1099 1821 alies

353 1857 560 1929 recessissent,
577 1861 607 1916 et
629 1855 661 1915 in
680 1855 839 1932 quibusvis
855 1853 927 1915 locis
943 1861 1097 1928 vacarent,

352 1949 508 2012 collationi
519 1955 550 2009 et
565 1947 755 2025 dispositioni
767 1964 839 2010 suae
851 1955 1097 2022 reservaverant,

354 2042 487 2103 irritanti
517 2043 640 2104 decreto
668 2040 799 2118 desuper
827 2041 980 2118 apposito,
1008 2056 1096 2115 curn,

352 2136 635 2213 praedecessoribus
656 2134 727 2212 ipsis
742 2135 779 2196 de
796 2134 896 2196 medio
912 2135 1051 2208 sublatis,
1068 2143 1098 2196 et

351 2231 532 2292 eorumdem
560 2229 785 2294 beneficiorum
813 2229 1021 2291 vacationibus
1049 2246 1097 2290 oc·

350 2324 557 2399 currentibus,
580 2325 794 2400 haesitaretur,
811 2340 849 2386 an
871 2323 1018 2385 beneficia
1040 2323 1096 2383 bu-

351 2417 482 2480 iusrnodi
514 2425 640 2498 propter
670 2420 914 2482 reservationem
942 2424 971 2480 et
994 2418 1097 2480 decre-

351 2521 417 2576 tum
439 2513 612 2592 praefatum
632 2512 823 2591 dispositioni
848 2512 1027 2590 apostolicae
1049 2527 1096 2574 re-

348 2613 467 2668 servata
488 2613 519 2668 et
540 2606 644 2669 allecta
672 2607 908 2681 remansissent3
932 2606 967 2668 ad
990 2605 1095 2667 buius·

350 2701 432 2763 modi
453 2701 662 2778 ambiguitatis
685 2699 858 2762 tollendam
878 2699 1008 2761 dubium
1023 2715 1095 2760 suae

350 2801 514 2872 perpetuae
544 2801 575 2855 et
611 2792 830 2870 irrefragabilis
865 2791 1096 2854 constitutionis

347 2887 446 2949 edicto
468 2887 603 2952 decrevit
626 2894 655 2948 et
677 2887 854 2960 declaravit,
878 2885 980 2947 omnia
1003 2885 1094 2947 bene·

349 2983 414 3046 licia
443 2981 653 3055 ecclesiastica,
676 2989 712 3043 ut
733 2979 917 3059 praefertur,
940 2986 1093 3040 reservata

346 3081 378 3137 et
399 3091 455 3153 per
475 3075 536 3136 llll.
562 3074 724 3136 Pontifices
744 3089 934 3135 successores
955 3069 1026 3135 sbos
1047 3089 1094 3134 ca-

347 3169 457 3230 nonice
478 3168 631 3229 intrantes
653 3167 684 3228 in
707 3174 866 3244 posterum
894 3165 1091 3240 reservanda,

346 3278 378 3322 ac
400 3261 492 3322 etiarn
514 3260 730 3338 quovismodo
746 3259 882 3320 vacantia
900 3267 930 3320 et
946 3259 976 3320 in
993 3267 1093 3337 poste-

346 3369 416 3416 rum
433 3362 574 3416 vacatura
589 3368 644 3432 per
658 3352 834 3414 huiusmodi
850 3353 1092 3414 reservationem

345 3456 376 3510 et
396 3449 557 3510 decretum
580 3448 763 3509 remansisse
784 3454 814 3509 et
836 3463 998 3508 remanere
1013 3463 1091 3509 sem·

344 3557 399 3618 per
420 3540 537 3613 affecta,
566 3539 753 3618 nullumque
779 3542 817 3603 de
843 3541 913 3614 illis,
937 3555 1008 3602 cum
1030 3541 1092 3619 pri·

345 3649 433 3695 mum
456 3633 507 3696 illa
528 3649 636 3696 vacare
660 3635 867 3710 contingeret,
892 3643 1012 3712 praetor
1034 3635 1090 3696 Ro-

343 3743 470 3788 manum
492 3727 673 3789 Pontificem
696 3729 860 3806 disponere
881 3730 1016 3806 potuisse
1035 3723 1106 3791 seu'

344 3836 442 3899 posse,
465 3820 601 3882 irritanti
622 3820 745 3884 decreto
773 3823 866 3883 etiam
887 3821 1019 3900 desuper
1040 3839 1091 3900 ap-

342 3914 457 3992 posito,
487 3919 517 3975 et
545 3913 657 3976 deinde
688 3915 832 3992 praedict.
857 3931 917 3977 me.
941 3916 1090 3978 innocen·

342 4007 402 4069 tius
424 4009 480 4070 PP.
497 4009 549 4070 ill.
565 4011 779 4088 praedecessor
796 4018 901 4072 noster
916 4010 1009 4072 simili
1025 4025 1089 4070 mo·

341 4103 378 4164 do
400 4103 504 4164 omnia
532 4103 679 4164 beneficia
707 4103 918 4179 ecclesiastica,
942 4121 1019 4182 quae
1040 4107 1089 4167 sui

340 4193 505 4257 familiares
527 4203 558 4257 et
588 4197 731 4258 continui
761 4199 982 4260 commensales
1016 4207 1088 4262 tunc

340 4287 533 4362 obtinebant,
551 4293 581 4350 et
603 4289 811 4366 inposterum
832 4291 1022 4366 obtinerent,
1038 4309 1088 4354 eo·

340 4397 411 4442 rum
433 4380 640 4443 familiaritate
661 4385 803 4458 duranto,
827 4384 946 4445 etiamsi
968 4385 1005 4446 ab
1027 4387 1087 4464 ipsa

340 4473 547 4536 familiaritate
567 4475 673 4552 etiam,
696 4483 730 4538 ut
751 4477 935 4555 praefertur,
959 4481 1087 4558 recepis-

338 4575 420 4642 sent,
444 4573 518 4629 tunc
548 4571 684 4630 vacantia
705 4578 737 4631 et
759 4572 790 4631 in
820 4579 908 4633 antea
931 4581 1084 4648 vacatura,

338 4659 494 4723 collationi
516 4669 546 4722 et
575 4660 766 4740 dispositioni
797 4681 869 4724 suae
901 4667 1083 4741 reservavit,

337 4751 509 4814 decernens
530 4771 568 4814 ex
590 4765 664 4817 tunc
686 4757 813 4819 irritum
834 4766 863 4819 et
881 4759 984 4834 inane,
1001 4759 1025 4819 si
1040 4775 1085 4820 se-

337 4863 391 4908 cus
412 4863 507 4926 super
534 4847 581 4908 liis
603 4866 618 4908 a
640 4865 796 4928 quoquam
818 4852 927 4930 quavis
955 4853 1084 4914 auctori·

338 4947 410 5014 tate,
432 4941 566 5004 scienter
588 4943 638 5004 vel
661 4945 841 5020 ignoranter
861 4947 1026 5026 contigerit
1042 4957 1084 5010 at·

339 5034 462 5094 tentari.

376 5127 444 5201 52.
467 5127 543 5190 Cum
576 5128 690 5206 itaque,
713 5131 791 5192 sicut
819 5134 1002 5212 accepimus,
1026 5151 1083 5196 nu-

336 5235 390 5298 per
412 5221 444 5280 in
466 5220 544 5281 alm'd
577 5221 658 5283 Urbe
688 5224 792 5284 nostra
821 5225 953 5303 praelatd
982 5227 1083 5306 bospi-

337 5313 416 5372 tium
430 5312 613 5374 dilectorum
630 5315 767 5376 filiorum
783 5320 1007 5382 monachorum
1023 5320 1083 5380 lla·

336 5407 509 5467 coritarum
522 5423 614 5486 prope
626 5409 785 5470 ecclesiam
798 5411 850 5474 SS.
864 5413 944 5474 Petri
960 5421 990 5475 et
1006 5415 1082 5476 llar-

333 5498 438 5559 cellini
460 5498 498 5560 de
519 5501 625 5563 etalem
647 5501 739 5578 Urbe,
762 5519 840 5581 quae
866 5505 974 5567 titulus
1001 5523 1081 5586 pros-

334 5593 434 5669 byteri
466 5593 635 5656 cardinalis
667 5595 783 5670 existit,
813 5613 867 5674 pro
896 5599 1081 5662 habitatione

333 5683 539 5764 praefatorum
555 5689 777 5750 monachorum
792 5699 1003 5754 constructum
1016 5694 1081 5758 fue·

333 5779 386 5854 rit,
408 5787 450 5852 et,
473 5781 552 5842 sicut
574 5782 665 5842 etiam
682 5783 865 5861 accepimus,
882 5794 1078 5864 perpetuum,

332 5871 464 5950 simplex
497 5882 528 5934 et
559 5875 753 5952 personalem
783 5879 983 5941 residentiam
1016 5899 1079 5943 non

333 5968 494 6044 requirens
517 5968 702 6030 beneficium
724 5971 961 6036 ecclesiasticum
985 5976 1020 6037 ad
1038 5977 1078 6037 al-

1161 737 1223 790 tare
1244 743 1299 790 seu
1320 727 1378 790 sub
1399 727 1593 789 invocatione
1615 725 1795 788 eorumdem
1813 725 1905 788 Sanc·

1159 827 1263 883 torum
1287 821 1367 882 Petri
1388 828 1420 883 et
1441 821 1610 886 llarcellini
1632 821 1664 882 in
1687 819 1765 882 (licta
1780 819 1904 882 ccclesia

1159 915 1334 990 fundatum,
1356 913 1437 994 quod
1459 914 1614 994 quondam
1636 914 1777 976 Tiberius
1791 914 1905 988 Quadri

1157 1009 1285 1072 clericus
1306 1025 1361 1070 seu
1383 1009 1542 1087 presbyter
1556 1009 1587 1070 in
1604 1008 1682 1070 dicta
1697 1007 1822 1070 ecclesit
1837 1023 1903 1084 per-

1157 1111 1268 1182 petuus
1296 1103 1506 1176 beneficiatus,
1529 1103 1603 1165 dum
1631 1102 1762 1176 viveret,
1786 1101 1905 1164 obtine-

1158 1197 1217 1272 bat,
1231 1213 1285 1276 per
1300 1195 1420 1258 obitum
1436 1196 1574 1258 eiusdem
1589 1195 1715 1270 Tiberii,
1728 1195 1781 1274 qui
1796 1195 1902 1269 etiarn,

1156 1288 1231 1352 dum
1253 1291 1373 1352 viveret
1395 1299 1425 1352 et
1448 1290 1633 1353 beneficium
1654 1289 1831 1351 huiusmodi
1852 1289 1903 1349 ob-

1157 1385 1281 1457 tineret,
1303 1383 1428 1462 praefati
1460 1382 1634 1446 innocentii
1664 1383 1903 1462 praedecessoris

1158 1476 1313 1538 familiaris
1334 1484 1364 1538 et
1395 1477 1563 1540 continuus
1594 1476 1808 1540 commensalis
1839 1475 1903 1536 exi-

1156 1579 1250 1644 stens,
1283 1571 1361 1649 apud
1394 1571 1505 1634 Sedena
1536 1571 1740 1649 apostolicam
1762 1569 1799 1631 de
1820 1586 1901 1632 anno

1157 1664 1278 1725 bomini
1300 1681 1459 1738 macoma,
1474 1681 1530 1726 seu
1544 1664 1603 1726 alio
1618 1663 1731 1726 veriori
1748 1671 1898 1742 tempore,

1155 1757 1238 1820 diem
1259 1759 1366 1820 clausit
1388 1767 1576 1833 extremum,
1593 1757 1748 1822 vacaverit
1769 1764 1799 1819 et
1814 1763 1900 1818 vacet

1155 1851 1189 1911 ad
1212 1868 1366 1930 praesens,
1391 1852 1558 1931 nullusque
1573 1853 1610 1914 de
1625 1853 1689 1928 illo,
1706 1857 1827 1931 praeter
1842 1852 1899 1913 llo-

1155 1961 1283 2006 manum
1305 1946 1497 2020 Pontificem,
1513 1948 1568 2010 laac
1589 1947 1656 2009 vice
1671 1945 1832 2025 disponere
1847 1959 1900 2024 po-

1156 2040 1249 2101 tuerit
1269 2055 1324 2102 seu
1347 2040 1451 2118 possit,
1480 2040 1703 2115 reservatione,
1726 2043 1848 2102 decreto
1869 2046 1900 2102 et

1154 2133 1357 2196 cleclaratione
1378 2134 1597 2196 obsistentibus
1623 2134 1815 2212 supradictis,
1838 2133 1899 2196 dio

1155 2233 1220 2288 tum
1239 2243 1314 2288 vero
1330 2227 1497 2306 nospitium
1513 2244 1568 2306 pro
1583 2229 1820 2290 manutentione
1835 2243 1900 2290 mo-

1154 2320 1323 2382 nachorum
1345 2323 1377 2382 in
1400 2337 1436 2382 eo
1464 2337 1519 2400 pro
1546 2329 1686 2400 tempore
1716 2321 1898 2398 degentium

1152 2413 1339 2476 sufficientes
1367 2415 1484 2477 reditus
1512 2432 1574 2478 non
1607 2415 1730 2490 babere,
1761 2423 1899 2495 propter-

1152 2523 1248 2585 eaque
1279 2507 1508 2570 considerantes
1539 2510 1631 2587 quod,
1654 2511 1680 2570 si
1711 2509 1899 2572 beneficium

1152 2601 1344 2679 praefatum,
1380 2603 1501 2680 praevia
1532 2603 1617 2665 illius
1647 2603 1731 2666 tituli
1763 2604 1897 2665 collativi

1150 2695 1368 2774 suppressione
1389 2703 1419 2756 et
1441 2697 1642 2772 extinctione,
1660 2698 1791 2777 bospitio
1813 2715 1897 2777 prae-

1151 2786 1211 2849 fato
1233 2805 1287 2866 per
1308 2804 1363 2850 nos
1391 2799 1540 2868 perpetuo
1572 2792 1718 2854 uniretur
1746 2799 1777 2853 et
1798 2792 1897 2854 incor-

1151 2890 1323 2958 poraretur,
1347 2899 1384 2944 ex
1412 2885 1470 2946 boc
1502 2885 1637 2962 prolecto
1669 2888 1741 2948 dicti
1773 2889 1897 2967 hospitii

1150 2976 1384 3038 necessitatibus
1414 2977 1516 3057 aliquo
1545 2981 1635 3042 modo
1656 2981 1832 3046 consultum
1854 2983 1896 3044 fo-

1150 3077 1216 3147 ret;
1240 3069 1300 3132 Nos
1323 3071 1418 3148 igitur
1439 3074 1491 3151 qui
1514 3074 1679 3137 domorum
1700 3075 1896 3152 regularium

1148 3164 1385 3239 conservationi,
1409 3183 1442 3228 ac
1463 3183 1664 3244 personarum
1687 3170 1716 3230 in
1738 3169 1783 3231 eis
1805 3171 1898 3233 alais-

1148 3257 1226 3318 simo
1247 3257 1468 3320 famulantium
1484 3261 1724 3338 manutentioni,
1742 3273 1895 3342 quantum

1148 3367 1219 3412 cum
1242 3351 1372 3414 Domino
1399 3369 1572 3432 possumne,
1597 3370 1758 3418 occurrere
1779 3357 1895 3420 solicite

1147 3447 1324 3521 studemus,
1358 3447 1496 3510 eiusdem
1528 3450 1652 3528 hospitii
1684 3459 1836 3513 rectorem
1864 3461 1895 3514 et

1148 3540 1313 3601 monachos
1341 3542 1490 3620 praefatos
1519 3559 1603 3606 nnnc
1624 3553 1656 3607 et
1676 3561 1732 3624 pro
1756 3554 1893 3626 tempore

1147 3633 1325 3710 existentes,
1342 3653 1513 3716 eorumque
1532 3639 1704 3714 singulares
1718 3655 1863 3718 personas
1878 3659 1894 3701 a

1147 3729 1308 3807 quibusvis
1326 3733 1667 3809 excommunicationis,
1683 3736 1894 3813 suspensionis

1147 3830 1177 3884 et
1191 3824 1359 3902 interdicti,
1383 3829 1511 3908 aliisque
1533 3831 1742 3894 ecclesiasticis
1767 3841 1893 3896 senten-

1147 3917 1207 3993 tiis,
1231 3924 1370 3984 censuris
1393 3931 1423 3985 et
1444 3926 1563 4004 poenis,
1584 3945 1599 3988 a
1621 3927 1688 3988 iuro
1710 3927 1759 3989 vel
1781 3928 1818 3989 ab
1839 3931 1892 3990 lxo·

1146 4014 1243 4089 mine,
1266 4017 1373 4094 quavis
1395 4019 1553 4080 occasione
1574 4019 1625 4080 rel
1647 4023 1734 4083 causat
1756 4021 1836 4098 latis,
1865 4024 1890 4084 si

1145 4112 1256 4188 quibus
1278 4114 1509 4191 quomodolibet
1531 4115 1668 4179 innodati
1690 4119 1834 4194 existant,
1854 4119 1890 4180 ad

1144 4203 1289 4267 effectum
1317 4209 1527 4285 praesentium
1553 4219 1674 4272 tantum
1699 4227 1892 4291 consequeu-

1144 4297 1357 4373 alumnarum
1375 4303 1455 4362 serie
1476 4302 1668 4366 absolventes
1690 4315 1719 4367 et
1738 4307 1891 4370 absolutos

1144 4390 1210 4452 fore
1231 4399 1404 4469 censentes,
1429 4404 1515 4457 motu
1537 4398 1671 4475 proprio,
1694 4415 1758 4460 non
1779 4401 1814 4462 ad
1837 4401 1892 4462 bo-

1143 4485 1224 4562 spitii
1257 4485 1402 4564 illiusque
1440 4490 1568 4551 rectoris
1603 4500 1633 4553 et
1665 4495 1890 4556 monachorum

1143 4577 1351 4654 praefatorum
1373 4581 1423 4642 vel
1445 4583 1572 4645 alterins
1593 4599 1647 4662 pro
1669 4586 1713 4647 eis
1735 4587 1823 4649 nobis
1841 4605 1892 4650 su·

1142 4686 1197 4748 per
1218 4669 1276 4732 boc
1297 4673 1414 4734 oblatae
1436 4676 1594 4752 petitionis
1623 4678 1814 4756 instantiam,
1837 4683 1890 4743 sod

1142 4777 1181 4822 ex
1201 4771 1283 4825 certa
1298 4765 1424 4828 scientia
1440 4770 1585 4849 ruerdque
1599 4771 1820 4836 deliberatione
1835 4793 1889 4838 no-

1140 4856 1223 4932 stris,
1246 4860 1335 4920 etde
1357 4861 1540 4938 apostolicae
1568 4866 1725 4942 potestatis
1754 4869 1889 4946 plenitu-

1141 4949 1213 5012 dine
1244 4951 1430 5014 benedcium
1458 4957 1641 5034 praefatum,
1670 4961 1768 5037 carius,
1792 4971 1823 5024 et
1845 4964 1887 5026 illi

1141 5041 1241 5105 forsan
1263 5061 1471 5123 annexorum,
1495 5049 1614 5113 fructus
1636 5055 1752 5117 restitus
1774 5063 1805 5118 et
1820 5073 1889 5136 pro·

1140 5145 1253 5198 areatas
1274 5137 1379 5200 decem
1402 5142 1585 5206 ducatorum
1607 5148 1674 5208 auri
1695 5149 1733 5211 de
1748 5151 1887 5228 Camerti,

1139 5232 1310 5293 secundum
1331 5249 1533 5298 communem
1555 5239 1813 5319 aestimationem,
1836 5263 1887 5306 va-

1140 5321 1238 5386 lorem
1260 5341 1412 5402 annuum,
1430 5338 1464 5391 ut
1486 5331 1600 5410 pariter
1622 5336 1807 5414 accepimus,
1824 5355 1888 5402 non

1139 5419 1305 5494 excedunt,
1327 5421 1392 5482 sive
1414 5425 1592 5500 praemisso,
1615 5427 1680 5488 sive
1702 5429 1762 5492 alio
1777 5433 1888 5510 quovis

1138 5512 1241 5584 modo,
1263 5520 1317 5574 aut
1338 5531 1376 5574 ex
1407 5514 1533 5579 alterius
1564 5519 1788 5601 cuiuscumque
1818 5540 1887 5602 per-

1137 5605 1222 5681 sona,
1246 5623 1298 5668 seu
1321 5624 1376 5685 per
1397 5609 1526 5670 liberam
1548 5613 1793 5690 resignationem
1811 5619 1885 5681 dicti

1138 5697 1263 5774 Tiberii,
1288 5701 1338 5762 vel
1360 5703 1495 5764 cuiusvis
1517 5705 1644 5766 alterius
1659 5709 1696 5770 de
1711 5709 1764 5770 illo
1780 5711 1812 5772 in
1827 5711 1887 5774 Ro·

1136 5792 1227 5852 mand
1250 5794 1353 5869 Curid,
1377 5796 1427 5856 vel
1449 5806 1534 5859 extra
1563 5815 1642 5875 eam,
1666 5803 1759 5864 etiarn
1781 5821 1883 5867 coram

1136 5885 1257 5946 notario
1279 5888 1399 5965 publico
1421 5900 1451 5952 et
1473 5892 1602 5954 testibus
1626 5904 1737 5972 sponte
1762 5897 1883 5974 factam,

1135 5985 1187 6038 aut
1209 5981 1436 6044 assecutionem
1464 5983 1591 6047 alterius
1620 5988 1760 6052 beneficii
1790 5991 1885 6055 eccle·

1827 587 1886 648 aad
1936 581 2034 634 aaa.
2057 579 2124 636 avae

1994 4981 2119 5026 Unionern

1909 5034 2022 5080 decernit
2047 5035 2121 5081 iuxta

1908 5087 2021 5134 modum.
