4844 6990
1011 587 1153 635 GLEMENS
1174 587 1230 632 xtl.

667 709 778 772 XXlV.

348 829 481 894 Nullius
510 830 632 893 roboris
658 829 801 893 declarat
827 847 863 894 co
888 846 967 908 quoe
992 831 1093 893 corrri-

386 922 510 985 orator
529 925 563 985 iro
580 921 701 986 duobos
714 923 858 1000 epistolis
874 922 1093 1000 pastoralibus

388 1017 537 1095 Episcopi
559 1015 857 1078 Pebimensiscirca
879 1017 967 1078 ritus
988 1017 1092 1078 simen-

386 1127 433 1172 ses
454 1107 509 1191 (l).
765 1121 767 1130 ·

546 1265 733 1334 olamans
757 1265 817 1332 rr.
834 1237 891 1336 xxx.

466 1387 504 1456 ad
525 1393 698 1472 perpetuam
722 1389 765 1456 rei
791 1389 972 1457 memoriam.

130 1564 314 1612 prooemium.
387 1517 577 1631 spostolicae
597 1552 814 1616 sollicitudinis
835 1553 924 1614 nobis
943 1551 1093 1614 divinitus

346 1647 528 1710 commissae
549 1645 627 1707 ratio
649 1662 705 1708 nos
726 1645 884 1720 admonet,
901 1651 936 1706 ut
951 1659 997 1718 ea,
1014 1661 1093 1722 quae

346 1741 532 1804 christianae
562 1739 723 1814 religionis
757 1739 986 1817 catholicaeque
1022 1738 1093 1802 fidei

346 1833 558 1913 propagationi
573 1849 606 1895 ac
621 1833 823 1896 incrementis
837 1848 1033 1911 quacumque
1047 1847 1094 1893 ra-

347 1927 433 1990 tione
454 1927 601 1989 obsistere
621 1941 710 2004 posse
731 1924 973 2002 dignoscuntur,
997 1941 1093 2004 quau·

348 2027 415 2082 tum
438 2019 525 2082 nobis
546 2034 585 2080 ex
605 2019 666 2080 alto
687 2018 877 2093 conceditur,
901 2018 1038 2080 recidere
1060 2033 1094 2080 ae

347 2113 487 2174 amelio
508 2111 616 2174 tollere
638 2112 828 2174 studeamus.
875 2109 876 2112 ’

117 2269 123 2278 ,
150 2217 188 2260 ex
209 2213 327 2278 sublica-
386 2207 456 2279 §b
481 2207 561 2269 Cum
590 2205 710 2283 itaque,
737 2205 817 2267 siout
844 2203 879 2264 ad
906 2203 1093 2282 apostolatus

101 2273 201 2384 iffi
214 2268 328 2420 {iiiiii
347 2300 447 2362 nostri
475 2298 619 2360 notitiam
640 2298 801 2378 peruenit,
823 2297 983 2361 occasione
1009 2295 1094 2358 bina-

103 2375 327 2476 {liflgnmtgffi'sss
347 2409 418 2455 rum
440 2390 655 2470 epistolarum,
678 2407 761 2469 quas,
774 2391 941 2470 pastorales
969 2399 1091 2465 vocant,

103 2483 242 2583 {gigig}
258 2490 328 2528 osor-
346 2486 444 2548 bonae
466 2485 636 2546 memoriae
661 2485 825 2558 Francisci,
855 2485 930 2548 dum
957 2486 1091 2560 vireret,

346 2579 487 2658 Episcopi
507 2577 692 2645 Pelxlnensis
707 2593 809 2657 nuper
823 2577 973 2654 defuncti,
986 2579 1036 2640 die
1047 2596 1091 2640 vr.

346 2672 413 2735 iulii
429 2679 461 2734 et
478 2689 570 2734 xxur.
595 2672 769 2735 decembris
789 2672 863 2732 anni
885 2687 1089 2734 uuccxxxru.

345 2763 423 2826 circa
452 2766 531 2826 ritus
559 2763 706 2828 Sinenses
734 2763 906 2838 editarum,
929 2779 1038 2840 graves
1060 2764 1091 2825 in

346 2857 479 2936 imperio
500 2857 644 2920 Sinarum
667 2857 751 2920 inter
765 2857 946 2936 apostolicos
968 2856 1092 2918 illarum

345 2951 479 3032 partium
507 2950 716 3012 missionarios
737 2957 863 3012 exortae
893 2950 1011 3012 fuerint
1032 2950 1093 3012 dis-

344 3045 516 3118 sensiones,
533 3059 611 3122 quae
627 3043 737 3106 uberes
750 3044 880 3118 fructus,
897 3059 974 3122 quos
987 3051 1090 3106 sancta

345 3145 444 3200 mater
460 3137 599 3199 Ecclesia
619 3153 657 3198 ex
680 3139 801 3200 assiduo
823 3138 1036 3215 operariorum
1058 3139 1090 3199 in

344 3229 429 3293 illam
450 3229 517 3308 agri
543 3229 688 3292 dominici
718 3238 837 3308 partem
864 3230 1026 3290 missorum
1051 3230 1091 3292 la-

343 3323 419 3385 bore
433 3319 646 3402 praestolatur,
664 3324 813 3402 impedire
828 3331 880 3386 aut
895 3323 1007 3384 morari
1024 3339 1090 3401 pos·

344 3423 430 3478 seni:

107 3522 325 3620 creffismm‘
387 3511 455 3588 §2
480 3509 611 3585 Nos,.ut
631 3509 760 3589 pristina
776 3511 858 3572 inter
879 3513 1003 3574 eosdem
1019 3511 1091 3574 inis·

229 3609 233 3618 '
343 3604 493 3668 sinnarios
514 3619 572 3682 pax
588 3613 619 3666 et
633 3603 810 3666 animorum
831 3606 1003 3680 concordia,
1019 3606 1089 3668 sub

344 3699 413 3761 latis
434 3698 595 3777 quibusvis
615 3697 759 3772 dissidiis,
777 3699 969 3772 restituatur,
986 3700 1024 3760 de
1038 3715 1089 3777 op

343 3800 479 3870 portuno
501 3792 533 3852 iu
559 3792 733 3869 praemissis
762 3791 900 3853 remedio
926 3792 1089 3870 providere

343 3885 495 3960 solentes,
517 3901 551 3948 ac
571 3884 769 3963 epistolarum
798 3885 1024 3963 praedictarum
1045 3891 1090 3946 te-

343 3993 446 4052 nores,
461 3987 493 4040 et
508 3979 563 4039 alia
579 3993 792 4058 quaecumque
807 3979 901 4040 etiam
915 3979 1089 4056 specificam

343 4079 375 4132 et
396 4071 587 4133 individuam
602 4072 797 4134 mentionem
812 4081 843 4134 et
857 4072 1089 4150 expressionem

343 4165 545 4242 requirentia,
569 4166 780 4244 praesentibus
795 4182 851 4244 pro
872 4166 964 4244 plene
981 4174 1012 4228 et
1026 4164 1089 4228 suf-

344 4259 486 4320 ficienter
507 4261 657 4336 expressis
671 4265 702 4318 et
717 4271 821 4320 exacte
843 4260 1023 4338 specificatis
1039 4260 1090 4321 ba-

343 4351 464 4426 bentes,
487 4351 523 4414 de
546 4351 773 4414 nonnullorum
790 4353 1015 4416 venerabilium
1032 4354 1089 4416 fra·

345 4453 429 4506 trum
451 4452 629 4506 nostrorum
652 4445 682 4506 S.
694 4445 729 4507 ll.
742 4446 775 4506 E.
794 4445 1018 4523 cardinalium,
1035 4449 1088 4526 qui

343 4538 428 4600 iussu
450 4544 555 4599 nostro
584 4537 726 4615 epistolas
748 4538 826 4616 ipsas
854 4539 960 4601 sedulo
985 4556 1018 4601 ao
1046 4542 1090 4602 di·

343 4632 476 4708 ligeuter
508 4632 742 4707 examinarunt,
767 4633 913 4708 consilio,
937 4651 970 4695 ac
995 4635 1088 4695 etiam

336 4733 431 4786 motu
459 4725 584 4802 proprio
604 4731 634 4786 et
656 4741 694 4786 ex
715 4727 797 4788 certi
825 4725 952 4788 scientii
974 4735 1005 4786 et
1027 4743 1091 4786 ma·

344 4819 411 4878 turi
432 4817 656 4880 deliberatione
679 4819 804 4892 nostris,
828 4819 927 4896 deque
947 4819 1091 4897 apostoli-

343 4926 394 4972 eae
414 4910 572 4987 potestatis
593 4910 800 4988 plenitudiue,
817 4911 904 4972 binas
927 4913 1089 4974 memorati

341 5003 496 5066 Francisci
518 5003 657 5080 Episcopi
680 5004 862 5066 Pelxinensis
880 5004 1025 5082 epistolas
1040 5021 1090 5084 pa-

341 5096 468 5158 storales
490 5095 649 5174 praefatas,
672 5113 704 5158 ao
731 5113 843 5175 poenes
865 5105 895 5159 et
918 5097 975 5158 alia
997 5113 1090 5176 quae-

343 5205 478 5267 cumque
498 5189 531 5250 in
552 5188 598 5250 eis
619 5197 775 5263 contenta,
799 5205 870 5252 cum
892 5191 1038 5252 omnibus
1059 5199 1089 5251 et

342 5282 474 5358 singulis
489 5281 563 5344 inde
577 5282 690 5344 secutis
710 5290 740 5342 et
760 5281 861 5344 forsan
878 5283 1088 5360 quandocum-

343 5391 403 5452 que
424 5375 595 5448 secuturis,
628 5375 751 5452 penitus
771 5383 803 5436 et
825 5375 953 5436 omnino
986 5375 1087 5448 nulla,

343 5466 477 5528 invalida
498 5475 530 5528 et
551 5468 656 5540 irrita,
686 5467 865 5544 nulliusque
893 5483 1019 5546 prorsus
1041 5483 1088 5529 ro-

343 5559 424 5622 boris
445 5567 477 5621 et
504 5561 656 5621 momenti
686 5575 751 5621 esse
771 5567 804 5620 et
832 5571 981 5638 perpetuo
1009 5560 1086 5636 fore,

343 5661 452 5714 tenore
482 5654 694 5731 praesentium
722 5653 930 5730 declaramus;
954 5665 984 5715 et
1006 5655 1089 5716 nibi-

343 5745 479 5808 lominus
492 5744 529 5806 ad
544 5747 694 5808 maiorem
709 5746 872 5822 cautelam,
888 5754 919 5808 et
933 5755 1087 5825 quatenus

383 5959 413 6014 (l)
428 5961 465 6004 Ex
479 5959 546 6006 Bull.
562 5960 593 6005 de
607 5963 681 6018 Prop.
697 5960 758 6006 Fide
772 5959 821 6005 vol.
837 5963 876 6017 ΙΙ.,
887 5971 943 6018 pag.
961 5963 1005 6004 107.

1816 557 1874 621 453
1926 552 2026 608 sae.
2046 554 2117 607 1735

1149 723 1225 786 opas
1246 705 1296 780 sit,
1315 705 1366 767 illa
1381 706 1484 768 omnia
1499 711 1530 767 et
1544 701 1666 781 singula
1680 708 1780 777 motu,
1796 701 1894 764 scien-

1149 801 1202 876 tia,
1225 799 1446 862 deliberatione
1466 806 1497 862 et
1518 797 1676 878 potestatis
1701 796 1894 876 plenitudine

1148 895 1273 974 paribus
1294 896 1404 958 barum
1430 895 1510 958 serie
1539 893 1646 957 itidem
1674 899 1896 972 perpetuare

1149 1008 1305 1074 vocamus,
1329 1006 1493 1064 canamus,
1510 990 1681 1066 irritamus,
1694 987 1894 1050 annullamus

1149 1091 1180 1146 et
1201 1085 1370 1158 abolemus,
1394 1083 1576 1162 viribusque
1590 1091 1622 1144 et
1636 1081 1748 1144 ellectu
1764 1079 1894 1160 penitus

1149 1186 1180 1242 et
1201 1180 1330 1240 omrrino
1348 1194 1526 1251 vacuamus,
1538 1193 1572 1237 ac
1586 1191 1642 1254 pro
1656 1174 1817 1248 revocatis,
1833 1191 1896 1236 cas-

1148 1272 1199 1346 sis,
1223 1271 1331 1345 irritiS,
1355 1271 1462 1345 urrliis,
1478 1269 1621 1331 invalidis
1643 1275 1673 1329 et
1694 1267 1826 1341 abolitis,
1849 1265 1895 1327 vi-

1147 1365 1298 1442 ribusque
1320 1371 1351 1425 et
1372 1364 1482 1426 effectu
1505 1363 1629 1440 penitus
1641 1368 1672 1424 et
1693 1361 1821 1422 omnino
1843 1377 1896 1420 va-

1147 1457 1212 1520 cuis
1226 1473 1350 1536 semper
1364 1455 1473 1518 baberi·
1481 1456 1643 1518 volumus:
1663 1455 1752 1516 nobis
1767 1455 1895 1532 insuper

1148 1559 1179 1614 et
1200 1549 1391 1630 spostolicae
1406 1548 1476 1614 Sedi
1498 1555 1693 1611 reservantes
1714 1547 1894 1610 facultatem

1147 1644 1399 1717 christifidelibus
1419 1644 1453 1704 iu
1468 1644 1577 1705 eodem
1596 1658 1695 1718 regno
1710 1642 1895 1718 degentibus

1147 1736 1302 1816 aperiendi
1325 1743 1461 1798 nostram
1484 1743 1514 1796 et
1536 1736 1631 1797 diotae
1647 1735 1732 1799 Sedis
1753 1741 1895 1796 mentem

1139 1839 1215 1908 'post
1236 1839 1392 1892 maturam
1414 1829 1522 1892 itidem
1543 1829 1679 1890 habitam
1700 1826 1896 1898 deliberatio-

1148 1939 1222 1986 nem
1233 1939 1329 2003 super
1343 1925 1436 1986 rebus
1447 1938 1526 2002 quae
1540 1921 1715 1986 huiusmodi
1732 1920 1894 1994 materiam

1148 2017 1328 2095 respiciunt.
1537 2073 1538 2076 ,
1580 2085 1583 2090 ,

1187 2113 1206 2187 ἓ
1221 2111 1249 2173 3.
1267 2111 1486 2185 Decernentes,
1499 2109 1576 2206 ipsas
1587 2115 1765 2190 praesentes
1776 2108 1894 2170 litteras
1913 2113 2124 2215 fflfflfflm

1147 2221 1270 2284 semper
1281 2205 1404 2278 validas,
1415 2204 1519 2266 firmos
1531 2210 1562 2265 at
1574 2203 1708 2266 efficaces
1719 2202 1851 2264 existere
1862 2209 1894 2264 et
2020 2203 2026 2213 '

1148 2297 1224 2372 fore,
1239 2313 1371 2375 suosque
1387 2297 1537 2375 plenarios
1555 2303 1587 2358 et
1606 2295 1746 2373 integros
1767 2294 1895 2356 elicitus

1147 2392 1250 2454 sortiri
1273 2399 1304 2452 et
1318 2391 1469 2466 obtinere,
1486 2406 1519 2452 oc
1533 2391 1571 2451 ab
1584 2391 1728 2466 omnibus
1741 2397 1773 2450 et
1787 2389 1893 2466 singu-

1147 2482 1195 2558 lis,
1205 2485 1239 2546 ad
1252 2499 1328 2561 quos
1339 2482 1571 2560 quomodolibet
1581 2490 1697 2561 spectat
1709 2490 1740 2544 et
1750 2498 1804 2561 pro
1818 2491 1893 2543 tem·

1148 2593 1222 2656 pore
1243 2576 1503 2654 quandocumque
1524 2577 1686 2654 spectabit,
1709 2577 1892 2654 praesertim

1148 2686 1221 2731 vero
1233 2668 1486 2747 nrclriepiseopis
1501 2669 1666 2747 Episcopis,
1679 2669 1811 2744 vicariis,
1824 2685 1894 2748 pro·

1148 2761 1330 2824 vincialibus
1352 2769 1380 2823 et
1408 2762 1608 2824 missionariis
1635 2761 1808 2840 apostolicis
1830 2771 1893 2824 tam

1146 2854 1363 2930 saecularibus,
1387 2871 1481 2933 quam
1502 2854 1638 2917 cuiusvis
1660 2853 1793 2930 Ordinis,
1812 2857 1892 2919 Con·

1147 2948 1347 3026 gregationis,
1366 2947 1504 3010 instituti
1519 2955 1550 3010 et
1564 2947 1725 3012 societatis
1740 2949 1834 3012 etiam
1849 2949 1894 3011 le-

1146 3059 1182 3104 su
1197 3041 1391 3118 regularibus
1402 3042 1434 3102 in
1449 3040 1623 3120 supradicto
1635 3041 1783 3104 Sinarum
1794 3058 1893 3120 regno

1146 3152 1231 3198 nunc
1246 3141 1276 3198 et
1291 3151 1346 3213 pro
1362 3143 1500 3213 tempore
1515 3134 1718 3198 existentibus
1733 3135 1894 3198 inviolabi-

1148 3229 1218 3291 liter
1235 3235 1267 3290 et
1281 3229 1464 3291 inconcusse
1479 3229 1647 3304 observari,
1663 3230 1770 3306 sicque
1783 3235 1814 3296 et
1829 3245 1891 3291 non

1145 3323 1234 3384 aliter
1250 3323 1282 3384 in
1295 3321 1470 3401 praemissis
1485 3337 1540 3400 per
1555 3338 1766 3402 quoscumque
1777 3322 1893 3386 iudices

1146 3415 1317 3478 ordinarios
1329 3423 1360 3476 et
1374 3415 1540 3491 delegatos,
1556 3415 1649 3477 etiam
1664 3431 1828 3477 causarum
1841 3431 1891 3494 pa-

1145 3508 1208 3570 latii
1221 3507 1376 3587 apostolici
1387 3509 1554 3582 auditores,
1567 3526 1600 3571 ao
1610 3510 1749 3570 eiusdem
1766 3507 1796 3572 S.
1807 3509 1842 3570 R.
1855 3509 1890 3570 ld.

1147 3601 1332 3676 Cardinales,
1349 3601 1442 3662 etiam
1457 3604 1494 3665 de
1509 3601 1604 3664 latere
1615 3602 1745 3678 Legatos
1757 3611 1788 3664 et
1803 3602 1890 3666 Sedis

1144 3694 1297 3772 praelatae
1324 3693 1472 3770 Nuncios,
1501 3695 1616 3758 aliosve
1641 3695 1793 3773 quoslibet
1818 3711 1892 3773 qua-

1144 3803 1276 3866 cumque
1291 3787 1535 3867 praeeminentia
1550 3797 1581 3850 et
1596 3795 1745 3867 potestate
1758 3788 1892 3866 fungen-

1146 3890 1190 3954 tes
1203 3891 1242 3946 ,et
1256 3883 1429 3956 iuncturos,
1445 3882 1562 3946 sublati
1577 3881 1621 3946 eis
1634 3891 1666 3945 et
1679 3898 1790 3945 eorum
1805 3883 1891 3945 cuili-

1144 3977 1194 4039 bet
1213 3977 1322 4056 quavis
1342 3976 1432 4038 aliter
1449 3977 1605 4040 iudicandi
1620 3984 1651 4038 et
1666 3977 1890 4054 interpretandi

1144 4070 1288 4133 facultate
1309 4077 1339 4132 et
1360 4071 1552 4144 auctoritate,
1568 4069 1697 4132 iudicari
1717 4077 1749 4131 et
1768 4071 1892 4134 definiri

1144 4164 1267 4239 debere,
1283 4182 1317 4228 ao
1338 4165 1463 4226 irritum
1485 4172 1516 4226 et
1537 4165 1641 4241 inane,
1657 4165 1682 4226 si
1696 4179 1783 4226 secus
1797 4181 1891 4244 super

1145 4257 1191 4318 his
1215 4275 1231 4317 a
1253 4273 1422 4335 quoquam,
1447 4257 1555 4335 quavis
1576 4257 1771 4333 auctoritate,
1794 4258 1893 4320 scieu-

1145 4357 1191 4412 ter
1207 4350 1256 4411 vel
1272 4351 1464 4427 ignoranter,
1487 4352 1653 4429 contigerit
1676 4351 1832 4413 attentari.
1856 4351 1891 4414 lu

1144 4445 1335 4506 contrarium
1366 4443 1573 4520 facientibus,
1599 4461 1664 4506 uon
1698 4443 1891 4506 obstantibus

1144 4536 1403 4615 quibuscumque.
1738 4545 1747 4559 “

1184 4629 1203 4704 5
1225 4629 1253 4690 l.
1278 4629 1431 4692 Volumus
1451 4637 1569 4706 autem,
1592 4636 1626 4692 ut
1648 4631 1782 4710 ipsarum
1804 4647 1890 4710 prae·
1910 4638 2026 4739 mtfflpss
2040 4636 2122 4738 (ἓξὲξ-

1144 4723 1281 4785 sentium
1303 4722 1478 4784 litterarum
1495 4726 1697 4802 transumptis
1712 4741 1768 4788 seu
1786 4742 1892 4788 exem·
1910 4745 2123 4802 sumptuosius
2201 4759 2217 4808 .‘

1144 4815 1214 4895 plis,
1243 4816 1337 4878 etiam
1366 4817 1539 4896 impressis,
1564 4832 1659 4879 manu
1686 4819 1815 4882 alicuius
1836 4799 1979 4882 uo·-¹¹⁰⁰⁵·

1147 4908 1214 4969 terii
1226 4908 1339 4986 publici
1361 4909 1553 4987 subscriptis,
1568 4917 1599 4970 et
1620 4911 1722 4987 sigillo
1743 4929 1891 4990 personae

1145 5001 1176 5064 in
1204 5001 1407 5064 ecclesiastici
1435 5003 1585 5078 dignitate
1606 5005 1791 5066 constitutae
1822 5021 1890 5068 mu·

1144 5095 1230 5169 nilis,
1254 5093 1360 5155 eadem
1382 5109 1506 5173 prorsus
1527 5095 1601 5158 fides
1617 5096 1648 5158 iu
1663 5095 1777 5158 iudicio
1793 5103 1890 5158 etex·

1145 5197 1191 5250 tra
1212 5189 1404 5263 adhibeatur,
1421 5205 1499 5267 quae
1520 5191 1732 5267 praesentibus
1755 5191 1826 5268 ipsis
1841 5191 1890 5252 ad-

1146 5282 1316 5357 hiberetur,
1332 5283 1356 5344 si
1376 5281 1480 5344 forent
1499 5283 1653 5344 exhibitae
1670 5283 1719 5345 vel
1737 5292 1887 5348 ostensae.

1185 5376 1296 5437 Datum
1311 5375 1435 5451 Romae,
1451 5377 1530 5456 apud
1546 5375 1577 5438 S.
1593 5375 1720 5438 Mariam
1731 5378 1889 5454 Maiorem,

1143 5468 1201 5528 sub
1215 5467 1520 5554 annuloPiscatoris,
1537 5469 1586 5532 die
1603 5483 1689 5532 xxxx.
1707 5467 1891 5548 septembris

1145 5557 1345 5634 animuum„¹
1361 5562 1556 5639 pontificatus
1578 5565 1678 5626 nostri
1699 5581 1783 5626 anno
1804 5581 1847 5625 vr.

1398 5721 1638 5733 -———-
