4836 6998
308 563 363 618 Au.
377 563 407 616 O.
429 559 498 614 1725
548 557 606 622 374

529 695 675 770 tirmatis,
697 700 863 756 serventur
877 691 1006 754 omniuo
1020 695 1146 754 eaedem
1161 690 1273 753 consti-

528 789 676 862 tutiones,
689 794 720 849 et
734 787 968 866 archiepiscopo
988 785 1118 846 Limano
1135 801 1188 864 pro
1202 800 1274 846 exe-

462 909 465 916 r
527 883 654 946 cutione
666 888 697 942 et
708 881 929 942 convocatione
943 878 1081 957 capituli,
1102 879 1150 940 cui
1163 877 1276 955 praesi-

529 975 598 1038 deat
618 991 673 1053 per
692 989 726 1034 se
745 974 813 1035 sivo
832 989 886 1050 per
907 971 1019 1045 alium,
1042 987 1114 1034 cum
1129 971 1275 1034 omnibus

528 1067 722 1129 facultatibus
743 1081 844 1128 sacrae
867 1064 1133 1141 congregationis,
1156 1071 1186 1125 et
1202 1079 1276 1140 qua-

523 1169 619 1250 lenus
648 1167 723 1221 tunc
750 1159 898 1237 temporis
921 1157 1172 1234 archiepiscopus
1193 1156 1275 1216 obie-

528 1255 585 1328 rit,
607 1259 779 1332 exequatur
800 1259 831 1314 et
853 1252 1023 1330 praesideat
1044 1249 1177 1312 vicarius
1196 1249 1275 1327 capi-

530 1347 646 1409 tularis.

360 1549 456 1597 aetnae
479 1548 511 1594 an
569 1534 654 1610 Quod
686 1533 813 1612 quidem
841 1531 1001 1595 decretum
1037 1531 1100 1609 ipse
1131 1529 1277 1593 clemens

299 1604 395 1651 eisdem
421 1605 512 1650 iratri-

299 1659 348 1704 Μ,
358 1659 513 1704 ercraacon·
531 1630 743 1706 praedecessor
758 1644 813 1705 per
826 1643 895 1688 suas
907 1626 937 1687 in
953 1625 1047 1686 simili
1062 1623 1159 1684 lormri
1172 1620 1278 1682 Brevis

240 1759 245 1768 ,
299 1711 442 1768 gregationi
457 1721 512 1767 par·

300 1765 401 1810 titulari
427 1773 512 1809 variae

531 1721 579 1784 die
595 1736 669 1782 xxv.
693 1720 767 1788 maii
789 1719 1068 1797 mcccxexpeditas
1090 1717 1207 1778 litteras
1228 1729 1280 1791 ιρ-

301 1818 442 1864 instantiae
457 1827 513 1872 pro·
531 1815 683 1894 probavit·

300 1877 387 1918 motae
424 1871 512 1922 tuere,

300 1935 367 1982 onae
380 1923 413 1970 ab
424 1922 513 1969 eedem
572 1908 634 1984 §c
653 1907 793 1972 Subinde
807 1924 882 1970 vero
897 1923 999 1969 eoram
1021 1905 1128 1968 eadem
1144 1905 1278 1979 congre-

302 1979 412 2024 reiectac
437 1981 513 2030 sunt,

302 2035 328 2078 et
359 2030 513 2076 mandatum

303 2089 333 2130 ut
351 2088 440 2130 votum
456 2093 515 2146 pr05

302 2138 364 2183 xlml
409 2134 514 2192 capituli

533 2002 657 2078 gatione
678 2001 855 2079 particulari
877 1998 1088 2062 cardinalium
1110 1999 1210 2058 variae
1233 1997 1279 2057 in·

533 2095 663 2156 stantiae
699 2109 754 2172 pro
791 2101 877 2171 parte
912 2099 1147 2172 procuratorum
1183 2091 1280 2151 dictae

302 2188 431 2246 generans
469 2186 792 2270 rx-,congregationis
812 2187 955 2261 tratrem,
976 2186 1029 2264 qui
1049 2193 1124 2247 tunc
1147 2184 1177 2246 in
1201 2183 1280 2244 alma

302 2245 454 2302 quireretur.

534 2279 617 2340 Urbe
642 2278 804 2355 degebant,
831 2287 990 2357 promotae
1016 2277 1161 2342 luerunt:
1193 2291 1281 2337 nem·

534 2387 583 2450 pe,
599 2371 671 2448 quia
688 2371 962 2433 constitutionibus
979 2370 1121 2448 praelatis
1138 2383 1281 2446 expresse

535 2465 700 2526 cavebatur
715 2463 876 2526 neminem
893 2463 924 2526 in
940 2463 1091 2526 eiusmodi
1108 2465 1280 2538 congrega-

536 2558 638 2632 tione,
661 2558 715 2636 qui
744 2558 778 2618 in
806 2557 908 2634 aliquo
936 2573 974 2618 ex
1002 2557 1095 2620 sacris
1123 2555 1281 2618 ordinibus

535 2650 722 2712 constitutus
743 2647 833 2724 toret,
857 2647 989 2722 admitti,
1012 2649 1199 2726 nullumque
1225 2648 1283 2710 lra-

537 2750 617 2804 trem
629 2758 667 2804 ex
682 2742 832 2818 admissis,
849 2743 899 2803 vel
914 2741 1057 2822 deinceps
1071 2741 1281 2814 admittendis,

535 2835 572 2896 ad
586 2835 656 2896 illos
670 2835 847 2914 promoveri
862 2851 967 2914 posse,
989 2835 1070 2912 quod
1093 2834 1284 2896 tribueretur

536 2927 662 2990 lacultas
683 2928 856 2990 sacerdotes
878 2927 1075 3002 admittendi,
1103 2929 1154 2988 vel
1175 2927 1283 2989 iratres

536 3023 707 3086 adeosdem
717 3039 817 3086 sacros
828 3023 951 3084 ordines
963 3021 1284 3100 promovendi,quod·

537 3133 598 3195 que
612 3116 822 3196 superioribus
836 3131 869 3176 ac
885 3116 1008 3194 ipsimet
1023 3115 1176 3194 praelecto
1191 3131 1284 3191 gene-

537 3209 593 3272 rali
614 3209 711 3271 dictae
740 3208 997 3286 congregationis
1027 3207 1281 3283 interdiceretur,

536 3317 577 3362 ne
598 3301 652 3380 qui
673 3300 774 3362 eidem
796 3300 1036 3376 congregationi
1052 3301 1282 3376 inserviissent,

535 3411 590 3456 seu
612 3394 732 3472 donati,
756 3401 791 3458 ut
812 3393 909 3470 vulgo
934 3394 1103 3474 appellant,
1133 3393 1282 3469 luissent,

537 3489 570 3549 in
599 3487 651 3548 illd
678 3487 897 3550 admitterent:
922 3494 952 3550 et
980 3489 1124 3566 insuper,
1152 3504 1225 3551 cum
1253 3489 1284 3550 in

536 3581 652 3642 eisdem
666 3579 940 3644 constitutionibus
961 3581 1192 3660 disponeretur,
1214 3598 1284 3643 con-

536 3675 730 3736 vocationem
751 3673 906 3736 vocalium
927 3673 962 3734 ad
983 3673 1167 3736 electionem
1187 3674 1284 3736 lutari

535 3767 681 3850 praelecti
702 3766 855 3844 generalis
876 3766 911 3828 ad
933 3767 1084 3830 vicarium
1106 3769 1285 3844 generalem

535 3867 686 3940 spectare,
709 3867 740 3920 et
761 3859 943 3936 contingere
959 3867 1058 3942 posset
1072 3859 1190 3923 dictum
1205 3861 1285 3922 vica·

537 3953 620 4017 rium
636 3950 814 4030 generalem
829 3952 879 4012 vel
900 3953 1064 4030 decedere,
1080 3953 1130 4016 vel
1145 3953 1285 4030 legitimo

538 4045 779 4124 impedimento,
802 4046 970 4123 quominus
989 4047 1025 4109 ad
1041 4047 1191 4110 eiusmodi
1214 4063 1285 4110 con-

539 4139 735 4202 vocationem
766 4140 932 4216 procedere
960 4139 1096 4216 valeret,
1131 4141 1284 4216 detineri,

538 4233 673 4312 petitum
688 4231 788 4294 luerat
801 4231 927 4294 decerni
941 4234 1022 4310 quod
1035 4241 1108 4294 tunc
1124 4241 1154 4294 et
1165 4250 1201 4296 eo
1216 4251 1286 4296 casu

539 4323 711 4406 pertineret
732 4326 768 4388 ad
789 4324 982 4388 assistentem
1010 4327 1219 4406 antiquiorem
1240 4345 1287 4390 ca-

539 4417 676 4495 pitulum
691 4417 834 4493 generale
849 4433 1019 4480 convocare
1032 4426 1063 4479 et
1078 4419 1123 4482 illi
1135 4420 1287 4498 praeside-

540 4524 590 4570 re:
603 4527 636 4572 ιι
647 4510 786 4583 demum,
799 4509 966 4572 eveniente
976 4509 1062 4572 obitu
1074 4511 1289 4592 vice-praelec-

543 4611 647 4664 tornm
671 4602 864 4678 generalium
886 4603 1117 4682 provinciarum
1142 4605 1287 4670 Limanae

542 4703 594 4758 aut
616 4695 802 4768 lilexicanae,
824 4711 879 4758 seu
898 4696 1044 4775 praelecti
1065 4698 1289 4780 cuiuscumque

541 4788 731 4868 provinciae,
753 4788 923 4867 praelectus
944 4791 1068 4852 noviter
1087 4792 1204 4854 electus
1221 4809 1289 4855 mu·

543 4897 603 4944 uus
624 4881 850 4959 vice-praelecti
870 4881 1025 4958 generalis
1039 4885 1074 4948 ad
1090 4884 1222 4946 formam
1240 4901 1289 4946 ea·

542 4971 687 5036 rumdem
699 4973 973 5050 constitutionum,
990 4977 1111 5038 etiamsi
1127 4979 1290 5040 confirma-

544 5067 661 5130 tionem
672 5083 745 5130 suae
756 5067 914 5130 electionis
926 5087 942 5130 a
955 5079 1125 5132 memorato
1138 5070 1289 5150 praelecto

543 5158 681 5236 generali
696 5159 835 5221 nondum
850 5161 1045 5238 obtinuisset,
1061 5179 1206 5225 exercere
1222 5179 1289 5242 pos-

542 5261 600 5314 set.
624 5251 743 5314 Verum
765 5251 897 5330 praelata
924 5255 1131 5331 congregatio
1157 5259 1290 5334 particu-

542 5345 614 5407 laris
636 5345 845 5409 cardinalium
867 5346 1045 5409 huiusmodi
1077 5349 1236 5411 instantias
1257 5366 1290 5410 ac

544 5439 713 5518 petitiones
727 5439 776 5502 die
790 5454 878 5502 xxxi.
898 5441 1027 5504 ianuarii
1043 5458 1165 5506 uncex.
1182 5443 1290 5505 admit·

545 5543 611 5596 tere
639 5533 756 5608 noluit,
785 5537 837 5596 sed
866 5541 975 5596 votum
1004 5537 1136 5613 proximi
1166 5536 1290 5613 capituli

545 5627 699 5704 generalis
719 5629 850 5707 desuper
870 5629 991 5707 exquiri
1013 5629 1181 5692 mandavit.
1200 5631 1291 5693 cnm-

545 5737 606 5798 que
618 5720 756 5796 interim,
768 5723 825 5784 sub
835 5721 962 5784 obtentu
976 5723 1056 5801 quod
1069 5723 1199 5786 dilectus
1210 5724 1293 5785 filius

546 5813 640 5876 lrater
651 5814 818 5878 Rodericus
832 5833 848 5876 a
863 5815 962 5879 cruce
976 5829 1050 5880 tunc
1060 5826 1192 5880 assertus
1207 5833 1294 5896 prae-

546 5905 643 5970 lectus
666 5907 817 5984 generalis
839 5909 935 5972 dictae
957 5911 1214 5988 congregationis
1235 5911 1293 5973 lra-

1051 574 1116 620 lUll.
1140 573 1231 620 Post.
1256 571 1296 618 DE
1317 572 1346 618 P.
1369 571 1398 618 F·
1423 571 1505 618 PARS
1527 569 1548 614 1.

2108 547 2162 600 An.
2176 549 2207 600 c.
2229 547 2301 600 1725

1331 696 1416 752 trum
1445 704 1508 750 non
1538 686 1637 752 luerat
1662 687 1785 750 auditus
1806 685 1839 748 in
1868 685 2078 766 propositione

1330 781 1432 845 tabita
1446 781 1495 844 die
1511 799 1567 842 ιιι.
1582 781 1686 860 aprilis
1702 797 1835 843 uoccrx.
1853 795 1954 842 coram
1971 778 2078 842 eadem

1331 874 1581 950 congregatione
1595 874 1771 952 particulari
1788 872 2015 948 cardinalium,
2033 891 2080 936 ca·

1330 967 1470 1031 rissimus
1492 967 1524 1028 in
1549 967 1670 1030 cbristo
1692 968 1774 1030 filius
1796 973 1903 1031 noster
1921 966 2080 1046 Philippus

1331 1061 1547 1140 Hispaniarum
1564 1078 1619 1122 rex
1631 1061 1810 1136 catholicus,
1827 1061 1959 1124 retentis
1974 1080 2080 1144 supra·

1332 1157 1420 1218 dictis
1433 1156 1603 1220 clementis
1618 1155 1857 1234 praedecessoris
1873 1155 1996 1232 litteris,
2014 1174 2082 1236 par-

1335 1257 1378 1310 tes
1389 1250 1424 1311 ad
1437 1249 1582 1310 eumdem
1595 1250 1789 1312 clementem
1800 1245 2080 1326 praedecessorem,

1332 1349 1368 1404 ut
1382 1343 1420 1404 ab
1434 1359 1470 1404 eo
1485 1342 1680 1404 voluntatem
1695 1357 1783 1404 suam
1797 1357 1891 1420 super
1905 1343 2083 1421 praemissis

1332 1436 1446 1496 certius
1461 1434 1671 1514 explorarent,
1685 1435 1863 1510 remisisset,
1876 1446 2081 1517 porrectoque

1334 1530 1390 1609 ipsi
1403 1529 1561 1592 clementi
1573 1528 1798 1606 praedecessori
1815 1545 1869 1608 pro
1880 1537 1967 1607 parte
1978 1530 2081 1592 dilecti

1334 1625 1427 1686 etiam
1449 1623 1504 1684 lilii
1532 1622 1635 1684 lratris
1661 1621 1849 1685 michaelisc
1874 1623 2083 1702 conceptione

1334 1716 1406 1778 dicti
1431 1715 1531 1778 lratris
1557 1715 1698 1778 lloderici
1724 1717 1930 1794 procuratoris
1951 1717 2083 1796 supplici

1335 1809 1451 1883 libello,
1474 1809 1640 1871 etiterum
1663 1811 1823 1872 commissi
1845 1811 1890 1872 rei
1904 1811 2084 1886 cognitione

1335 1902 1436 1964 eidem
1470 1902 1712 1978 congregationi
1735 1902 1912 1981 particulari
1939 1904 2083 1966 cardina.

1336 1995 1432 2068 lium,
1456 1994 1506 2056 die
1526 2011 1554 2054 v.
1578 1993 1725 2056 februarii
1748 2010 1901 2056 noocxrv.
1926 1997 2084 2060 emanavit

1336 2089 1373 2150 ab
1394 2089 1427 2150 erl
1450 2089 1612 2150 decretum
1627 2103 1683 2166 per
1703 2087 1775 2148 alias
1797 2088 1891 2166 ipsius
1913 2088 2085 2152 clementis

1337 2181 1578 2261 praedecessoris
1590 2182 1621 2244 in
1637 2183 1701 2260 pari
1714 2181 1812 2242 torma
1824 2183 1931 2244 Brevis
1943 2183 1992 2246 die
2003 2199 2083 2246 xxn.

1337 2275 1507 2337 decembris
1535 2275 1753 2352 subsequentis
1783 2274 1935 2338 coniectas
1968 2276 2084 2338 litteras

1337 2367 1446 2429 itidem
1473 2367 1709 2442 confirmatum,
1737 2383 1816 2446 quo,
1839 2369 2030 2446 persistendo
2052 2371 2084 2432 in

1338 2461 1445 2524 decisis
1466 2461 1565 2538 quoad
1588 2461 1817 2524 revocationem
1839 2463 2036 2526 decretorum
2052 2466 2085 2526 in

1338 2553 1469 2632 capitulo
1492 2553 1630 2630 generali
1644 2569 1728 2616 anno
1744 2571 1883 2630 ιιιιιιιιι,
1902 2564 1937 2619 ut
1951 2555 2086 2634 praeler-

1340 2653 1402 2722 tur,
1418 2646 1586 2722 editorum,
1603 2655 1633 2709 et
1652 2650 1905 2712 convocationem
1920 2651 1991 2714 dicti
2008 2652 2085 2731 capi-

1339 2739 1397 2802 tuli
1412 2739 1577 2816 generalis,
1593 2739 1753 2804 mandavit
1768 2757 1824 2820 ρει
1839 2751 1908 2804 vota
1922 2751 2038 2806 secreta
2053 2745 2086 2805 in

1338 2832 1448 2894 eodem
1471 2833 1611 2912 proximo
1633 2835 1767 2912 capitulo
1789 2836 1925 2918 generali
1948 2837 2085 2915 exquiri,

1339 2941 1417 2988 num
1432 2925 1576 3004 expedire
1588 2927 1686 2989 dictae
1696 2927 1938 3004 congregationi
1954 2929 2086 2992 fratrum

1339 3020 1476 3082 officium
1504 3017 1650 3098 praelecti
1685 3021 1838 3096 generalis
1866 3021 1898 3082 in
1925 3029 2086 3101 posterum

1340 3113 1405 3176 lore
1422 3115 1457 3174 ad
1471 3113 1670 3186 sexennium,
1685 3129 1742 3174 seu
1762 3115 1864 3192 potius
1879 3115 2085 3190 novennium,

1340 3206 1461 3268 exclusti
1482 3207 1611 3268 omnino
1633 3205 1716 3268 illius
1736 3207 1954 3286 perpetuitate.

1379 3300 1397 3374 ἓ
1412 3301 1441 3360 3.
1454 3299 1661 3374 Quamobrem
1676 3300 1809 3378 capitulo
1825 3301 1964 3376 generali
1980 3301 2088 3364 buius·
2138 3314 2323 3378 nosotpttones

1340 3393 1423 3454 modi
1451 3408 1533 3452 aiano
1562 3407 1718 3454 nuccxxr.
1745 3393 1776 3454 in
1804 3393 1929 3456 civitate
1958 3395 2088 3458 Limenai
2105 3369 2324 3478 ΐιξῗιθωζὲἱθῖἷῖἷξ

1339 3486 1503 3558 celebrato,
1522 3485 1627 3563 illique
1640 3485 1832 3564 praesidente
1844 3488 2013 3550 venerabili
2027 3489 2087 3550 lva-
2105 3477 2326 3576 {ffiffidffl

1342 3587 1387 3640 tre
1410 3579 1646 3658 Arcltiepiscopo
1674 3579 1819 3654 Limane,
1843 3589 1911 3659 post
1932 3589 2087 3660 peractam
2105 3583 2326 3682 pggfcmtssarue·

1340 3671 1525 3734 electionem
1537 3671 1608 3734 dicti
1621 3671 1766 3750 praelecti
1779 3673 1942 3750 generalis,
1955 3674 2087 3737 discussa
2166 3671 2171 3679 ’

1341 3765 1373 3828 in
1395 3781 1431 3828 eo
1452 3783 1484 3826 ac
1507 3765 1643 3826 resoluta
1665 3765 1795 3841 ‚luerunt
1811 3773 1950 3828 enarrata
1972 3776 2086 3846 puncta

1340 3858 1372 3920 in
1395 3859 1478 3920 hunc
1499 3859 1643 3932 modum,
1666 3858 1828 3921 videlicet:

1380 4045 1452 4106 Fuit
1473 4044 1574 4124 primo
1594 4046 1660 4108 loco
1687 4047 1877 4124 exquisitum
1902 4055 2026 4122 votnm,
2049 4063 2088 4108 an
2123 4058 2262 4122 beolario
2279 4061 2326 4116 vri·

1341 4139 1499 4215 expediret
1521 4140 1672 4214 generalis
1699 4139 1820 4204 Ordinis
1842 4143 1953 4204 durare
1974 4141 2088 4204 debere
2107 4123 2156 4224 ἷξε
2169 4119 2327 4230 “gffffessfflss

1341 4233 1378 4294 ad
1399 4233 1594 4294 novennium
1617 4233 1667 4294 vel
1682 4235 1718 4296 ad
1737 4234 1942 4311 sexennium3
1959 4242 1991 4296 et
2006 4250 2089 4296 reso·
2107 4220 2273 4321 gffigfflff
2296 4232 2328 4318 l}

1342 4326 1445 4388 lutum
1468 4325 1525 4387 luit
1553 4327 1744 4389 unanimiter
1771 4329 1852 4406 quod
1874 4327 2002 4390 deberet
2023 4345 2090 4390 esse
2108 4329 2183 4374 eills·

1343 4418 1531 4494 novennale,
1548 4427 1578 4480 et
1593 4421 1673 4500 quod
1690 4421 1793 4482 omnia
1816 4421 1929 4499 pariter
1943 4421 2041 4482 oilicia
2056 4421 2092 4484 il-

1344 4511 1460 4586 lorum,
1482 4511 1536 4590 qui
1552 4512 1583 4572 in
1600 4512 1732 4592 capitulo
1754 4513 1892 4590 generali
1914 4514 2090 4590 eliguntur,

1344 4613 1436 4684 prout
1450 4613 1524 4666 sunt
1540 4605 1714 4667 assistentes
1730 4605 1890 4682 generales
1904 4613 1934 4667 et
1949 4607 2091 4668 assisten-

1345 4707 1389 4760 tes
1412 4697 1610 4777 particulares
1633 4699 1796 4778 utriusque
1818 4699 1920 4774 regni,
1936 4699 2093 4762 debebunt

1344 4792 1439 4853 etiam
1462 4807 1528 4853 esse
1548 4791 1583 4852 ad
1607 4793 1816 4866 novennium,
1837 4792 1966 4854 servatis
1988 4799 2093 4854 tamen

1345 4885 1442 4962 quoad
1456 4884 1640 4946 electionem
1655 4884 1851 4964 superiorum
1865 4883 2007 4946 localium
2023 4900 2093 4945 con-

1344 4976 1556 5040 stitutionibus
1578 4977 1700 5040 Ordinis
1728 4977 1990 5056 praecipientibus
2013 4975 2094 5054 quod

1345 5067 1419 5132 istae
1437 5071 1509 5132 liant
1524 5071 1561 5132 de
1578 5069 1714 5132 triennio
1736 5071 1768 5130 in
1791 5071 1974 5133 triennium.

1384 5163 1584 5226 Postmodum
1599 5163 1658 5226 luit
1673 5179 1849 5242 processum
1863 5164 1898 5226 ad
1914 5163 2095 5241 exquisitio-
2142 5179 2280 5244 nectario
2296 5194 2330 5229 se

1346 5273 1420 5318 nem
1447 5263 1593 5320 votorum
1619 5258 1759 5319 eiusdem
1787 5257 1912 5338 capituli
1939 5257 2093 5333 generalis
2110 5233 2330 5344 lflssssffllsssspssssj

1345 5367 1438 5429 super
1453 5349 1519 5412 aliis
1534 5351 1656 5430 punctis
1671 5351 1705 5412 ad
1723 5350 1812 5412 illum
1835 5351 1997 5412 remissisa
2013 5352 2092 5414 con·
2110 5341 2331 5444 ξξξθξᾱῑξξξζξζ

1347 5445 1528 5520 gregatione
1556 5443 1731 5522 particulari
1763 5443 1811 5504 die
1844 5461 1933 5506 xxxx.
1962 5444 2093 5508 ianuarii
2111 5447 2330 5547 dotffmrromo·

1348 5531 1467 5610 unc'cx,
1485 5545 1516 5598 et
1538 5536 1597 5598 luit
1611 5536 1745 5598 secundo
1759 5537 1826 5598 loco
1844 5539 2033 5616 exquisitum
2054 5555 2092 5600 an
2110 5511 2157 5547 ven
2179 5513 2213 5548 ω’

1347 5630 1506 5708 expediret
1518 5629 1630 5690 habere
1644 5621 1841 5706 in'religione
1857 5631 2028 5707 religiosos,
2040 5633 2094 5710 qui

1348 5729 1609 5801 promoverentur
1620 5724 1655 5785 ad
1667 5724 1891 5800 sacerdotium
1909 5741 1941 5786 ac
1955 5739 2096 5787 commu·

1349 5815 1440 5878 nibus
1452 5817 1607 5892 sullragiis
1621 5817 1795 5878 resolutum
1807 5815 1866 5878 luit
1880 5817 2026 5895 expedire
2037 5817 2095 5880 sub

1348 5910 1551 5990 sequentibus
1578 5917 1682 5972 tamen
1705 5910 1947 5974 conditionibus:
1978 5911 2092 5992 prima,
