4878 6982
976 569 1186 618 inaccusatos
1208 569 1264 618 xll.

348 688 380 749 in
401 687 537 766 qualibet
557 687 726 766 provincia,
743 685 886 749 adhibitis
907 688 1025 752 duobus
1041 697 1093 749 aut

348 781 446 842 tribus
467 780 661 858 regularibus
681 781 730 844 sui
745 779 872 843 tlrdinis
886 780 937 841 vel
959 781 1095 857 Congre-

347 873 479 949 gationis
500 873 725 952 probatioribus
746 879 777 934 ot
798 889 906 935 rerum
933 890 991 935 usu
1012 874 1092 951 peri-

347 967 487 1041 tioribus,
509 967 589 1029 bona
610 965 792 1040 immobilia,
814 982 935 1040 census,
952 967 1092 1030 redditus

346 1068 377 1122 et
397 1067 569 1139 proventus
590 1075 710 1135 omnes,
734 1067 895 1124 consuetas
916 1060 991 1120 item
1013 1061 1093 1123 elee-

345 1169 489 1232 mosynas
511 1161 542 1215 et
567 1153 789 1228 obventiones,
819 1159 882 1215 tarn
910 1170 1092 1216 communes

345 1246 616 1320 monasteriorum,
639 1253 855 1309 conventuum
877 1253 907 1308 et
928 1247 1091 1310 domorum

344 1339 483 1401 eiusdem
498 1339 685 1417 provinciae,
702 1355 794 1416 quam
816 1339 909 1400 etiam
928 1339 1093 1416 singulari-

344 1433 402 1494 bus
422 1432 561 1510 personis
582 1432 733 1508 religiosis
760 1432 927 1508 assignatas
947 1449 1002 1494 seu
1024 1449 1092 1512 per·

344 1525 451 1588 missas
471 1526 505 1587 in
527 1540 726 1588 communem
741 1541 833 1586 usum
855 1525 999 1602 deinceps
1020 1541 1094 1587 con·

344 1617 496 1693 terendas,
512 1618 618 1680 decem
640 1633 795 1680 annorum
811 1618 988 1680 immediate
1007 1634 1093 1696 prae-

344 1712 520 1774 cedentium
536 1710 638 1772 habita
652 1711 784 1786 ratione,
800 1711 968 1788 diligenter
981 1720 1013 1773 et
1028 1727 1090 1772 rna·

344 1813 415 1866 ture
436 1811 674 1880 recognoscant,
705 1805 740 1865 ils
762 1804 905 1866 omnibus
933 1804 1088 1890 detractis,

343 1913 422 1976 quae
433 1897 653 1977 reparationes,
666 1898 896 1976 praestationes,
910 1897 1088 1974 grandines,

342 1990 531 2065 sterilitates
546 1990 644 2051 aliave
665 1989 829 2051 cuiuslibet
851 1991 975 2066 generis
995 2005 1089 2051 onera

342 2091 573 2146 consueverunt
584 2081 758 2158 absorbere,
772 2099 870 2160 eaque
880 2084 984 2145 omnia
996 2083 1090 2161 scrip

343 2184 375 2238 to
396 2176 530 2238 fideliter
558 2181 680 2236 exarata
709 2175 792 2237 idem
820 2177 978 2254 superior,
1001 2177 1088 2237 cuius

1821 549 1876 613 175
1927 543 1980 596 An.
1995 543 2025 596 c.
2047 545 2117 598 acor

1149 705 1241 766 quam
1263 688 1385 764 locales,
1400 696 1551 768 perpetuo
1570 705 1695 752 servare
1710 687 1837 750 omnino
1851 695 1898 749 te-

1150 789 1303 857 neantur,
1333 799 1391 844 uec
1415 783 1532 863 possint
1558 783 1648 846 illum
1679 783 1896 860 quoquomodo

1149 891 1274 950 augere,
1297 877 1391 938 etiam
1412 885 1575 955 praetextu
1590 877 1772 952 augumenti
1795 874 1894 938 reddi-

1148 975 1251 1043 tuum,
1274 969 1388 1045 absque
1407 985 1509 1030 sacrae
1530 969 1626 1047 ipsius
1647 969 1896 1046 congregationis

1149 1060 1286 1136 licentia,
1308 1063 1482 1140 superiores
1503 1071 1608 1125 autern
1630 1061 1820 1138 huiusmodi,
1842 1062 1897 1139 qui

1148 1155 1299 1230 praedicta
1327 1155 1431 1216 omnia
1452 1156 1484 1217 in
1509 1157 1645 1234 praedito
1674 1157 1810 1218 termino
1831 1173 1893 1218 non

1148 1249 1369 1325 praestiterint,
1382 1249 1433 1310 vel
1455 1265 1625 1312 numerum
1647 1257 1682 1312 ut
1703 1265 1794 1328 snpra
1810 1265 1897 1326 prac-

1147 1341 1298 1419 scriptum
1319 1341 1428 1420 quovis
1443 1342 1534 1404 modo
1549 1359 1662 1418 augere
1684 1359 1894 1421 praesumpse-

1148 1433 1223 1508 rint,
1236 1435 1285 1496 vel
1296 1433 1341 1516 (l)
1354 1435 1534 1514 privationis
1550 1437 1692 1497 omnium
1707 1437 1891 1512 officiorum,

1147 1543 1226 1604 quae
1246 1535 1320 1590 tunc
1350 1529 1496 1606 temporis
1522 1529 1725 1604 obtinebunt,
1749 1530 1894 1608 vocisque

1147 1621 1261 1682 activae
1284 1628 1315 1682 et
1336 1622 1483 1698 passivae,
1499 1629 1529 1683 et
1544 1622 1579 1683 ad
1602 1622 1707 1682 omnia
1728 1639 1801 1684 suae
1823 1623 1893 1684 reli-

1147 1712 1247 1788 gionis
1269 1713 1411 1776 ciliciaet
1432 1714 1543 1791 gradus
1565 1715 1765 1777 inhabilitatis
1787 1731 1893 1794 perpe-

1147 1815 1232 1868 tuam
1254 1821 1383 1885 poenam
1400 1823 1435 1867 eo
1451 1807 1516 1885 ipso
1534 1807 1704 1882 incurrere,
1720 1815 1813 1886 atque
1827 1809 1893 1870 aliis

1146 1900 1239 1959 etiam
1268 1900 1460 1975 gravioribus
1482 1917 1497 1960 a
1520 1901 1598 1964 Sede
1620 1902 1790 1978 Apostolica
1813 1902 1894 1963 inili-

1146 1992 1254 2066 gemlis
1275 1993 1382 2069 poenis
1404 2010 1486 2054 sacra
1509 1993 1714 2070 congregatio
1734 1994 1892 2060 subiacere

1145 2083 1245 2145 voluit
1266 2091 1298 2145 et
1318 2084 1492 2146 declaravit.

1184 2193 1252 2236 rur.
1277 2178 1426 2256 Deinceps
1454 2196 1530 2240 vero
1556 2183 1795 2257 monasterium,
1819 2199 1890 2244 con·
1910 2181 2122 2290 geffi‘ff‘sskr'rffi'i]

342 2271 485 2344 interest,
508 2269 540 2330 in
563 2269 704 2346 proximo
725 2269 858 2347 capitulo
883 2285 938 2332 seu
960 2285 1091 2346 congre·
1115 2256 1117 2326 l
1144 2277 1275 2345 ventus,
1308 2273 1436 2345 domus,
1464 2275 1661 2351 congregatio
1689 2277 1738 2336 vol
1763 2277 1891 2338 societas
1910 2290 1984 2346 pana
2024 2289 2122 2334 anoua-

342 2363 467 2439 gatione
488 2363 625 2438 generali
646 2363 697 2423 vel
715 2363 895 2439 provinciali
918 2378 1020 2446 coram
1035 2362 1089 2422 tri-

342 2457 398 2518 bus
420 2455 570 2518 iudicibus
591 2455 629 2516 ab
649 2454 780 2533 ipsomet
796 2455 928 2532 capitulo
948 2471 1003 2516 seu
1018 2471 1088 2517 con-

342 2551 521 2626 gregatione
543 2547 716 2624 deligendis
738 2555 899 2627 proponat,
918 2548 982 2627 qui,
1005 2565 1088 2610 com·

341 2643 454 2721 putatis
475 2641 653 2704 huiusmodi
676 2641 859 2716 redditibus,
883 2640 1088 2720 eleemosynis

341 2741 371 2795 et
393 2735 633 2797 obventionibus
655 2735 821 2809 universis,
840 2743 870 2796 et
892 2735 1038 2796 oneribus
1054 2743 1088 2796 ut

340 2845 431 2907 supra
454 2828 608 2901 detractis,
631 2827 738 2888 sedulo
753 2828 932 2890 examinent
950 2836 1024 2906 quot
1041 2845 1089 2889 re-

340 2921 440 2998 ligiosi
461 2921 616 2996 homines,
637 2922 868 2983 connumeratis
890 2923 982 2984 etiarn
1005 2921 1087 2983 laicis

340 3015 468 3094 aliisque
483 3016 660 3076 necessariis
675 3016 883 3077 servientibus
899 3018 931 3078 in
948 3034 1088 3094 unoquo·

340 3125 400 3187 que
421 3110 620 3183 monasterio,
647 3117 804 3171 conventu
824 3117 856 3169 et
878 3113 968 3172 domo
997 3127 1087 3187 regu·

339 3201 407 3274 lari,
431 3201 515 3263 iuxta
537 3202 674 3276 regionis
689 3209 719 3262 et
735 3201 850 3280 proprii
871 3203 1005 3264 instituti
1022 3219 1088 3264 mo·

339 3309 417 3368 rem,
441 3294 559 3356 victum
581 3301 611 3355 et
633 3295 782 3356 vestitum
798 3301 828 3356 et
845 3296 1036 3358 medicinalia
1053 3299 1085 3358 in

339 3388 497 3448 communi
526 3387 690 3462 hahentes,
720 3397 935 3465 competenter
964 3389 1086 3450 valeant

337 3479 524 3556 sustentari3
548 3487 616 3540 tum
638 3481 820 3542 eorumdem
835 3481 1001 3555 bonorum,
1018 3483 1087 3544 red-

338 3572 477 3647 dituum,
500 3573 768 3650 eleemosynarum
791 3582 821 3634 et
846 3589 978 3636 onerum
1002 3590 1087 3652 prae-
1111 3558 1114 3595 ²

337 3665 430 3726 cisam
453 3674 557 3727 notam
580 3665 702 3742 ipsimet
724 3666 858 3740 capitulo
878 3684 933 3728 seu
955 3684 1087 3744 congre·

339 3759 455 3834 gationr
486 3758 671 3833 exhibeant,
700 3767 735 3819 ut
757 3759 788 3820 in
815 3760 885 3834 illo,
919 3760 1085 3836 diligenter

338 3851 483 3912 omnibus
509 3851 667 3926 discussis,
689 3852 839 3930 cuiusque
864 3852 997 3915 familiae
1019 3871 1085 3916 mo-

338 3945 475 4018 nasterii,
498 3953 684 4018 conventus,
700 3962 733 4006 ac
755 3945 865 4008 domus
886 3947 1036 4022 regularis
1051 3947 1083 4008 iu

337 4037 457 4114 singuli
470 4053 592 4116 quaque
603 4039 760 4115 provincii
776 4047 878 4100 certus
892 4055 999 4101 earum
1017 4049 1085 4102 tan-

337 4137 406 4191 tum
428 4145 631 4208 personarum
650 4147 800 4192 numerus
822 4141 945 4208 patrum
968 4133 1084 4211 capitu-

337 4223 450 4284 larium
471 4231 543 4284 voto
571 4223 774 4300 praefigatur,
801 4239 879 4301 quae
900 4225 1081 4300 redditibus,

336 4316 542 4394 eleemosynis
557 4325 588 4378 et
604 4316 856 4391 obventionibus,
873 4327 907 4380 ut
928 4320 1080 4395 superius,

335 4408 527 4470 sufficienter
541 4408 580 4469 ali
595 4409 723 4486 possint.
744 4408 789 4470 Ne
806 4425 881 4471 vero
895 4412 1080 4488 superiores,

336 4499 390 4578 nui
411 4499 441 4560 id
462 4507 616 4576 praestare
637 4500 762 4573 debent,
781 4499 880 4560 serius
901 4509 953 4561 aut
975 4503 1082 4563 remis-

335 4593 410 4666 sius,
426 4605 520 4668 quam
534 4609 589 4670 par
603 4600 660 4667 est,
673 4609 730 4654 suo
746 4593 869 4654 muneri
884 4593 1080 4669 satisfaciant,

335 4685 460 4746 mandat
486 4701 568 4746 sacra
597 4685 814 4761 congregatio
845 4692 896 4760 ut,
922 4687 1001 4747 infra
1029 4704 1083 4749 an·

336 4794 412 4839 uum
438 4781 507 4856 post
532 4779 713 4856 proximum
735 4779 905 4858 capitulum
936 4779 1082 4856 generale

1144 2362 1361 2439 relidiosorum
1382 2382 1436 2427 seu
1465 2368 1658 2441 regularium
1682 2369 1794 2430 nullibi
1815 2341 2121 2442 1·eci-‡{,¹¹,},¹0¹i⁸i⁰⁸⁰·

1145 2455 1256 2533 piatur,
1290 2458 1368 2532 nisi,
1392 2468 1514 2536 praeter
1535 2461 1592 2521 alia
1614 2463 1649 2524 ad
1672 2462 1700 2522 ld
1730 2463 1888 2540 requisita,

1145 2547 1177 2610 iu
1198 2550 1329 2626 singulis
1350 2551 1527 2614 huiusmodi
1555 2554 1629 2616 locis
1651 2555 1813 2617 duodecim
1833 2556 1891 2616 sal·

1145 2651 1208 2703 tem
1230 2642 1339 2704 iratres
1361 2651 1412 2708 aut
1441 2647 1584 2708 monachi
1605 2664 1660 2708 seu
1682 2649 1817 2724 religiosi
1840 2650 1892 2710 de-

1144 2751 1227 2810 gere,
1245 2743 1275 2799 at
1291 2755 1329 2798 es
1351 2738 1520 2800 redditibus
1535 2747 1566 2801 et
1581 2742 1737 2804 consuetis
1759 2743 1892 2804 elecruo-

1143 2827 1243 2903 synis,
1267 2827 1410 2890 detractis
1440 2832 1585 2893 omnibus
1608 2841 1642 2894 ut
1670 2851 1759 2910 supra
1791 2835 1890 2894 detra—

1143 2917 1263 2995 hendis,
1280 2929 1493 2998 competenter
1513 2927 1681 2986 sustentari
1703 2927 1836 3000 valeant,
1853 2928 1889 2989 ad

1142 3013 1366 3092 praescriptum
1397 3015 1512 3078 decreti
1542 3017 1639 3080 lelicis
1671 3020 1890 3080 recordationis

1142 3103 1281 3179 Gregorii
1304 3107 1370 3168 XV.
1386 3109 1441 3169 hac
1456 3111 1494 3170 de
1508 3127 1541 3170 re
1556 3111 1647 3187 editi;
1671 3111 1807 3188 alioquin
1826 3127 1890 3172 rno-

1142 3198 1273 3258 nasteria
1288 3207 1319 3259 et
1334 3201 1396 3262 loca
1408 3202 1585 3265 huiusmodi
1601 3206 1724 3282 posthac
1740 3205 1888 3282 recipien-

1142 3291 1188 3364 da,
1207 3291 1364 3370 inquibus
1386 3298 1546 3358 duodecim
1570 3299 1718 3374 religiosi,
1735 3307 1887 3376 utsupra,

1140 3387 1306 3448 sustentari
1328 3397 1420 3466 atque
1447 3391 1619 3452 inhabitare
1641 3407 1704 3453 non
1726 3399 1887 3468 poterunt,

1142 3483 1172 3536 et
1193 3485 1263 3540 actu
1285 3497 1349 3542 non
1370 3482 1628 3557 inhabitaverint,
1656 3484 1808 3547 tlrdinarii
1830 3485 1887 3545 loci

1141 3573 1323 3648 visitationi,
1338 3577 1520 3638 correctioni
1535 3585 1625 3655 atque
1648 3578 1825 3640 omnimode
1842 3578 1887 3638 iu·

1141 3665 1310 3728 risdictioni
1331 3669 1467 3730 subiecta
1489 3685 1554 3731 esse
1575 3671 1802 3745 intelligantur.

1180 3759 1318 3834 »Porro
1342 3777 1382 3822 ne
1404 3762 1467 3822 ullo
1490 3779 1627 3840 unquam
1649 3771 1789 3842 tempore
1813 3765 1886 3826 haec
1932 3769 1998 3814 naec
2016 3768 2118 3815 carrara

1142 3851 1147 3861 .
1256 3853 1260 3863 .
1290 3854 1295 3864 .
1654 3857 1658 3867 .
1905 3824 1975 3866 serto
2014 3833 2117 3884 qaoque

1140 3867 1172 3912 m
1201 3852 1391 3914 obhvronem
1416 3871 1471 3916 seu
1498 3857 1734 3922 desuetudinem
1764 3858 1883 3932 abeant,
1905 3885 1992 3919 mense
2018 3885 2044 3919 m
2068 3887 2116 3931 pu-

1139 3946 1314 4023 superiores
1326 3946 1434 4008 locales
1448 3949 1598 4026 cuiusque
1611 3952 1801 4025 monasterii,
1814 3967 1886 4012 con·
1905 3925 2117 4038 pgffiffisaper-

1140 4043 1268 4112 ventus,
1292 4057 1325 4100 ac
1346 4039 1456 4101 domus
1484 4043 1635 4118 regularis
1665 4061 1773 4106 curare
1795 4051 1886 4122 atque

1140 4129 1260 4192 efficere
1284 4136 1443 4208 tenentur,
1461 4134 1518 4195 sub
1533 4137 1629 4213 poena
1644 4137 1827 4214 privationis
1843 4137 1887 4198 ol·

1139 4223 1200 4283 ficii
1222 4221 1367 4302 vocisque
1388 4228 1505 4289 activae
1519 4235 1550 4289 et
1571 4230 1708 4306 passivae
1729 4231 1793 4308 ipso
1809 4231 1886 4292 lacto

1139 4315 1339 4393 incurrendi,
1363 4326 1398 4380 ut
1420 4321 1451 4381 in
1476 4330 1671 4399 perpetuum,
1702 4332 1788 4384 sexto
1810 4339 1885 4399 quo-

1139 4425 1198 4485 que
1219 4425 1339 4484 mense,
1356 4412 1433 4473 idest
1455 4412 1529 4473 terii
1550 4414 1682 4476 secunda
1705 4422 1772 4492 post
1787 4415 1885 4476 domi-

1139 4501 1238 4562 nicam
1262 4503 1438 4579 Adventus,
1463 4513 1493 4566 et
1514 4506 1589 4566 lerid
1610 4509 1695 4569 serta
1723 4517 1790 4586 post
1805 4515 1885 4568 octu-

1138 4609 1209 4653 vam
1227 4595 1370 4672 Corporis
1386 4597 1510 4673 Christi,
1527 4608 1702 4676 praesentes
1717 4601 1886 4662 ordinatio·

1138 4701 1193 4746 nes
1215 4687 1246 4746 in
1269 4687 1389 4764 publicai
1410 4693 1516 4752 mensi
1539 4693 1748 4769 perlegantur.

1177 4798 1195 4838 a
1211 4781 1361 4843 Omnibus
1377 4791 1439 4844 tarn
1454 4785 1662 4847 ecclesiasticis
1678 4788 1816 4864 personis
1831 4806 1883 4850 cu·
1929 4797 2072 4844 clausurae.

335 4871 385 4932 vel
406 4869 597 4950 provinciale
621 4871 876 4948 computandum,
899 4873 1003 4933 omnia
1024 4874 1082 4934 hoc
1107 4870 1110 4931 l
1138 4873 1321 4952 luscumque
1342 4877 1405 4936 sint
1426 4877 1552 4952 ordinis,
1569 4881 1754 4943 conditionis
1769 4889 1800 4941 et
1816 4897 1884 4956 gra-

335 4964 373 5026 de
394 4979 511 5040 genere
539 4965 750 5042 capitulariter
771 4973 872 5042 gesta,
895 4967 929 5028 in
951 4969 1081 5029 authen-

335 5057 427 5120 ticam
456 5057 588 5119 lormam
615 5060 745 5133 redacta,
774 5059 809 5120 ad
838 5077 954 5122 sacram
983 5061 1081 5139 ipsam

336 5151 617 5228 Congregationem
647 5151 775 5214 Concilii
796 5153 912 5230 singuli
938 5155 1079 5231 mittant3

335 5259 567 5322 numerumque
582 5245 715 5307 familiae
734 5246 995 5326 singulorumque
1008 5265 1081 5309 con·

334 5342 499 5410 vencnum,
517 5339 777 5399 monasteriorum
799 5345 830 5400 et
844 5339 1007 5400 domorum
1023 5341 1080 5402 hu-

334 5428 467 5490 iusmodi
489 5429 697 5504 regularium,
720 5431 846 5509 capituli
866 5447 921 5493 seu
951 5448 1079 5508 congre

335 5521 466 5596 gationis
482 5523 635 5597 generalis
649 5524 699 5584 vel
715 5523 912 5601 provincialis
927 5527 1080 5587 sententia

334 5621 365 5676 et
386 5615 566 5676 auctoritate
586 5617 803 5693 praefinitum,
827 5617 920 5679 iidem
941 5619 1081 5696 superlo-

333 5721 393 5780 res,
415 5713 478 5768 tarn
500 5707 659 5783 generales
679 5715 710 5768 et
731 5709 938 5786 provinciales
958 5725 1078 5786 omnes,

374 5918 403 5974 (1)
418 5917 551 5965 Particula
565 5923 607 5966 oet
618 5919 727 5968 delenda
741 5921 852 5968 videtur.

1137 4963 1210 5040 dae,
1234 4983 1327 5044 quam
1355 4969 1453 5043 lalcis,
1485 4987 1682 5050 quocumque
1712 4974 1832 5035 honore
1853 4981 1883 5035 et

1137 5067 1287 5136 potestate
1314 5062 1469 5138 praeditis,
1493 5067 1664 5141 praesentia
1690 5065 1811 5130 decreta
1833 5067 1884 5130 de·

1137 5152 1270 5214 clarandi
1284 5153 1335 5216 vel
1349 5156 1574 5236 interpretandi
1595 5159 1738 5223 lacultate
1760 5162 1884 5238 penitus

1137 5244 1311 5308 interdicta.

1176 5339 1286 5401 >Non
1317 5342 1525 5418 obstantibus,
1551 5348 1649 5423 quoad
1678 5348 1882 5425 suprascripta

1136 5433 1239 5493 omnia
1261 5443 1291 5495 et
1312 5436 1432 5512 singula
1459 5438 1491 5498 in
1513 5441 1726 5518 praesentibus
1754 5441 1884 5504 decretis

1135 5533 1295 5602 contenta,
1307 5529 1580 5593 constitutionibus
1595 5541 1625 5594 et
1636 5533 1882 5596 ordinationibus

1135 5619 1307 5696 apostolicis
1322 5621 1354 5681 in
1370 5622 1507 5684 lavorem
1530 5641 1799 5705 quarumcumque
1814 5643 1884 5706 per-

1135 5727 1300 5789 sonarum,
1331 5722 1424 5794 atque
1454 5715 1605 5780 Ordinum
1637 5718 1881 5783 mendicantium
