4844 6990
109 579 167 632 An.
181 580 212 632 d.
233 575 302 632 1739

332 717 457 791 propter
477 715 562 774 recto
583 709 707 771 tramite
730 714 761 768 et
782 705 924 785 expedite
937 705 974 768 ad
990 721 1077 768 exer-

332 809 461 872 cendam
488 805 668 870 missionem
689 820 722 864 se
743 801 914 876 conferant,
943 799 1076 861 vicariis-

333 921 394 983 que
415 900 587 982 apostolicis
607 915 639 960 se
660 897 780 969 sistant,
794 911 904 957 eorum
925 893 1077 956 mandatis

333 1000 366 1060 in
381 995 561 1074 evangelico
575 990 749 1056 ministerio
764 995 904 1052 accurate
920 987 1078 1064 obtempe-

332 1091 440 1156 rando.

128 1204 233 1252 alumni
247 1201 316 1259 apua
375 1186 455 1248 Cum
469 1197 545 1244 vero
560 1179 707 1244 nonnulli
720 1194 758 1241 ex
773 1178 907 1240 alumnis
925 1175 983 1238 sibi
998 1173 1077 1236 male

96 1259 317 1358 ἶῇἓῇῗῇξᾙῆῗῖ
335 1277 482 1342 suadeant
497 1275 650 1338 missionis
665 1275 840 1336 iuramento
853 1271 1036 1344 satisfacere,
1052 1269 1077 1328 si

96 1376 191 1412 ΟΜΝ
213 1365 240 1410 ¹¹¹
280 1364 317 1409 θ’·
335 1373 414 1452 apud
436 1368 620 1434 monialium
642 1367 832 1443 anglicarum
854 1371 1028 1428 conventus
1048 1371 1078 1424 et

97 1420 317 1477 glodegentessa·

99 1477 234 1574 {ffiffffi‘i
243 1482 318 1572 3³:333
335 1465 521 1530 monasteria
543 1464 574 1524 in
598 1461 703 1537 Belgio
724 1459 888 1521 existentia
901 1455 1077 1520 confessarii

103 1581 211 1628 ιιιοιιιιιι.
336 1577 454 1624 munus
473 1555 656 1635 suscipiant:
687 1561 809 1616 maturo
829 1553 885 1614 hac
906 1551 943 1612 de
966 1566 998 1610 re
1024 1565 1079 1626 per

336 1671 392 1718 nos
413 1653 517 1716 habito
532 1649 686 1721 examine,
710 1645 917 1709 necessarium
934 1643 1078 1706 diluimus

336 1749 506 1820 declarare,
529 1743 626 1821 quod,
656 1757 727 1813 cum
749 1738 870 1814 collegii
899 1736 1078 1798 institutum

335 1839 496 1904 consulere
517 1835 651 1898 volucrit
672 1833 871 1896 missionibus
897 1829 1079 1910 peragendis

337 1931 487 2010 inhnglii
498 1929 651 1992 haeretica
663 1927 812 2008 pravitate
824 1924 1080 2002 laboranti‚prae-

336 2029 453 2092 dictum
465 2041 593 2098 munus,
606 2029 762 2100 tamquam
775 2021 807 2082 in
820 2017 924 2082 extera
936 2026 967 2080 et
977 2017 1079 2080 catho-

244 2135 248 2144 ·
336 2121 392 2184 fici
412 2119 543 2197 regione
565 2115 747 2188 exercitum,
764 2133 779 2175 a
794 2113 876 2176 recta
898 2111 1017 2187 collegii
1034 2111 1082 2172 in-

335 2213 498 2276 stitutione
513 2210 656 2272 declinat.
679 2207 808 2270 Vicariis
820 2215 924 2268 tamen
940 2203 1082 2283 apostoli-

336 2305 378 2369 cis
389 2305 598 2384 relinquimus
609 2302 785 2364 facultatem
797 2298 1081 2376 eligendialumnos

338 2401 370 2464 iu
392 2398 592 2462 confessarios
614 2395 843 2474 praedictorum
866 2397 1080 2454 conventuum

337 2501 368 2556 et
388 2492 663 2562 monasteriorum,
686 2487 855 2550 dummodo
869 2485 920 2546 alii
939 2485 1082 2546 deliciunt
1144 2503 1146 2508 ’

339 2587 439 2650 idonei
462 2583 633 2663 presbyteri
652 2583 705 2660 qui
728 2581 781 2644 tali
802 2597 935 2642 munere
956 2577 1083 2658 perfun-

338 2687 464 2758 gantur,
482 2685 514 2738 et
535 2679 572 2740 de
593 2678 648 2738 hac
669 2674 813 2737 facultate
835 2672 981 2753 praedicti
1003 2673 1084 2733 vica·

338 2774 377 2836 rii
398 2769 555 2850 apostolici
576 2769 724 2832 certiores
746 2768 831 2830 fiant.

480 2922 525 2984 be
548 2935 745 2981 xxuxnonux
767 2933 937 2980 cuennmo.

380 3055 508 3122 hiumni
523 3069 631 3116 omnes
646 3053 679 3114 in
694 3054 768 3114 duas
785 3069 838 3132 pro
851 3067 936 3112 nunc
951 3047 1085 3127 partian-

342 3159 393 3216 tur
414 3165 560 3222 cameras,
583 3153 614 3208 et
635 3161 743 3209 earum
765 3144 891 3206 cuilibet
906 3141 1019 3220 praesit
1040 3156 1085 3200 sa·

341 3245 447 3309 cerdos
468 3241 642 3314 saecularis,
665 3239 719 3316 qui
743 3247 899 3315 tamquam
915 3234 1084 3314 praefectos

341 3353 481 3404 camerac
501 3335 590 3411 vigili
612 3333 685 3396 cura
699 3339 730 3394 et
752 3329 915 3410 prudentia
937 3344 1004 3392 eam
1019 3343 1085 3388 mo-

273 3499 276 3504 ,
342 3435 479 3505 deretur,
495 3445 552 3490 nec
567 3427 646 3488 sinat
658 3425 815 3503 quidpiam
828 3424 933 3484 minus
947 3423 1085 3483 modeste

342 3533 373 3588 et
387 3525 437 3603 pie
451 3521 604 3594 redolere3
621 3517 691 3580 etsi
707 3516 778 3596 quid
794 3517 1014 3592 corrigendum
1030 3513 1086 3575 du-

342 3617 435 3690 xerit,
459 3613 564 3676 omnia
585 3612 705 3672 sincere
726 3615 757 3670 et
779 3608 913 3672 fideliter
928 3605 1040 3669 rectori
1054 3613 1084 3666 et

343 3710 487 3772 ministro
508 3703 676 3785 patefaciat.

382 3805 467 3866 inter
487 3803 653 3876 utramque
683 3811 854 3870 cameram,
878 3795 988 3875 quovis
1008 3801 1086 3856 tem-

343 3913 417 3978 pore
438 3895 532 3957 etiam
554 3891 741 3955 autumnalis
769 3890 992 3963 rusticationis,
1016 3887 1087 3950 nul·

341 3993 409 4055 lum
420 3989 541 4052 intersit
557 3985 790 4051 commercium:
804 3983 884 4062 quod
900 3985 925 4044 si
941 3983 1085 4044 alumnus

342 4100 481 4148 camerae
502 4081 616 4159 aliquid
637 4077 779 4140 conferre
804 4077 912 4139 habeat
929 4093 1001 4138 cum
1022 4074 1087 4136 alu-

344 4193 419 4240 mno
439 4175 566 4237 alterius
587 4188 736 4246 camerae,
763 4171 924 4249 impetrata
946 4170 1031 4248 prius
1051 4169 1087 4229 li-

346 4270 445 4335 centia
466 4267 561 4348 patris
574 4265 709 4327 ministri
723 4281 777 4326 seu
794 4264 933 4338 rectoris,
950 4271 1042 4340 atque
1057 4262 1085 4323 ei

344 4362 481 4443 exposita
510 4361 615 4434 causa,
638 4374 741 4422 coram
761 4357 914 4437 praefecto
940 4357 1086 4419 Gamerae

343 4457 463 4520 alumni
484 4453 628 4534 postulati
650 4451 749 4513 italice
770 4451 954 4529 alloquatur.

382 4549 556 4612 Praefectus
567 4562 704 4610 camerae
716 4546 747 4607 in
759 4546 940 4608 associandis
951 4544 1085 4607 alumnis

343 4653 429 4708 extra
450 4641 738 4720 collegiumcuram
753 4639 904 4714 adhibeat,
921 4653 961 4700 ne
977 4639 1086 4700 immo

343 4740 428 4802 deste
443 4735 603 4799 turmatim
616 4741 647 4795 et
662 4733 755 4794 nimis
767 4732 915 4794 velociter
930 4731 1084 4805 incedant,

344 4840 374 4894 et
395 4847 436 4893 ne
458 4829 584 4893 devient
605 4845 621 4888 a
642 4827 717 4888 locis
738 4834 810 4888 ante
831 4840 991 4902 egressum
1006 4841 1021 4884 a
1035 4840 1087 4904 pa·

343 4934 392 4988 tre
412 4924 555 4986 ministro
576 4920 751 4997 designatis.

385 5017 629 5082 constitutiones
643 5030 698 5094 per
713 5031 768 5076 nos
790 5013 914 5076 noviter
936 5013 1035 5075 editae
1049 5013 1086 5075 de

343 5109 544 5174 alumnorum
556 5108 713 5186 disciplina
726 5107 858 5170 fideliter
868 5107 1085 5180 observentur,

344 5213 375 5268 et
395 5206 421 5266 si
442 5203 516 5283 quid
538 5202 667 5266 dubium
683 5201 900 5263 automissum
916 5200 1025 5262 inillis
1042 5199 1087 5262 in·

343 5299 499 5371 veniatur,
522 5297 555 5358 in
577 5295 743 5357 levioribus
765 5301 887 5356 tantum
908 5295 948 5356 sit
969 5295 1000 5355 in
1024 5311 1087 5356 rec·

344 5399 410 5453 tore
425 5391 551 5453 facultas
566 5388 788 5468 interpretandi
805 5395 896 5466 atquc
910 5388 1085 5462 adficiendi,

344 5501 448 5563 neque
469 5481 587 5546 alumni
604 5481 712 5561 quovis
732 5489 894 5560 praetextu
908 5481 945 5544 ab
959 5482 1026 5544 eius
1042 5482 1088 5543 iu·

343 5581 423 5644 dicio
444 5580 577 5641 audeant
597 5575 761 5638 divertere.

398 5729 442 5792 lle
464 5739 660 5790 xuuuuonuu
682 5739 821 5788 nicusus
842 5743 881 5788 er
905 5742 1037 5788 suunns.

386 5867 465 5929 Cum
481 5865 512 5926 in
528 5863 640 5943 pietate
651 5870 682 5924 et
692 5863 802 5926 studiis
817 5862 948 5941 reposita
965 5863 1005 5924 sit
1019 5877 1086 5940 spes

344 5959 516 6040 evangelici
543 5958 662 6024 fructus
684 5975 722 6021 ex
749 5957 949 6020 alumnorum
979 5957 1087 6020 educa·

992 587 1133 634 cadmeas
1154 587 1210 634 ΧΠ.

1796 563 1855 630 bib
1905 561 1959 616 An.
1973 563 2004 616 (i.
2025 562 2094 616 1739

1134 706 1218 766 tione
1239 705 1448 785 praemaxime
1469 705 1582 784 optati,
1606 703 1716 766 idcirco
1738 701 1876 766 districtc

1133 799 1336 878 praecipimus
1357 807 1392 862 ut
1414 800 1517 860 omnia
1543 799 1663 878 pietatis
1692 798 1788 861 officia
1810 800 1876 861 lau·

1132 890 1275 953 dabiliter
1288 891 1463 956 introducta
1477 893 1583 955 scdulo
1597 900 1629 954 et
1642 899 1782 954 accurate
1793 909 1877 954 com·

1133 985 1292 1064 pleunich,
1315 993 1346 1048 et
1373 1003 1429 1065 pro
1450 987 1570 1048 ratione
1600 987 1774 1048 studiorum
1796 1003 1875 1048 nova

1133 1087 1286 1143 statuatur
1307 1081 1482 1156 methodus,
1506 1097 1561 1160 per
1581 1097 1675 1159 quam
1703 1082 1818 1144 nedum
1846 1098 1877 1141 a·

1134 1173 1238 1235 lumni
1259 1175 1291 1234 in
1313 1173 1424 1236 scholis
1439 1175 1569 1236 Romani
1588 1173 1716 1251 collegii
1733 1173 1874 1250 logicam,

1135 1268 1407 1346 methaphysicam,
1432 1268 1618 1344 theologiam
1642 1269 1875 1348 speculativam,

1135 1361 1318 1438 linguasque
1333 1378 1454 1438 graecas
1476 1369 1507 1424 et
1521 1363 1676 1426 hebraicas
1695 1363 1876 1442 percipiant,

1135 1471 1247 1516 verum
1269 1456 1360 1516 etiam
1385 1456 1417 1516 in
1438 1455 1568 1532 collegio
1590 1457 1721 1534 privatas
1747 1457 1877 1520 babeant

1135 1549 1283 1610 lectiones
1304 1563 1405 1609 sacrae
1432 1549 1623 1626 Scripturae,
1657 1551 1879 1612 controversia-

1136 1657 1206 1704 rum
1229 1651 1260 1704 et
1276 1643 1447 1718 theologiae
1469 1643 1592 1704 moralis
1608 1644 1752 1722 peculiari
1768 1659 1878 1706 eorum

1136 1736 1279 1798 instituto
1301 1736 1549 1798 accommodatas.
1572 1737 1635 1812 Qua
1657 1737 1694 1798 de
1715 1753 1749 1798 re
1770 1737 1831 1799 duo
1846 1737 1877 1798 in

1136 1829 1266 1907 collegio
1289 1830 1459 1892 habeantur
1480 1831 1632 1906 magistri,
1655 1832 1708 1909 qui
1729 1829 1879 1909 quotidia-

1137 1923 1185 1984 nis
1206 1923 1389 1986 lectionibus
1401 1931 1432 1984 et
1454 1924 1599 2000 congruis
1621 1922 1879 2002 disputationibus

1136 2018 1291 2080 scholares
1312 2025 1488 2092 exerceant,
1504 2025 1596 2096 atquc
1611 2033 1662 2078 cos
1677 2019 1712 2079 ad
1725 2015 1880 2079 missionis

1138 2111 1274 2173 officium
1304 2111 1427 2173 idoneos
1449 2113 1595 2185 reddant,
1623 2119 1653 2174 et
1675 2111 1749 2172 ordo
1776 2109 1880 2172 lectio-

1139 2220 1216 2266 num
1243 2205 1511 2284 repartiendarum
1542 2205 1745 2283 imposterum
1777 2204 1880 2265 obser-

1138 2299 1256 2360 vandus
1277 2298 1522 2378 praescribatur.

1344 2447 1388 2509 Da
1411 2463 1670 2510 convicvomnus.

1178 2579 1277 2642 Nemo
1298 2583 1343 2644 uti
1366 2582 1526 2644 convictor
1546 2582 1723 2660 recipiatur,
1737 2582 1795 2644 nisi
1818 2583 1882 2644 via·

1140 2675 1235 2738 ticum
1258 2676 1289 2736 in
1312 2675 1455 2738 manibus
1476 2677 1571 2755 patris
1599 2678 1725 2738 rectoris
1746 2693 1801 2756 pro
1823 2679 1881 2739 dis·

1139 2785 1226 2832 cessu
1247 2769 1392 2848 deponat,
1416 2777 1447 2831 et
1468 2769 1632 2848 anticipate
1647 2769 1792 2831 alimenta
1814 2787 1882 2848 per-

1139 2862 1248 2937 solvat,
1262 2871 1293 2924 et
1308 2863 1410 2925 omnia
1425 2879 1503 2940 quae
1518 2863 1555 2926 de
1570 2863 1768 2926 alumnorum
1784 2863 1879 2938 victu,

1140 2956 1255 3016 vestitu
1277 2963 1308 3017 et
1329 2956 1488 3036 disciplina
1503 2957 1618 3018 sancita
1642 2965 1726 3032 sunt,
1743 2955 1883 3018 indiscri-

1140 3047 1294 3123 minatim,
1324 3057 1446 3126 praeter
1473 3049 1686 3113 iuramentum
1716 3049 1881 3124 missionis,

1140 3139 1303 3202 observare
1324 3142 1493 3221 promittat.

1234 3286 1278 3350 Du
1299 3306 1400 3350 saxio
1423 3306 1604 3352 rcuvonxux
1628 3307 1781 3352 cocxacn.

1180 3422 1394 3485 Exhibeantur
1415 3425 1447 3485 in
1469 3441 1576 3486 mense
1594 3425 1697 3486 martii
1718 3423 1884 3487 cuiuslibet

1141 3517 1216 3577 anni
1228 3524 1370 3596 computa
1382 3518 1629 3579 eminentissimo
1641 3519 1882 3597 protectori‚qui

1141 3625 1210 3670 cum
1240 3610 1558 3674 animadversionibus
1585 3611 1633 3673 sui
1660 3612 1884 3674 ratiocinatoris

1141 3719 1175 3764 ea
1199 3705 1388 3766 transmittat
1409 3705 1443 3766 ad
1465 3705 1665 3768 secretarium
1688 3721 1789 3767 sacrae
1804 3705 1884 3768 Con·

1142 3797 1332 3872 gregationis
1353 3799 1391 3860 de
1410 3797 1606 3876 Propagandi
1630 3797 1715 3872 ride,
1737 3799 1774 3860 ad
1795 3799 1884 3860 effec-

1142 3896 1210 3951 tum
1232 3891 1427 3952 examinandi
1449 3899 1562 3953 statum
1585 3893 1817 3954 oeconomicum
1851 3893 1882 3954 in

1142 3983 1318 4062 particulari
1344 3985 1584 4062 congregatione
1608 3979 1823 4048 constituenda
1845 4001 1884 4048 cx

1141 4077 1396 4138 eminentissimis
1427 4085 1458 4138 ct
1489 4079 1754 4141 reverendissimis
1779 4079 1884 4142 Cardi-

1141 4171 1262 4232 nalibus
1287 4170 1441 4250 praefecto
1463 4180 1493 4232 et
1520 4173 1744 4250 protectoribus
1770 4189 1882 4258 regno·

1141 4280 1212 4325 rum
1233 4264 1372 4340 angliae,
1390 4264 1509 4327 Scotiae
1523 4271 1554 4326 ct
1569 4265 1732 4328 lliberniae
1750 4283 1821 4330 cum
1836 4283 1883 4328 se-

1140 4358 1271 4420 cretario
1291 4357 1461 4438 praedictae
1483 4359 1749 4436 congregationis.

1180 4453 1321 4529 insuper,
1337 4451 1371 4512 ad
1394 4451 1538 4514 evitanda
1553 4453 1663 4514 damna
1678 4454 1800 4532 collegii
1814 4457 1883 4518 red-

1141 4545 1254 4608 ditibus
1275 4562 1329 4625 per
1350 4545 1613 4608 administratores
1636 4545 1790 4626 stipendio
1811 4567 1885 4612 con-

1141 4641 1247 4702 ductos
1269 4653 1362 4715 grave
1384 4639 1475 4700 nimis
1496 4639 1590 4715 illata,
1607 4644 1815 4704 necessarium
1829 4643 1885 4705 du·

1141 4735 1244 4795 ximus
1275 4731 1510 4812 praescribendo
1540 4741 1706 4796 annectere
1736 4737 1882 4812 modum,

1142 4843 1202 4906 quo
1216 4825 1256 4888 sit
1271 4827 1474 4905 imposterum
1486 4829 1681 4890 oeconomica
1692 4829 1884 4891 administra-

1142 4922 1185 4982 tio
1207 4938 1222 4981 a
1243 4919 1404 4998 praedictis
1426 4919 1604 4983 officialibus
1626 4923 1805 4984 exercenda.

1183 5011 1389 5088 ientaculum,
1412 5014 1493 5090 quod
1516 5030 1571 5094 per
1591 5015 1722 5078 abusum
1743 5016 1885 5096 suppedi-

1142 5107 1200 5168 tari
1213 5115 1416 5168 consueverat
1430 5106 1552 5169 famulis
1564 5109 1883 5172 eminentissimorum

1143 5199 1353 5263 Cardinalium
1374 5215 1475 5260 sacrae
1492 5201 1748 5278 congregationis
1771 5203 1883 5264 immu-

1142 5294 1247 5356 nitatis
1268 5295 1304 5355 ad
1326 5293 1438 5355 festum
1460 5293 1491 5356 S.
1506 5293 1640 5356 Thomae
1655 5296 1883 5358 cantuariensis

1142 5387 1409 5460 convenientium,
1432 5387 1560 5450 omnino
1582 5387 1717 5450 tollatur.

1183 5482 1332 5555 Tandem,
1345 5497 1417 5542 cum
1429 5495 1539 5560 parum
1554 5481 1690 5560 proficiat
1705 5497 1800 5545 novas
1812 5498 1882 5546 con·
1940 5501 2030 5548 accior
2044 5503 2114 5550 intra

1143 5577 1215 5640 dere
1237 5575 1331 5650 leges,
1355 5575 1414 5635 nisi
1436 5574 1469 5634 in
1490 5574 1611 5652 praxim
1628 5575 1772 5653 disposita
1793 5577 1882 5640 redu·
1901 5564 1945 5654 {⁰0}
1959 5567 2059 5656 Ἢξὲξξξ
2074 5557 2116 5655 ‘¹0⁰0‘

1142 5675 1262 5742 cantur,
1275 5675 1306 5729 et
1317 5668 1351 5729 in
1363 5667 1547 5728 memoriam
1557 5685 1646 5748 saepe
1660 5669 1781 5749 saepius
1795 5687 1885 5732 revo-
1902 5661 2114 5763 ffifflgffiffldtg

1143 5771 1267 5826 centur:
1285 5767 1446 5839 propterea
1458 5762 1537 5839 patri
1548 5764 1660 5826 rectori
1676 5763 1881 5842 iniungimus,
1902 5775 2036 5818 cretosum.

1143 5867 1188 5933 ut,
1211 5854 1290 5917 infra
1311 5869 1364 5916 sex
1385 5869 1519 5932 menses,
1538 5855 1575 5918 de
1596 5857 1835 5936 adimplemento
1851 5859 1883 5920 in

1141 5953 1197 6016 hac
1228 5948 1389 6032 apostolica
1420 5949 1594 6014 visitatione
1626 5953 1885 6034 praescriptorum
