4866 6980
102 575 152 626 An.
168 574 198 625 G.
222 572 291 623 loro

957 583 1167 630 innocencius
1189 583 1232 628 xv.
1589 611 1590 617 κ
1803 567 1843 630 27
1893 565 1947 620 Aa.
1962 569 1991 626 ο.
2014 573 2081 626 rote

323 710 539 774 conventicula
559 710 603 790 (et
624 709 804 788 praesertim
816 710 853 772 de
870 713 971 783 nocte,
988 715 1066 772 tem-

325 819 396 883 pore
419 803 549 883 silentii)
571 803 694 882 penitus
716 809 890 878 removeat;
913 811 1066 878 transgre-

324 899 455 972 dientes,
468 897 692 972 inobedientes,
708 897 792 960 iurta
804 897 984 959 earumdem
995 911 1067 958 con-

323 991 520 1054 stitutionum
536 990 770 1068 praescriptum,
786 989 981 1066 corrigendo,
1004 1005 1066 1051 non

326 1093 427 1146 tamen
456 1083 551 1161 possit
577 1083 712 1162 aliquem
740 1099 779 1146 ex
805 1083 988 1146 electoribus
1012 1098 1068 1160 ρετ

326 1179 452 1240 modum
464 1177 593 1240 carceris
608 1176 657 1238 vel
673 1178 827 1242 custodiae
840 1178 873 1240 in
888 1175 972 1240 cellis
987 1177 1068 1238 clau-

325 1271 408 1344 dere,
432 1269 492 1332 nisi
516 1270 595 1334 lacto
616 1271 701 1348 prius
729 1287 870 1349 processu
897 1271 936 1333 ob
956 1269 1068 1332 torma-

326 1364 386 1426 lem
408 1362 659 1438 inobedientiam,
679 1365 731 1426 vel
751 1363 847 1426 alium
869 1379 994 1441 gravem
1015 1380 1068 1426 eu-

326 1473 446 1520 cessum
477 1457 531 1535 qui
562 1457 696 1520 similem
729 1474 858 1536 poenam
890 1467 1065 1535 mereatum

325 1549 406 1614 salva
429 1559 532 1637 tamen
562 1567 685 1630 semper
705 1553 875 1614 electorum
905 1552 1065 1626 libertate,

326 1645 417 1708 etiam
428 1643 507 1708 circa
530 1653 674 1708 tractatus
696 1645 794 1708 licitos
809 1647 846 1708 de
861 1645 1011 1708 electione
1026 1644 1068 1706 ia-

326 1739 442 1814 cienda,
465 1754 587 1800 necnon
603 1740 639 1801 de
659 1739 778 1800 meritis
799 1739 1024 1816 eligendorum.

95 1838 308 1941 ruciam&
366 1850 399 1894 u.
424 1832 625 1895 Decernimus
653 1831 733 1909 quod
763 1840 850 1910 pater
875 1832 1065 1911 praesidens,

97 1960 157 1995 rum.

326 1933 490 2004 antequam
512 1925 628 1990 iudices
650 1941 809 1988 causarum
830 1925 997 2002 eligantur,
1014 1942 1067 1988 nc-

326 2035 387 2096 qne
408 2035 462 2097 per
476 2035 508 2080 se
522 2019 617 2092 solus
634 2035 735 2096 neque
750 2034 822 2080 cum
836 2018 914 2093 aliis,
929 2019 987 2080 sub
1001 2019 1067 2097 qui-

325 2112 459 2176 buslibet
480 2112 598 2178 motivo
620 2111 670 2173 vel
691 2119 853 2190 praetextu
881 2112 974 2174 etiam
995 2127 1069 2190 qoa-

326 2204 458 2266 liticandi
480 2213 532 2267 ant
554 2205 744 2280 legitimandi
766 2213 866 2283 patres
881 2207 934 2284 qui
957 2205 988 2268 in
1009 2207 1067 2266 im-

326 2297 458 2359 minenti
480 2297 617 2360 iudicum
639 2313 798 2360 causarum
825 2299 977 2360 electione
997 2299 1068 2361 acti·

326 2407 397 2454 vam
417 2391 466 2452 vel
495 2391 644 2468 passivam
666 2407 775 2454 vocem
803 2391 915 2454 babere
943 2392 1066 2468 debent,

326 2500 364 2546 eu
385 2484 422 2546 iis
436 2483 569 2562 aliquem
586 2485 647 2546 unt
664 2483 714 2544 vcl
729 2484 823 2546 alterat
845 2499 918 2546 voce
934 2485 1066 2563 privare,

326 2578 376 2638 vel
390 2594 406 2637 a
421 2577 572 2653 praedicta
594 2577 744 2640 electione
763 2577 926 2642 excludere
940 2585 993 2640 aut
1008 2578 1068 2656 pri·

326 2679 434 2733 vatum
456 2670 506 2732 vel
522 2670 694 2734 'exclusum
716 2671 865 2734 declarare
887 2672 996 2749 possit:
1020 2672 1067 2732 in·

325 2765 550 2842 haerentesque
576 2771 732 2842 praeterea
759 2764 973 2828 constitutioni
998 2781 1067 2843 apo-

325 2859 448 2920 stolicae
469 2857 554 2920 Pauli
577 2857 615 2919 V.
639 2859 677 2920 de
691 2859 741 2920 die
762 2875 826 2920 xrv.
844 2858 912 2921 iulii
934 2873 1064 2921 uncxrv.

326 2953 526 3031 incipientem
558 2950 670 3028 Nuper
699 2970 718 3015 α
748 2950 849 3024 uobis,
882 2959 914 3014 et
945 2953 1067 3015 decreto

325 3062 425 3108 sacrae
437 3045 627 3108 visitationis
642 3043 832 3122 spostolicae
842 3047 880 3108 de
894 3045 943 3108 die
957 3063 978 3106 v.
989 3043 1067 3123 apri-

327 3139 362 3200 lis
383 3156 472 3202 uncr.
505 3138 563 3202 sub
591 3140 755 3202 Clemente
782 3137 873 3212 vlll,
902 3139 995 3200 etiam
1017 3137 1067 3200 de-

325 3233 482 3298 cernimus
510 3239 541 3294 et
566 3231 748 3294 mandamus
775 3239 809 3294 ut
841 3233 1068 3310 praedictorum

328 3327 463 3392 iudicum
485 3340 645 3388 causarum
667 3324 775 3386 electio
797 3323 942 3386 canonice
962 3341 995 3387 ac
1014 3341 1068 3403 per

325 3418 483 3482 schedulas
503 3425 651 3492 secretas,
679 3417 827 3495 nolitque
847 3417 922 3480 tacte
944 3434 998 3496 per
1019 3433 1069 3496 pa·

328 3519 405 3574 trem
428 3509 653 3590 praesidentem
682 3511 901 3588 propositione,
925 3510 1068 3589 imposte·

323 3622 397 3668 rum
419 3607 487 3682 hat;
510 3613 541 3666 et
562 3605 644 3684 quod
665 3604 698 3666 in
717 3605 894 3666 huiusmodi
915 3603 1068 3667 electione

326 3707 411 3778 pater
432 3698 647 3778 provincialis,
670 3713 725 3761 seu
752 3706 853 3760 rector
878 3698 1067 3776 provinciae,

326 3793 650 3872 primusetsecnndus
662 3791 875 3865 definitorum,
888 3791 1068 3854 interventu

326 3887 419 3965 patris
440 3885 641 3964 praesidentis
669 3883 809 3962 capituli,
833 3900 965 3946 munere
985 3902 1069 3948 scru-

328 3987 461 4042 tatorum
492 3977 685 4054 iungantur:
716 3977 792 4038 ilem
814 3979 895 4056 quod
922 3978 1069 4056 praedicti

327 4072 441 4136 iudices
471 4087 630 4134 causarum
660 4072 697 4133 de
726 4077 827 4132 cetero
859 4069 946 4132 nullo
978 4072 1069 4133 modo

327 4166 483 4242 eligantur
504 4164 562 4226 nisi
583 4180 622 4225 ex
643 4164 680 4225 iis
701 4163 837 4242 patribus
863 4164 916 4242 qui
936 4172 1012 4228 suut
1032 4165 1070 4227 de

326 4275 454 4337 corpore
474 4257 612 4335 capituli,
645 4273 721 4335 quos
743 4272 850 4318 omnes
871 4265 903 4318 et
929 4257 1069 4334 singulos

327 4350 443 4413 habiles
464 4357 493 4411 et
515 4350 640 4414 idoneos
655 4349 690 4410 ad
705 4349 855 4413 eiusmodi
873 4351 1009 4413 cilicium
1024 4351 1071 4412 in-

326 4444 505 4506 differenter
527 4443 632 4506 haberi
653 4443 799 4506 volomus
817 4451 848 4504 et
862 4443 1068 4521 declaramus3

328 4539 360 4598 in
381 4552 490 4598 eorum
512 4553 586 4598 vero
609 4535 760 4598 electione
774 4537 956 4613 suffragium
970 4536 1071 4598 ierant

327 4645 435 4692 omnes
458 4639 489 4692 et
507 4628 624 4706 singuli
646 4629 717 4707 qui,
748 4629 855 4706 vigore
878 4629 1069 4692 constitutio-

328 4739 416 4798 num,
437 4729 645 4797 statutorum,
675 4722 916 4786 declarationum
938 4722 988 4784 vel
1009 4723 1070 4800 pri-

330 4816 445 4894 vilegii,
467 4831 522 4878 scu
553 4816 641 4890 aliis,
665 4832 771 4878 vocem
793 4816 924 4878 activam
945 4817 981 4878 ad
1001 4831 1071 4894 pro·

328 4909 465 4972 vincialis
489 4909 674 4972 electionem
695 4910 835 4988 proxime
856 4908 993 4972 futuram
1014 4925 1070 4988 pro

329 5002 380 5064 illo
402 5010 469 5064 tum
490 5003 667 5078 habuerint,
683 5019 738 5064 seo
754 5003 785 5064 in
801 5020 859 5081 qua
882 5004 1070 5081 possessione

326 5095 461 5172 eligendi
472 5095 604 5158 luerint:
622 5095 748 5158 irritum
763 5103 793 5157 et
808 5095 900 5158 inane
913 5097 978 5175 ipso
992 5095 1070 5158 lactc

329 5195 358 5250 el
379 5188 492 5266 absque
513 5188 570 5249 alid
591 5188 793 5250 declaratione
825 5191 1024 5252 decernentes
1045 5189 1069 5250 si

326 5298 413 5344 secus
433 5299 525 5360 super
546 5282 593 5343 his
620 5281 840 5361 quovismodo
867 5283 934 5344 lieri
956 5283 1006 5346 vel
1027 5289 1070 5344 at·
1096 5300 1099 5388 p

330 5376 440 5438 tentari
461 5377 637 5453 contigerit.

139 5485 308 5546 usercenses
369 5485 416 5530 111.
441 5469 612 5534 Statuimus
634 5476 801 5548 praeterea,
824 5485 857 5530 ac
878 5469 963 5530 iuxta
984 5484 1069 5546 prae·

105 5536 268 5586 ⁶⁹¹¹¹¹¹¹⁰s¹¹¹¹¹
328 5563 406 5626 dicta
426 5565 546 5626 decreta
574 5561 660 5624 Pauli
681 5561 717 5624 V.
741 5569 772 5624 et
793 5577 895 5624 sacrae
916 5561 1069 5623 visitatio-

328 5657 376 5718 nis
396 5655 588 5736 spostolicae
608 5656 753 5718 volomus
770 5663 801 5718 et
823 5653 1011 5728 ordinamus,
1035 5660 1069 5715 ut

328 5749 436 5812 electio
451 5759 583 5828 quatuor
597 5751 797 5812 definitorum
812 5748 989 5824 actualium,
1005 5763 1068 5808 nou

368 5965 398 6020 (l)
413 5963 502 6012 Potius
517 5974 700 6020 quaemcunque
711 5967 780 6010 attus
793 5973 896 6011 carasca.

1121 709 1223 772 solnm
1245 723 1299 787 per
1329 708 1488 772 schedulas
1518 717 1665 783 secretas,
1693 707 1864 771 sedetiam

1122 803 1266 866 canonice
1288 801 1320 863 in
1349 808 1506 881 posterum
1534 803 1597 876 hat,
1620 818 1654 864 ac
1679 802 1808 880 insuper
1829 808 1864 864 ut

1123 903 1185 958 tres
1207 897 1385 959 definitores
1405 896 1511 972 additi,
1533 913 1589 958 sou
1611 896 1641 957 in
1666 895 1865 974 supplemen-

1124 999 1202 1066 tum,
1226 991 1263 1054 ab
1277 989 1422 1053 omnibus
1437 989 1632 1064 electoribus
1648 990 1754 1052 eidem
1774 989 1864 1052 unica

1123 1084 1356 1162 suffragatione,
1385 1101 1418 1146 ac
1439 1083 1619 1146 eisdemmet
1639 1082 1793 1145 schedulis
1818 1099 1863 1144 se-

1123 1177 1224 1251 cretis,
1241 1177 1351 1255 quibus
1366 1177 1512 1255 praedicti
1534 1185 1666 1254 quatuor
1686 1176 1865 1241 definitores

1123 1271 1254 1334 actuales
1276 1271 1449 1348 eliguntur,
1471 1271 1509 1333 de
1529 1279 1633 1334 cetero
1654 1269 1819 1346 eligantur.
1832 1270 1863 1334 Si

1123 1373 1226 1428 autem
1238 1366 1390 1441 evenerit,
1406 1365 1487 1444 qnod
1503 1373 1565 1428 tam
1586 1366 1737 1444 praedicta
1756 1364 1865 1427 electio

1123 1467 1256 1540 quatuor
1275 1458 1475 1520 definitorum
1494 1458 1660 1522 actualium
1681 1473 1773 1536 quam
1788 1457 1866 1520 iudi-

1122 1571 1193 1618 cum
1209 1570 1379 1628 causarum,
1397 1554 1491 1631 patris
1508 1552 1712 1631 provincialis,
1728 1551 1864 1614 visitato-

1123 1665 1194 1712 rum
1204 1648 1380 1727 provinciae
1390 1649 1440 1710 vel
1452 1648 1583 1710 aliorum
1595 1637 1865 1726 quorumcumque

1123 1742 1314 1818 officialium,
1337 1743 1390 1820 qui
1412 1743 1556 1804 canonice
1577 1757 1610 1802 ac
1631 1756 1685 1818 per
1704 1739 1865 1804 schedulas

1123 1847 1254 1899 secretas
1275 1844 1350 1898 sunt
1371 1835 1517 1910 eligendi,
1533 1835 1631 1912 prima
1652 1834 1719 1896 vice
1734 1849 1798 1895 non
1813 1833 1865 1895 de·

1123 1928 1334 2010 prehendatur
1356 1928 1495 2005 legitime
1516 1927 1591 1990 iacta
1613 1933 1643 1990 et
1664 1927 1863 2004 subsequuta,

1124 2031 1192 2086 tum
1213 2023 1402 2086 declaramus
1424 2029 1454 2084 et
1480 2021 1683 2099 praecipimus
1709 2027 1744 2082 ut
1765 2019 1866 2084 invio-

1124 2116 1257 2178 labiliter
1290 2115 1473 2176 observetur
1501 2115 1652 2191 praedicta
1684 2113 1864 2176 constitutio

1123 2210 1210 2272 Pauli
1230 2208 1280 2285 lt,
1304 2205 1671 2286 depraedicationem
1691 2206 1792 2268 solum
1811 2222 1865 2284 per

1123 2303 1310 2367 scrutinium
1336 2308 1493 2364 secretum
1517 2300 1749 2375 schedularum,
1777 2299 1865 2361 toties

1125 2397 1310 2470 iterandum,
1334 2395 1414 2456 intra
1437 2401 1559 2472 tempus
1586 2408 1766 2456 concessum
1787 2392 1867 2454 eler-

1125 2489 1253 2563 toribus,
1270 2490 1305 2550 ad
1320 2487 1510 2564 eligendum,
1528 2487 1646 2564 quoties
1668 2501 1744 2564 opus
1758 2485 1863 2558 luerit,

1125 2579 1300 2644 huiusmodi
1323 2580 1430 2642 electio
1452 2580 1502 2641 vel
1519 2579 1684 2641 electiones
1705 2578 1742 2640 de
1762 2585 1864 2639 cetero

1125 2678 1212 2738 liant:
1237 2675 1361 2737 irritum
1377 2691 1410 2735 ac
1425 2674 1517 2735 inane
1533 2673 1598 2751 ipso
1613 2673 1691 2734 iacto
1706 2679 1736 2732 et
1751 2671 1865 2749 absque

1123 2770 1180 2832 alit
1201 2768 1405 2832 declaratione
1430 2768 1632 2830 decernentes
1653 2766 1676 2826 si
1703 2782 1790 2828 secus
1814 2781 1866 2826 sn-

1124 2862 1239 2942 perbis
1254 2855 1363 2939 quovis
1377 2859 1468 2922 modo
1483 2857 1549 2920 lieri
1567 2858 1617 2920 vel
1632 2858 1777 2920 attentari
1793 2873 1865 2920 con-

1124 2955 1240 3034 tigerit.

1164 3067 1205 3112 1v.
1229 3049 1269 3112 Ut
1291 3047 1360 3111 lites
1373 3055 1404 3110 et
1418 3046 1594 3120 discordiae,
1610 3062 1688 3125 quae
1703 3047 1779 3109 circa
1795 3061 1864 3108 auc·
1896 3053 1930 3096 1³0
1941 3048 2094 3112 apotastare

1124 3143 1281 3205 toritatem
1307 3147 1338 3202 et
1366 3140 1611 3203 iurisdictionem
1639 3140 1733 3217 patris
1753 3139 1866 3218 praesi-
1883 3102 2095 3204 Ρέἓῗέὖῗῖἓῧεῖῗ

1124 3235 1224 3298 dentis
1235 3243 1266 3296 et
1276 3233 1412 3296 iudicum
1427 3249 1588 3296 causarum
1599 3231 1778 3310 frequenter
1789 3231 1865 3292 oriri
1883 3221 1949 3257 rum.

1123 3329 1240 3403 solent,
1272 3327 1396 3406 penitus
1418 3331 1653 3400 removeantur,
1676 3324 1865 3388 declaramus

1124 3421 1291 3500 praedictos
1314 3427 1413 3499 patres
1434 3418 1553 3481 nullam
1574 3418 1686 3480 habere
1704 3419 1868 3480 auctorita·

1126 3523 1188 3578 tem
1208 3531 1263 3576 seu
1284 3511 1526 3576 iurisdictionem
1540 3528 1615 3575 voce
1625 3511 1722 3574 activa
1737 3510 1786 3572 vel
1801 3526 1867 3588 pas-

1123 3609 1187 3670 siva
1208 3609 1341 3687 aliquem
1356 3606 1509 3685 privandi,
1531 3613 1584 3668 aut
1598 3605 1636 3668 ab
1651 3605 1801 3667 electione
1816 3619 1868 3665 eu-

1124 3700 1284 3775 cludendi,
1307 3716 1409 3778 neque
1440 3716 1536 3761 novos
1565 3715 1723 3778 processus
1748 3697 1784 3757 acl
1811 3697 1866 3757 hos

1125 3795 1250 3858 eftectus
1271 3794 1321 3856 vel
1343 3793 1380 3853 ad
1400 3793 1536 3872 aliquem
1565 3807 1674 3854 eornm
1701 3791 1866 3854 conficien-

1124 3888 1215 3962 dum,
1245 3887 1304 3948 nisi
1330 3887 1432 3948 solum
1460 3893 1586 3965 propter
1614 3902 1700 3946 casus
1732 3885 1868 3946 notorios

1127 3983 1206 4043 intra
1228 3980 1303 4043 duos
1324 3993 1445 4042 menses
1466 3986 1539 4040 ante
1567 3977 1749 4040 electionem
1776 3977 1868 4055 patris

1126 4073 1322 4152 provincialis
1350 4079 1560 4148 emergentes
1584 4077 1614 4133 et
1636 4078 1788 4149 quatenus
1816 4085 1868 4130 reo

1126 4165 1211 4229 nulla
1227 4165 1361 4228 defensio
1374 4165 1464 4228 etiam
1480 4163 1644 4242 probabilis
1655 4165 1692 4225 de
1707 4164 1774 4226 iure
1789 4179 1869 4226 ccm-

1126 4266 1219 4336 pctat,
1235 4275 1268 4320 ac
1285 4255 1461 4320 huiusmodi
1476 4271 1574 4333 poena
1598 4255 1648 4316 vel
1669 4270 1784 4332 poenae
1805 4255 1870 4331 ipso

1126 4351 1205 4414 iacto
1215 4351 1415 4414 incurrantur
1425 4349 1477 4411 vel
1487 4351 1628 4411 incursae
1643 4348 1769 4411 luerint.
1787 4347 1871 4409 Prio-

1126 4463 1174 4508 res
1195 4453 1299 4506 autem
1320 4457 1495 4522 suspensos,
1510 4449 1542 4503 et
1561 4441 1635 4503 alios
1656 4457 1870 4520 quoscumque

1127 4557 1212 4614 reos,
1241 4540 1295 4618 qui
1322 4556 1338 4600 a
1367 4543 1452 4615 patre
1484 4535 1667 4614 provinciali
1699 4541 1729 4596 et
1758 4535 1866 4598 defini-

1128 4633 1244 4696 toribus
1272 4639 1343 4693 ante
1371 4629 1538 4710 praedictos
1569 4632 1646 4694 duos
1676 4646 1798 4692 menses
1826 4632 1870 4691 iu-

1127 4727 1218 4789 dicari
1250 4725 1408 4787 definitive
1436 4740 1500 4785 non
1526 4730 1711 4802 potuerunt,
1741 4725 1869 4784 servatis

1126 4817 1294 4894 servandis,
1317 4819 1438 4897 privare
1459 4823 1617 4896 poterunt,
1641 4817 1810 4879 dummodo
1829 4823 1871 4878 ta-

1127 4927 1200 4974 men
1221 4928 1307 4974 casus
1328 4909 1509 4990 privationis
1536 4910 1602 4972 sint
1623 4910 1655 4972 in
1677 4910 1869 4972 constitutio-

1126 5006 1219 5068 nibus
1240 5003 1387 5082 eupressi,
1410 5009 1440 5065 et
1461 5019 1549 5065 causa
1570 5002 1622 5063 vel
1643 5018 1748 5064 causae
1762 5011 1868 5064 contra

1127 5115 1177 5160 eos
1206 5095 1387 5160 iudicialiter
1408 5101 1438 5156 et
1460 5094 1617 5172 legitime,
1640 5094 1676 5155 ad
1704 5097 1868 5174 praescrip-

1128 5198 1194 5253 tum
1217 5187 1329 5251 decreti
1351 5186 1409 5250 sub
1430 5203 1563 5250 numero
1585 5202 1670 5248 xxiv.
1686 5188 1866 5270 intrapositi,

1126 5299 1180 5362 per
1211 5288 1329 5360 patrem
1360 5279 1598 5360 provincialem,
1627 5279 1674 5342 vel
1701 5296 1756 5360 per
1777 5281 1867 5342 aliam

1127 5374 1297 5452 legitimam
1319 5375 1534 5434 auctoritatem
1557 5373 1739 5447 habentem,
1764 5374 1866 5436 actita-

1127 5475 1173 5529 tae
1195 5476 1225 5529 et
1245 5466 1405 5530 conclusae
1419 5466 1455 5527 ad
1473 5467 1660 5528 sententiam
1680 5467 1758 5528 sint:
1781 5467 1865 5540 alias,

1124 5560 1151 5621 si
1171 5563 1314 5622 adversus
1335 5560 1468 5639 aliquem
1483 5576 1521 5622 er
1536 5560 1672 5637 patribus
1694 5576 1798 5622 vocem
1821 5575 1866 5622 ac·

1128 5653 1220 5714 tivam
1243 5652 1293 5715 vel
1318 5653 1468 5732 passivam
1495 5652 1679 5714 habentibus
1701 5669 1865 5730 quaecum-

1125 5763 1186 5825 que
1201 5746 1275 5808 aliae
1289 5763 1394 5808 causae
1409 5747 1464 5827 (l),
1486 5745 1730 5822 informationes,
1746 5747 1866 5810 denun-
