4878 6982
371 573 469 642 uad.
490 577 558 642 toea
611 583 667 652 tet

588 731 770 810 obsequium
791 731 953 810 praecipuo
970 723 1103 794 caritatis
1124 733 1233 797 affectu
1249 749 1332 798 com·

590 826 764 906 plectimur,
787 825 981 903 pontificium
1003 827 1227 905 patrocinium,
1251 829 1330 906 quod

588 937 672 982 nunc
683 920 1176 999 benevolentissimepollicemur,
1187 923 1219 983 iu
1232 923 1332 984 omni·

587 1016 655 1088 bus,
678 1030 754 1092 quae
775 1030 808 1074 se
829 1013 977 1088 offerent,
1007 1015 1216 1077 occasionibus
1242 1015 1332 1093 plane

587 1106 859 1185 repraesentaturi.
873 1107 936 1168 Etsi
952 1109 1039 1169 enim
1060 1108 1161 1185 longis
1176 1116 1332 1170 terrarum

586 1201 784 1278 mariumque
804 1201 907 1278 spatiis
928 1217 944 1260 a
966 1202 1144 1277 regionibus
1159 1202 1224 1264 istis
1244 1202 1334 1264 absu-

587 1311 668 1368 mus,
683 1294 828 1370 vigilibus
851 1301 953 1356 tamen
974 1294 1057 1357 curis
1076 1303 1220 1374 pateruae
1242 1295 1333 1358 dilec-

587 1389 699 1462 tionis,
732 1405 793 1466 quo
827 1387 975 1466 inclytam
1006 1388 1163 1450 nationem
1196 1395 1331 1450 vestram

587 1483 814 1562 prosequimur,
827 1483 919 1544 rebus
934 1483 1045 1544 vestris
1057 1490 1176 1561 praesto
1191 1497 1331 1544 essenon

587 1576 876 1654 praetermittimus.
894 1576 971 1638 Hinc
985 1577 1105 1654 quoties
1126 1579 1278 1638 Armenes
1294 1577 1333 1638 E-

588 1671 724 1748 piscopos
746 1671 918 1732 devotionis
938 1685 1024 1748 ergo,
1048 1670 1249 1748 debitumque
1263 1672 1333 1733 obe-

587 1763 722 1826 dieutiae
743 1764 897 1826 tributum
918 1763 1135 1842 Apostolorum
1151 1764 1283 1842 Principi
1299 1782 1332 1827 ac

588 1858 676 1919 nobis
696 1857 856 1918 humiliter
870 1857 1066 1936 persolvendi
1087 1859 1175 1920 causa
1196 1857 1232 1918 ad
1255 1859 1333 1920 banc

588 1952 701 2013 almam
722 1952 838 2013 Urbem
859 1951 1002 2013 accedere
1024 1953 1188 2028 contingit,
1210 1968 1261 2013 eos
1282 1953 1332 2014 bic

588 2046 780 2124 perbenigne
800 2044 898 2122 excipi
915 2053 945 2106 et
960 2061 1098 2121 congrue
1120 2045 1159 2106 ali
1174 2061 1329 2120 curamus,

587 2141 664 2218 quin
686 2140 748 2200 imo
769 2155 827 2201 nec
849 2139 1008 2218 quibusvis
1033 2139 1099 2199 aliis
1121 2139 1257 2201 eiusdem
1280 2155 1333 2200 na-

587 2235 681 2295 tionis
701 2232 1073 2311 lrominibusapostolicae
1088 2233 1220 2294 caritatis
1241 2249 1331 2309 argu-

587 2335 691 2389 menta
713 2327 816 2388 deesse
837 2327 982 2404 patimur,
1006 2327 1117 2404 quibus
1137 2326 1253 2388 scilicet
1267 2343 1331 2388 non

586 2422 677 2484 modo
705 2422 736 2482 in
765 2421 925 2500 temporali
953 2422 1056 2482 nostra
1081 2421 1196 2483 ditione
1215 2437 1331 2500 quam·

587 2532 721 2594 cumque
742 2515 915 2576 molestiam
937 2514 1046 2576 inferri
1071 2515 1208 2577 districte
1229 2516 1331 2593 prohi-

586 2609 707 2684 bemus,
730 2610 782 2670 sed
805 2625 855 2670 eos
876 2609 964 2684 inibi,
995 2611 1176 2686 praesertim
1202 2611 1330 2670 veroin

586 2702 669 2765 Urbe
694 2701 843 2780 praefata,
866 2703 898 2763 in
925 2719 982 2782 qua
1012 2701 1141 2764 Romani
1168 2702 1331 2764 Pontifices

585 2797 832 2875 praedecessores
854 2795 961 2871 nostri,
985 2797 1086 2872 gentis
1108 2805 1228 2858 vestrae
1249 2813 1332 2858 com·

587 2892 686 2952 modis
707 2907 738 2952 ac
756 2891 858 2968 pietati
881 2889 1088 2964 consulentes,
1101 2891 1269 2967 hospitium
1284 2892 1330 2952 in-

585 2985 678 3046 simul
701 2991 731 3044 et
753 2983 922 3058 ecclesiam,
938 2985 971 3044 iu
992 3000 1051 3062 qua
1073 2984 1167 3045 vestri
1189 2985 1267 3046 ritus
1286 3001 1332 3045 sa-

588 3095 636 3140 cra
659 3077 806 3139 catholico
828 3093 914 3138 more
935 3077 1032 3139 libere
1053 3095 1085 3140 ac
1104 3080 1248 3140 decenter
1263 3093 1330 3156 per-

587 3172 729 3248 ageretis,
759 3171 974 3248 designarunt,
1005 3179 1145 3233 amanter
1177 3172 1271 3249 recipi
1301 3179 1331 3233 et

588 3264 687 3327 debita
708 3264 901 3326 humanitate
916 3265 1014 3325 foveri
1029 3265 1157 3326 omnino
1172 3265 1328 3326 volumus.

587 3357 720 3420 lllustria
743 3359 879 3437 profecto
901 3359 973 3420 baec
990 3368 1065 3422 suut
1086 3359 1235 3437 pontificii
1249 3375 1331 3420 amo-

587 3453 629 3514 ris
652 3451 683 3513 in
715 3453 884 3514 llrmonam
912 3453 1071 3514 nationem
1100 3453 1292 3529 testimonia,
1316 3469 1332 3513 a

587 3565 646 3627 qua
668 3547 795 3625 proinde
816 3547 893 3608 illud
909 3547 1043 3609 vicissim
1059 3545 1147 3608 nobis
1162 3546 1332 3626 optandum

586 3647 737 3720 superest,
762 3647 796 3702 ut
811 3640 841 3704 S.
858 3640 930 3702 huic
951 3641 1142 3718 Apostolicae
1164 3641 1330 3703 Gatlredrae

587 3743 764 3800 constanter
778 3735 942 3797 adhaerere
963 3736 1094 3809 studeat,
1111 3749 1169 3795 nec
1182 3735 1219 3796 ab
1240 3735 1331 3796 liuius

586 3835 692 3907 petrae
711 3827 864 3890 soliditate
882 3827 1024 3906 deinceps
1039 3827 1146 3890 abduci
1162 3827 1224 3890 ullo
1240 3829 1331 3889 modo

587 3922 731 4000 patiatur,
760 3923 835 3983 adeo
855 3929 891 3983 ut
917 3921 1048 3983 Ecclesia
1076 3929 1177 3983 vestra
1201 3923 1331 3984 orunino

587 4015 756 4078 consentiat
768 4031 840 4078 cum
852 4014 983 4077 Ecclesia
996 4015 1088 4078 latini
1100 4015 1132 4078 in
1144 4017 1331 4094 professione

587 4111 751 4174 catholicae
772 4109 854 4186 fidei,
878 4110 911 4170 in
933 4111 966 4170 ea
987 4109 1102 4171 scilicet
1129 4110 1329 4188 professione,

587 4221 680 4284 quam
700 4221 772 4265 san:
797 4219 863 4265 me:
888 4201 1036 4265 silvester
1061 4203 1136 4282 Papa
1158 4205 1332 4282 praedeces-

587 4316 638 4360 sor
659 4307 765 4361 noster
796 4313 851 4376 per
872 4313 983 4359 manus
1005 4297 1037 4357 B.
1066 4295 1163 4358 Patris
1190 4297 1330 4374 Gregorii

587 4391 810 4455 lllumiuatoris
832 4398 906 4453 tunc
927 4389 1042 4451 Romae
1063 4391 1203 4467 degentis
1218 4393 1253 4453 ad
1275 4395 1332 4453 llr-

587 4501 696 4548 menes
708 4492 888 4563 ceterosque
902 4483 1064 4545 orientales
1076 4485 1203 4563 populos
1217 4483 1330 4547 deferri

587 4597 642 4658 pro
653 4579 706 4641 sual
718 4577 913 4640 solicitudine
926 4579 1062 4641 curavit:
1081 4595 1158 4656 quae
1173 4593 1246 4640 sane
1260 4595 1329 4657 pro-

587 4672 727 4734 fessionis
747 4673 845 4733 forma
873 4672 1004 4733 mirifice
1025 4672 1169 4748 congruit
1195 4671 1332 4734 traditio-

588 4767 679 4828 nibus
700 4783 734 4827 ac
754 4765 911 4828 doctrinae
938 4765 1166 4844 praeclarorum
1188 4773 1330 4828 veterum

587 4859 785 4937 scriptorum,
801 4859 856 4938 qui
870 4860 901 4920 ln
917 4858 1097 4936 regionibus
1115 4859 1180 4920 istis
1202 4859 1331 4921 antehac

588 4953 701 5015 eximie
722 4954 907 5015 floruerunt.

628 5047 819 5110 Condidimus
840 5054 959 5121 autem,
983 5054 1013 5108 te
1034 5063 1049 5106 a
1071 5044 1194 5108 divinae
1216 5047 1331 5124 gratiae

587 5141 734 5204 ineffabili
755 5140 874 5203 lumine
894 5141 1083 5202 illustratum
1104 5140 1154 5216 iri,
1171 5139 1213 5200 ita
1234 5147 1269 5202 ut
1283 5156 1330 5201 re·

587 5235 673 5297 lectis
693 5234 786 5308 falsis,
809 5251 887 5312 quae
908 5251 923 5294 a
942 5233 1101 5296 nonnullis
1123 5239 1229 5296 contra
1250 5237 1331 5312 Apo-

586 5329 725 5391 stolicam
747 5327 859 5391 Sedem
880 5328 946 5390 istic
972 5329 1152 5404 vulgantur,
1175 5327 1329 5406 opinioni-

586 5422 656 5499 bus,
678 5428 771 5502 atque
791 5421 937 5500 inspecta,
961 5429 1052 5500 prout
1063 5421 1150 5484 decet
1171 5422 1330 5484 venerabi·

587 5514 649 5577 lem
679 5516 875 5594 prudentiam
907 5523 1008 5590 tuum,
1041 5531 1148 5578 rerum
1179 5516 1327 5591 veritate,

587 5609 728 5671 exciteris
754 5609 1030 5686 adinquirendum
1059 5617 1089 5671 et
1110 5611 1329 5688 assequendam

587 5702 753 5780 perfectam
769 5717 840 5764 cum
863 5701 967 5782 Capite
987 5703 1150 5778 unionem,
1168 5711 1201 5764 ut
1217 5703 1257 5764 ita
1273 5719 1329 5764 nos

587 5795 722 5858 invicem
737 5805 768 5857 te
784 5797 817 5858 in
839 5797 958 5858 unitate
978 5797 1115 5876 spiritus,
1131 5798 1330 5875 quemadmo-

588 5890 663 5952 dum
694 5891 933 5968 praeteritorum
959 5891 1143 5954 Pontificum
1168 5892 1329 5970 praecipue

586 5999 661 6050 xero
672 5985 834 6049 memorati
850 5985 992 6053 silvestri
1005 5986 1147 6070 exemplo
1161 5987 1331 6050 vehemen-

1110 593 1174 658 lur't.
1199 597 1289 660 nour.
1312 595 1353 657 ba
1374 609 1402 656 ι.
1427 597 1456 658 ti.
1480 597 1563 660 runs
1585 611 1605 659 1.

1388 739 1435 795 ter
1455 732 1609 811 cupimus,
1633 731 1665 794 in
1687 731 1851 810 palernum
1875 733 1982 796 sinum
2002 732 2132 816 excipia-

1388 844 1466 889 mus.
1492 829 1525 890 ln
1547 827 1626 890 banc
1648 828 1751 906 itaque
1762 829 1836 891 adeo
1856 828 2020 891 salutarem
2042 830 2132 894 unio-

1388 923 1436 984 nis
1458 921 1609 998 porfectae
1629 937 1747 996 curam,
1770 923 1964 997 confrater,
1985 931 2049 986 toto
2063 941 2133 1003 pec-

1387 1023 1454 1076 tore
1477 1016 1645 1090 diligenter
1660 1015 1816 1088 incumbe,
1833 1015 1943 1079 fratres
1958 1025 1990 1080 et
2004 1019 2133 1082 univer-

1388 1125 1436 1170 sos
1458 1109 1536 1170 filios
1558 1110 1590 1170 in
1614 1110 1736 1172 Christo
1752 1117 1820 1172 tuos
1841 1111 1969 1186 hortari,
1987 1129 2129 1188 monere,

1387 1203 1571 1264 confirmare
1593 1219 1633 1264 ne
1655 1203 1788 1278 desinas,
1812 1212 1847 1266 ut
1867 1203 1928 1265 illis
1942 1213 1974 1266 et
1996 1205 2052 1284 ipsi
2076 1207 2131 1268 tibi

1388 1311 1561 1374 perennem
1582 1297 1714 1358 incaelo
1736 1297 1878 1374 gloriam,
1898 1305 1941 1374 et,
1964 1299 1988 1360 si
2010 1299 2132 1378 placue-

1387 1389 1428 1451 rit
1450 1391 1592 1465 Dornino,
1622 1391 1870 1469 tranquilliorem
1893 1399 1925 1454 et
1945 1393 2131 1471 paratiorem

1388 1483 1480 1544 huius
1512 1500 1634 1562 quoque
1659 1484 1741 1546 vitae
1770 1485 1949 1562 dirigendae
1978 1487 2131 1549 rationem

1388 1577 1521 1654 aliquam
1537 1578 1703 1656 impetrare
1719 1595 1829 1658 queas;
1846 1596 1917 1641 cum
1932 1581 2018 1642 enim
2033 1599 2049 1643 a
2064 1584 2131 1661 piae

1387 1671 1494 1732 matris
1510 1673 1606 1733 ubere
1621 1671 1779 1750 ductuque
1800 1673 1962 1737 descivisse
1978 1675 2131 1740 malorum

1387 1766 1540 1840 omnium,
1564 1783 1641 1844 quae
1664 1767 1696 1827 in
1718 1783 1772 1828 vos
1794 1770 1967 1842 irruerunt,
1991 1771 2079 1848 origo
2100 1779 2132 1832 et

1388 1858 1473 1919 radix
1495 1860 1593 1937 prima
1615 1859 1721 1934 fuerit,
1744 1862 1924 1925 existimare
1945 1879 2000 1942 par
2021 1873 2079 1940 est,
2095 1867 2132 1928 ad

1387 1952 1528 2013 eamdem
1550 1953 1654 2016 reditu
1682 1955 1838 2030 miserias,
1861 1957 1973 2034 quibus
1994 1959 2132 2020 obstricti

1388 2061 1472 2107 nunc
1503 2047 1586 2122 estis,
1617 2047 1728 2109 accersi
1755 2049 1960 2112 benedicente
1988 2050 2129 2127 Domino,

1388 2139 1477 2218 plane
1499 2156 1597 2218 posse.

1426 2235 1555 2296 iuterim
1584 2235 1663 2297 scire
1685 2243 1716 2297 te
1738 2237 1900 2312 volumus,
1930 2254 1986 2300 nos
2007 2255 2046 2300 ex
2067 2241 2131 2302 ani-

1387 2346 1438 2390 mo
1453 2329 1572 2404 gavisos
1586 2329 1692 2404 fuisse,
1708 2331 1760 2392 ubi
1777 2329 1990 2394 intelleximus
2009 2349 2132 2396 saevam

1388 2424 1419 2484 iu
1442 2430 1472 2484 te
1498 2422 1663 2484 excitatam
1692 2430 1926 2502 tempestatem,
1956 2427 2130 2506 imperante

1387 2517 1518 2578 Domino
1539 2517 1653 2592 ventis,
1677 2519 1738 2580 iam
1759 2519 1925 2596 resedisse,
1949 2528 2043 2600 teque
2065 2522 2131 2583 feli-

1387 2611 1464 2672 citer
1485 2627 1518 2673 ac
1540 2613 1650 2686 magni
1680 2611 1724 2674 tui
1747 2613 1883 2674 nominis
1904 2614 2001 2690 gloria
2029 2616 2131 2678 inimi·

1386 2719 1494 2765 corum
1516 2704 1640 2765 insidias
1662 2705 1805 2781 evasisse,
1823 2723 1881 2768 nec
1902 2707 2089 2784 dubitamus,
2105 2711 2131 2772 si

1386 2797 1434 2875 pia
1455 2803 1648 2875 mensatque
1670 2799 1825 2875 voluntas,
1842 2817 1935 2879 quam
1956 2803 2129 2878 ostendisti,

1387 2889 1474 2950 firma
1498 2889 1552 2950 tibi
1569 2897 1600 2951 et
1615 2890 1729 2952 stabilis
1744 2895 1963 2970 permanserit,
1981 2895 2057 2973 quin
2073 2896 2132 2956 mi-

1385 2983 1625 3046 sericordiarum
1645 2985 1735 3046 Pater
1756 2987 1847 3062 Deus,
1871 2989 1924 3067 qul
1945 2989 2016 3051 facit
2038 2991 2130 3052 mira-

1386 3077 1456 3138 bilia
1479 3093 1587 3155 magna
1609 3079 1703 3154 solus,
1720 3095 1799 3142 nova
1814 3081 1913 3143 adbuc
1934 3088 1965 3143 et
1987 3083 2130 3145 uberiora

1387 3172 1494 3248 gaudia
1526 3173 1613 3234 uobis
1640 3171 1796 3235 derebus
1824 3184 1893 3236 tum
1920 3177 2130 3254 spiritualibus

1387 3273 1455 3328 tum
1477 3267 1699 3346 temporalibus
1724 3268 1836 3329 vestris
1859 3269 1891 3329 in
1917 3269 2030 3331 melius
2059 3286 2131 3331 con-

1387 3361 1483 3420 versis
1499 3359 1635 3436 benigne
1647 3361 1843 3438 praebiturus
1857 3362 1908 3436 sit,
1921 3362 2001 3441 quod
2014 3363 2051 3424 ab
2062 3363 2130 3426 eius

1387 3453 1507 3514 infinita
1529 3453 1694 3515 clementia
1715 3455 1845 3516 summis
1864 3456 2005 3532 precibus
2026 3464 2129 3536 postu·

1386 3547 1496 3609 lamus.
1520 3547 1669 3610 Ceterum
1690 3553 1724 3608 ut
1745 3555 1891 3625 paternae
1914 3559 2034 3612 nostrae
2050 3551 2081 3619 ἰιι
2099 3557 2129 3613 te

1386 3641 1553 3702 voluntatis
1575 3640 1781 3702 luculentiora
1800 3641 1909 3704 habeas
1931 3653 2128 3721 argumenta,

1386 3734 1540 3795 mittimus
1562 3735 1598 3796 ad
1621 3743 1651 3797 te
1672 3733 1794 3814 pietatis
1816 3751 1879 3797 non
1901 3738 2016 3814 minus,
2036 3754 2130 3815 quam

1386 3827 1543 3888 doctrinae
1565 3827 1655 3889 laude
1677 3835 1888 3906 praestantem
1910 3829 2016 3892 virum
2037 3831 2129 3894 dilec-

1386 3927 1455 3981 tum
1477 3921 1577 3982 filium
1600 3922 1812 3984 Cacoiaturum
1840 3922 1982 3985 brachiel
2003 3925 2129 4004 presby-

1386 4019 1491 4074 terum
1513 4017 1700 4089 Armenum,
1717 4015 1770 4092 qui
1785 4029 1896 4077 sensus
1917 4017 1973 4078 tibi
1994 4025 2127 4095 nostros,

1386 4107 1450 4168 imo
1471 4107 1572 4185 potius
1603 4108 1757 4169 Romanae
1787 4108 1957 4184 Ecclesiae,
1983 4111 2015 4172 in
2041 4112 2129 4173 ouius

1385 4199 1457 4261 sinu
1479 4201 1624 4263 educatus
1641 4201 1711 4276 fuit,
1729 4201 1855 4264 uberius
1877 4203 2057 4282 explicabit:
2081 4205 2130 4266 in·

1387 4301 1471 4356 terea
1497 4309 1573 4356 vero
1596 4303 1741 4374 tanquam
1763 4297 1933 4375 praedictae
1960 4299 2128 4363 voluntatis

1386 4389 1613 4467 qualecumque
1635 4390 1759 4468 pignus,
1782 4392 1965 4453 munuscula
1979 4393 2128 4472 quaedam

1386 4483 1421 4544 ad
1444 4491 1474 4544 te
1496 4482 1628 4562 perferri
1656 4484 1843 4546 curavimus.
1875 4483 1918 4547 bc
1942 4485 2128 4550 fraternitati

1386 4584 1456 4638 tuae
1477 4576 1596 4654 totique
1624 4575 1743 4637 nationi
1764 4577 1976 4639 Armenorum
2000 4589 2128 4643 tuorum

1385 4669 1554 4749 propitium
1569 4679 1601 4732 et
1615 4669 1802 4748 aspirantem
1817 4671 1917 4733 Deum
1932 4674 2128 4753 omnipoten-

1386 4771 1451 4824 tem
1471 4763 1676 4840 exposcimus
1702 4763 1960 4844 apostolicamque
1984 4766 2128 4830 benedic-

1386 4857 1504 4918 tionem
1518 4872 1557 4918 ex
1573 4856 1659 4917 omni
1679 4856 1778 4918 cordis
1799 4853 1910 4920 affectu
1930 4869 2128 4938 peramanter

1385 4949 1594 5029 impertimur.

1423 5045 1535 5106 Datum
1549 5043 1675 5118 Romae,
1691 5046 1770 5124 apud
1793 5043 1822 5107 S.
1840 5045 1967 5107 Mariam
1981 5047 2126 5112 lfaiorem

1384 5137 1441 5199 sub
1452 5137 1568 5198 annulo
1579 5137 1698 5212 Piscat,
1715 5136 1765 5198 die
1779 5153 1826 5199 ιιι.
1845 5140 1918 5201 maii
1932 5157 2126 5220 nocuerim,

1384 5230 1579 5309 pontificatus
1601 5231 1699 5292 nostri
1720 5247 1801 5292 auno
1825 5248 1878 5294 vu.

1637 5516 1875 5530 ..n—w
