4836 6998
119 568 182 625 An.
195 571 225 624 G.
247 571 316 625 ttae

976 591 1175 642 tunsoratus
1197 592 1268 640 xttt.

345 712 521 791 pariantur3
538 713 665 792 ipseque
680 713 865 776 Emmanuel
881 715 941 776 una
957 730 1029 776 cum
1044 729 1091 776 oe
1149 714 1223 778 licae
1244 717 1401 780 firmitatis
1423 719 1519 781 robur
1539 719 1710 794 adiicimus,
1734 737 1767 782 ac
1788 735 1896 782 omnes

344 807 420 868 teris
447 807 603 870 vocalibus
634 809 810 886 praedictis,
842 809 1039 870 considerans
1059 825 1092 868 se

343 916 468 978 quoque
488 906 519 962 et
539 899 649 963 iratres
680 901 877 962 lliscalceatos
907 900 1024 962 eisdem
1045 899 1092 960 in-

344 993 512 1055 commodis
533 1009 566 1056 ac
587 993 831 1066 difficultatibus,
854 992 966 1072 quibus
988 993 1032 1054 illi
1054 993 1092 1054 de

343 1084 543 1148 observantis
563 1085 733 1161 subiacent,
755 1087 788 1148 in
814 1102 934 1148 accessu
955 1088 991 1148 ad
1012 1086 1091 1164 capi·

343 1177 408 1239 tula
428 1178 585 1254 generalia
602 1178 779 1240 huiusmodi
794 1179 943 1240 obnoxios
956 1195 1034 1254 esse,
1051 1196 1091 1240 ne

343 1270 465 1332 diverso
485 1271 522 1332 ab
543 1272 586 1332 eis
608 1272 687 1346 iure,
710 1272 763 1334 ubi
784 1288 839 1349 par
864 1273 942 1333 ratio
963 1272 1088 1346 militat,

342 1372 559 1440 censerentur,
592 1365 816 1443 deteriorisque
845 1382 879 1428 ae
910 1365 956 1426 illi
988 1364 1090 1426 loreut

342 1459 539 1532 conditionis,
562 1475 667 1536 preces
688 1459 857 1520 novissimo
882 1459 1016 1538 capitulo
1038 1473 1091 1534 ge·

343 1550 440 1612 nerali
461 1550 597 1629 praelato
618 1551 803 1629 porrexisset
824 1551 859 1613 ad
881 1553 938 1614 boc
954 1559 989 1614 ut
1006 1567 1090 1630 prae-

341 1643 441 1706 mium
463 1642 608 1706 iratribus
623 1645 661 1706 de
676 1643 875 1708 observantie
890 1660 928 1706 ex
944 1645 1038 1706 indiis
1053 1645 1089 1706 ad

341 1735 472 1814 capitula
504 1737 659 1812 generalia
689 1737 889 1800 venientibus
920 1753 975 1815 per
995 1738 1089 1800 dictas

341 1828 579 1892 constitutiones
608 1837 761 1891 statutum
789 1839 864 1892 tunc
891 1847 924 1892 ac
945 1830 1089 1908 deinceps

340 1927 377 1988 ad
399 1925 479 2002 ipsos
499 1922 609 1984 iratres
630 1921 828 1984 lliscalceatos
853 1924 1087 1998 extenderetur,

254 2065 258 2074 .
340 2019 441 2096 iisque
461 2014 574 2078 rationi
595 2015 737 2076 consonis
764 2015 907 2093 repertis,
931 2016 1089 2078 emanavit

341 2129 358 2172 a
378 2111 459 2174 dicto
479 2109 613 2188 capitulo
634 2109 773 2184 generali
794 2108 956 2170 decretum
970 2109 1089 2170 tenoris

340 2205 394 2284 qui
413 2203 566 2282 sequitur,
590 2201 746 2264 videlicet:

189 2391 321 2454 ueterum
382 2392 556 2455 convocato
571 2387 747 2450 delinitorio
762 2388 901 2464 generali
916 2387 967 2450 die
982 2403 1025 2448 xr.
1041 2387 1089 2448 iu-

98 2442 233 2540 praedicti
251 2455 323 2508 capr·
366 2485 371 2496 ,

114 2495 156 2541 uli
173 2497 306 2554 geramus.

340 2486 398 2560 nri,
419 2481 628 2563 pendentibus
648 2482 747 2542 adbuc
767 2481 841 2542 actis
857 2481 1086 2559 capitularibus,

340 2587 372 2642 et
391 2574 555 2657 propositis
583 2575 615 2635 in
637 2590 673 2635 eo
704 2573 856 2634 laboribus
877 2581 907 2636 et
929 2574 1086 2652 periculis,

340 2671 452 2752 quibus
470 2675 571 2747 patres
587 2667 705 2730 vocales
721 2666 878 2728 ludicrum
894 2668 927 2730 in
944 2677 1005 2728 tam
1020 2668 1089 2730 lon-

340 2781 380 2842 go
400 2771 432 2825 et
452 2763 547 2824 arduo
568 2761 680 2822 itinere
700 2759 830 2820 subiecti
847 2760 988 2835 luerunt,
1005 2759 1087 2822 idem

340 2856 553 2921 delinitorium
575 2854 684 2916 statuit
705 2861 736 2915 et
757 2853 905 2928 decrevit,
922 2861 957 2915 ut
978 2871 1087 2916 omnes

339 2949 465 3030 praelati
487 2955 587 3027 patras
610 2946 741 3020 vocales,
764 2946 822 3006 etsi
844 2946 1016 3008 nonnullae
1036 2948 1087 3009 de·

339 3043 443 3106 ticiant
463 3041 624 3120 qualitates
646 3055 703 3117 pro
717 3040 934 3116 consequendo
949 3040 1089 3117 praemio

338 3143 454 3198 statuto
475 3151 491 3195 a
512 3132 788 3196 constitutionibus
809 3131 938 3194 Ordinis·
958 3133 1088 3196 venien·

339 3229 421 3291 tibus
450 3228 487 3290 ad
517 3226 688 3304 capitulum
723 3225 869 3301 generale
903 3227 1087 3304 praesertim

338 3321 580 3393 cismontanum,
604 3319 655 3379 tali
677 3318 813 3396 praemio
834 3333 867 3378 ac
889 3319 1087 3396 praeminen-

338 3414 391 3476 tiis
411 3413 473 3476 lrui
495 3412 617 3474 debere.
642 3410 753 3474 [latum
771 3409 945 3485 Mediolani,
961 3410 1011 3474 die
1026 3426 1084 3473 xrr.

338 3505 462 3584 augusti
483 3519 663 3568 xnccxxrx.
694 3574 697 3580 ,

155 3701 319 3750 conurmauo
377 3695 447 3770 52.
473 3695 551 3756 Cum
573 3699 691 3766 autem,
712 3691 791 3754 sicut
811 3689 918 3752 eadem
936 3689 1088 3768 expositio

101 3755 182 3802 relati
197 3755 297 3804 decreti.

336 3787 555 3865 subiungebat,
578 3786 678 3848 dictus
700 3784 887 3846 Emmanuel
908 3784 1085 3862 praemissa,

337 3896 399 3960 quo
420 3879 541 3942 firmius
568 3878 737 3942 subsistant
758 3893 791 3938 ac
811 3881 980 3938 serventur
1000 3891 1086 3938 exac-

337 3974 411 4048 tius,
432 3972 614 4052 apostolicae
646 3969 889 4032 confirmationis
917 3968 1086 4046 patrocinio

336 4065 540 4140 communiri,
561 4071 593 4126 et
614 4063 687 4125 alias
718 4070 892 4140 opportune
918 4063 1049 4139 desuper
1070 4077 1087 4122 a

336 4161 426 4224 nobis
446 4159 603 4238 provideri
617 4171 816 4233 summopere
831 4154 998 4216 desideret:
1016 4170 1085 4229 nos,

336 4253 483 4317 eumdem
505 4249 707 4313 Emanuelem
729 4247 911 4326 specialibus
930 4247 1086 4310 lareribus

336 4356 368 4410 et
389 4347 496 4424 gratiis
519 4343 662 4424 prosequi
682 4340 834 4414 volentes,
850 4347 880 4402 et
895 4355 911 4400 a
926 4335 1086 4418 quibusvis

336 4437 683 4510 excommunicationis,
705 4434 915 4512 suspensionis
937 4440 967 4496 et
990 4433 1087 4494 inter·

335 4536 420 4609 dicti,
442 4533 572 4610 aliisque
593 4529 803 4594 ecclesiasticis
822 4527 998 4602 sententiis,
1014 4542 1085 4588 cen-

335 4628 415 4690 suris
436 4634 466 4688 et
487 4626 606 4705 poeuis,
625 4641 641 4684 a
656 4623 725 4684 iure
740 4621 790 4682 vel
805 4621 842 4682 ab
856 4622 995 4697 bomine,
1011 4637 1086 4700 qua-

336 4721 383 4782 vis
403 4721 561 4782 occasione
579 4719 630 4780 vel
644 4719 733 4780 causi
746 4715 827 4792 latis,
842 4716 867 4776 si
882 4715 994 4794 quibus
1010 4732 1086 4794 quo-

334 4813 503 4876 modolibet
533 4813 698 4874 innodatus
728 4811 845 4884 existit,
874 4809 910 4870 ad
939 4809 1084 4871 ellectum

335 4907 547 4985 praesentium
569 4906 728 4968 dumtaxat
749 4902 1015 4982 consequendum,
1032 4905 1086 4965 ba-

335 5015 408 5064 rum
434 5000 515 5061 serie
541 4998 735 5060 absolventes
760 5005 792 5060 et
817 4996 991 5058 absolutum
1018 4997 1085 5058 lore

335 5101 508 5165 censentes,
528 5090 804 5169 supplicationibus
828 5091 893 5152 eius
914 5106 947 5150 ac
967 5097 1083 5152 cetero·

1148 818 1179 872 et
1200 809 1338 887 singulos
1371 811 1445 872 iuris
1468 819 1498 873 et
1519 812 1588 874 lacti
1621 813 1769 888 delectus,
1796 813 1896 891 siqui

1148 904 1279 982 desuper
1300 905 1532 982 quomodolibet
1558 906 1802 982 intervenerint,
1825 922 1896 985 sup·

1146 995 1279 1072 plemus,
1302 1011 1425 1058 necnon
1447 997 1608 1074 privllegia
1630 1005 1661 1059 et
1682 999 1805 1076 gratias,
1829 999 1898 1077 qui-

1147 1089 1203 1148 bus
1224 1087 1370 1165 praedicti
1392 1087 1501 1150 iratres
1523 1089 1561 1150 de
1579 1089 1781 1153 Obseruantia
1796 1091 1833 1152 ad
1848 1107 1895 1152 ca·

1146 1181 1243 1258 pitula
1278 1181 1433 1256 generalia
1469 1182 1581 1245 exinde
1614 1183 1776 1245 venientes
1810 1184 1895 1246 iuxta

1146 1275 1219 1334 dicti
1249 1275 1372 1338 tlrdinis
1403 1275 1640 1338 constitutiones
1669 1275 1820 1338 iruuntur
1840 1291 1895 1338 seu

1145 1365 1207 1430 irui
1228 1375 1368 1446 possunt,
1392 1369 1429 1430 ad
1450 1369 1575 1430 eosdem
1600 1368 1710 1429 iratres
1731 1368 1895 1431 [liscalcea-

1146 1465 1202 1534 tos,
1225 1459 1277 1537 qui
1300 1459 1444 1538 deinceps
1458 1461 1571 1523 luturis
1587 1461 1778 1538 temporibus
1792 1477 1830 1522 ex
1845 1462 1894 1524 ln-

1144 1552 1201 1614 diis
1223 1561 1252 1614 et
1272 1553 1403 1632 capitula
1425 1553 1579 1630 generalia
1607 1553 1784 1616 huiusmodi
1812 1570 1894 1616 acce-

1144 1647 1230 1708 deret
1257 1639 1313 1725 (l),
1336 1645 1519 1708 auctoritate
1550 1655 1581 1708 et
1613 1655 1721 1708 tenore
1752 1645 1894 1725 praelatis

1144 1739 1343 1802 extendimus
1364 1746 1395 1800 et
1415 1739 1610 1817 ampliamus.

1184 1834 1203 1908 ἓ
1223 1833 1252 1894 3.
1277 1833 1496 1906 decernentes,
1513 1833 1634 1894 easdem
1653 1839 1828 1911 praesentes
1843 1832 1895 1893 lit·

1146 1934 1236 2000 teras,
1266 1927 1381 1998 firmas,
1411 1923 1523 1986 validas
1544 1933 1575 1986 et
1596 1925 1731 1988 efficaces
1759 1927 1893 1988 existere

1145 2024 1175 2078 et
1196 2016 1273 2090 lore,
1300 2031 1434 2093 suosque
1458 2015 1612 2092 plenarios
1632 2023 1664 2077 et
1686 2017 1828 2093 integros
1849 2015 1892 2078 ei-

1144 2110 1242 2172 iectus
1262 2109 1368 2171 sortiri
1387 2116 1420 2169 et
1441 2109 1592 2184 obtinere,
1616 2125 1649 2171 ac
1670 2107 1742 2183 illis,
1758 2109 1795 2170 ad
1816 2125 1893 2187 quus

1143 2211 1259 2280 spectat
1283 2207 1314 2264 et
1342 2217 1397 2278 pro
1423 2207 1562 2278 tempore
1588 2201 1748 2278 spectabit,
1770 2202 1804 2262 in
1827 2217 1894 2264 om-

1145 2296 1236 2357 nibus
1257 2301 1288 2356 et
1309 2311 1364 2374 per
1385 2294 1491 2356 omnia
1516 2293 1697 2372 plenissime
1717 2294 1891 2372 suflragari,

1144 2390 1249 2466 sicque
1270 2389 1303 2450 in
1326 2387 1501 2464 praemissis
1527 2403 1582 2464 per
1612 2403 1825 2465 quoscumque
1847 2390 1893 2448 iu-

1145 2483 1225 2546 dices
1256 2480 1427 2543 ordinarios
1449 2487 1480 2541 et
1507 2480 1679 2556 delegatos,
1708 2481 1802 2542 etiam
1823 2497 1892 2542 cau-

1144 2591 1246 2637 sarum
1270 2574 1372 2652 palatii
1393 2573 1552 2653 apostolici
1576 2574 1742 2648 auditores,
1766 2573 1893 2636 iudicari

1146 2677 1176 2732 ct
1197 2668 1321 2732 definiri
1342 2667 1471 2742 debere,
1494 2683 1528 2728 ac
1550 2667 1676 2729 irritum
1700 2673 1730 2728 et
1753 2667 1846 2730 inane
1865 2665 1892 2728 si

1143 2779 1230 2826 secus
1250 2777 1344 2840 super
1365 2760 1413 2821 his
1434 2777 1450 2822 a
1472 2776 1639 2838 quoquam,
1661 2761 1769 2838 quavis
1789 2768 1892 2822 aucto-

1143 2858 1246 2930 ritate,
1268 2856 1402 2917 scienter
1430 2854 1481 2916 vel
1505 2855 1702 2931 ignoranter,
1725 2853 1892 2930 contigerit

1143 2949 1299 3010 attentari.

1182 3043 1202 3116 ἓ
1222 3042 1251 3102 l.
1275 3041 1344 3102 Non
1363 3040 1556 3104 obstantibus
1570 3039 1846 3104 constitutionibus
1861 3047 1893 3102 et

1143 3135 1388 3200 ordinationibus
1412 3133 1597 3211 apostolicis,
1629 3150 1765 3207 necnon,
1787 3103 1927 3211 quate-‘¹

1143 3247 1203 3292 nus
1229 3243 1306 3307 opus
1327 3229 1378 3302 sit,
1400 3225 1472 3290 dicti
1494 3227 1628 3303 Ordinis,
1655 3226 1802 3306 illiusque
1823 3242 1893 3304 pro-

1819 579 1877 646 tls
1928 583 2025 640 auc.
2048 586 2117 638 tras

1939 1847 2074 1895 clausulae

1933 3051 2122 3097 contrariorum

1929 3103 2051 3162 erogatio.

1142 3322 1318 3388 vinciacum
1350 3327 1380 3382 et
1415 3327 1646 3394 conventuum,
1682 3321 1776 3381 etiam
1811 3320 1893 3382 iura·
1989 3357 1993 3366 ·

1143 3425 1260 3492 mento,
1277 3414 1513 3478 confirmatione
1527 3411 1702 3491 apostolica,
1719 3413 1769 3474 vel
1785 3414 1892 3491 quavis

1144 3511 1290 3573 firmitate
1304 3509 1361 3570 alia
1374 3506 1534 3581 roboratis,
1546 3506 1669 3568 statutis
1684 3513 1715 3568 et
1726 3514 1892 3588 consuetu·

1143 3605 1279 3677 dinibus,
1291 3599 1462 3680 privilegiis
1473 3615 1608 3678 quoque,
1622 3599 1750 3662 indultis
1763 3607 1794 3664 et
1809 3600 1892 3664 litte-

1144 3701 1185 3760 ris
1206 3695 1376 3776 apostolicis
1392 3693 1425 3754 in
1442 3693 1635 3756 contrarium
1649 3694 1892 3771 praemissorum

1143 3788 1375 3870 quomodolibet
1396 3786 1559 3861 concessis,
1582 3786 1771 3847 confirmatis
1791 3793 1823 3848 et
1844 3788 1893 3850 iu·

1144 3883 1280 3959 novatis,
1303 3880 1416 3958 quibus
1437 3878 1583 3942 omnibus
1603 3886 1635 3939 et
1656 3879 1800 3956 singulis,
1823 3879 1892 3941 illo-

1143 3993 1215 4040 rum
1231 3984 1354 4038 tenores
1376 3972 1588 4051 praesentibus
1608 3987 1663 4050 pro
1677 3971 1770 4050 plene
1784 3980 1815 4034 et
1829 3973 1891 4035 sui·

1144 4071 1285 4132 ficienter
1315 4065 1468 4144 expressis
1489 4081 1522 4127 ac
1546 4065 1582 4126 ad
1604 4066 1736 4126 verbum
1766 4065 1891 4128 insertis

1143 4162 1304 4235 babentes,
1317 4158 1378 4221 illis
1400 4158 1472 4220 alias
1492 4158 1526 4219 in
1539 4173 1595 4218 suo
1616 4156 1727 4219 robore
1748 4174 1890 4237 perman-

1142 4256 1234 4330 suris,
1256 4255 1291 4316 ad
1314 4251 1554 4331 praemissorum
1575 4250 1734 4324 ellectum,
1754 4251 1810 4312 hac
1823 4251 1891 4314 vice

1142 4349 1319 4421 dumtaxat,
1348 4344 1520 4422 specialiter
1542 4349 1572 4404 et
1594 4359 1737 4420 expresse
1763 4343 1890 4421 deroga-

1143 4457 1230 4517 mus,
1253 4439 1425 4516 ceterisque
1446 4435 1609 4498 contrariis
1629 4435 1887 4515 quibuscumque.

1184 4535 1294 4596 Datum
1317 4531 1442 4603 Romae,
1466 4530 1544 4606 apud
1562 4529 1592 4592 S.
1612 4529 1751 4606 Petrum,
1766 4531 1823 4592 sub
1838 4547 1890 4592 an-

1143 4628 1217 4689 nulo
1238 4624 1409 4697 Piscatoris,
1430 4621 1479 4682 die
1494 4637 1569 4682 xxx.
1592 4629 1669 4701 sept.
1695 4638 1889 4698 nuccxxrx,

1141 4721 1337 4800 pontificatus
1358 4714 1458 4776 nostri
1479 4730 1561 4776 anno
1582 4731 1625 4776 vr.

1444 4999 1580 5062 xxvttt.

334 5201 408 5248 rum
429 5184 585 5248 vocalium
606 5183 852 5260 supradictorum
878 5183 1008 5246 nomine
1029 5198 1084 5244 no-
1144 5185 1319 5263 Goufirmot
1341 5185 1503 5246 decretum
1530 5185 1757 5262 Episcopo-rum
1780 5188 1810 5244 et
1834 5181 1889 5244 lie-

334 5278 381 5340 bis
401 5295 496 5357 super
516 5277 574 5340 boc
587 5276 752 5338 humiliter
766 5275 914 5354 porrectis
930 5275 1082 5350 inclinati,

335 5372 495 5434 decretum
526 5370 765 5449 praeinsertum,
789 5385 859 5431 cum
885 5368 1031 5430 omnibus
1052 5375 1083 5428 et

334 5463 465 5540 siugulis
486 5463 518 5524 in
539 5478 576 5524 eo
599 5463 767 5538 contentis,
800 5463 981 5526 auctoritate
1013 5477 1084 5540 apo·

333 5557 451 5632 stolicis,
474 5563 584 5618 tenore
614 5558 839 5635 praesentium,
863 5557 1083 5618 confirmamus

334 5655 366 5711 et
386 5649 602 5728 approbamus,
625 5649 734 5728 illique
757 5649 942 5710 inviolabilis
963 5655 1084 5728 aposto-

376 5889 405 5945 tll
421 5889 512 5934 Potius
525 5891 583 5946 lege
597 5893 725 5935 accedent.

376 5956 405 6012 (tt
421 5957 534 6013 briseg.
549 5955 577 6006 iu
592 5959 666 6008 truh.
683 5961 754 6004 Brea.
778 5959 812 6002 be
830 5957 892 6004 aliis
911 5957 1081 6004 facultatibus

1179 5277 1347 5358 guterium
1368 5293 1464 5354 super
1496 5279 1693 5338 concessione
1715 5275 1888 5357 [scultetis

1177 5373 1339 5447 praesecto
1361 5377 1390 5431 ct
1413 5369 1595 5448 deductorio
1611 5365 1815 5447 generalibus
1833 5370 1889 5429 Or·

1179 5464 1266 5524 diois
1285 5465 1431 5543 [rutrum
1448 5462 1759 5524 bethlehemitarum
1774 5459 1890 5522 admit-

1180 5555 1267 5618 tendi
1289 5555 1412 5632 aliquos
1434 5552 1632 5632 presbyteros
1651 5553 1832 5616 saeculares
1846 5551 1888 5614 ud

1179 5645 1327 5710 babilam
1347 5653 1378 5708 et
1399 5647 1626 5726 professionem
1647 5645 1703 5723 (ᾖ).

1136 5891 1169 5936 ab
1184 5890 1274 5935 eodem
1289 5887 1414 5934 Pontifice
1429 5885 1522 5930 iisdem
1537 5884 1621 5940 iactis,
1636 5883 1694 5928 vide
1708 5882 1812 5928 constit.
1825 5881 1886 5928 edit.

1137 5967 1310 6016 mcccxxvtu,
1325 5955 1367 6003 die
1381 5964 1438 6000 xnr.
1455 5951 1620 6010 septembris,
1634 5950 1724 6010 pontit.
1739 5961 1763 5998 v.
