4880 6982
341 577 394 634 An.
409 578 439 634 d.
460 573 529 633 1715
579 577 637 646 314

557 739 612 784 seu
643 721 768 800 quaevis
798 718 857 784 alia
887 719 1044 798 expressio
1074 721 1223 794 habenda,
1251 726 1303 782 aut

558 833 770 895 quaecumque
797 816 853 877 alia
881 815 1033 894 exquisita
1064 814 1160 878 lorma
1190 816 1226 878 ad
1249 817 1304 876 hoe

558 911 707 972 servanda
729 909 819 986 lorel,
833 909 958 972 illorum
981 910 1135 984 omnium,
1152 918 1183 970 et
1197 909 1303 984 singu-

559 1003 662 1065 lorum
695 1011 835 1078 tenores,
863 1004 978 1066 lormas
1006 1011 1037 1065 et
1061 1020 1182 1076 causas,
1209 1002 1303 1062 etiarn

559 1099 761 1175 quantumvis
782 1105 1000 1176 praegnantes,
1023 1098 1103 1176 pias,
1126 1105 1157 1157 ct
1179 1095 1305 1173 privile-

560 1191 666 1267 giatas,
689 1192 901 1270 praesentibus
922 1207 978 1269 pro
1000 1191 1089 1270 plene
1102 1198 1131 1252 et
1149 1190 1305 1252 sufficieu-

560 1291 607 1344 ter
629 1292 659 1344 et
680 1283 718 1344 de
739 1283 834 1346 verbo
856 1285 890 1345 ad
920 1285 1051 1346 verbum
1079 1283 1157 1346 nihil
1180 1283 1303 1361 penitus

559 1377 673 1439 omisso
702 1377 825 1440 iruertis
846 1386 877 1439 et
899 1379 1049 1456 expressis
1071 1395 1102 1440 ac
1124 1375 1303 1455 specificatis

560 1471 719 1547 habentes,
733 1471 792 1532 illis
814 1471 885 1532 altas
907 1471 939 1533 iu
953 1488 1010 1532 suo
1033 1471 1141 1532 robore
1163 1483 1306 1546 perman-

559 1565 650 1639 suris,
673 1564 709 1624 ad
734 1565 973 1642 praemissorum
989 1564 1131 1626 omnium
1153 1570 1184 1624 et
1198 1562 1304 1636 siugu-

560 1657 661 1720 lorum
674 1657 897 1722 validissimum
913 1657 1056 1718 ellectum
1068 1658 1123 1718 hac
1134 1657 1201 1716 vice
1216 1657 1306 1718 dum-

1080 595 1144 646 thu.
1169 595 1259 646 PONT.
1283 594 1323 644 DE
1345 595 1374 644 P.
1397 593 1426 644 F'.
1451 597 1533 648 enus
1554 597 1575 646 1.

1358 735 1476 796 arcum,
1491 719 1585 784 simul
1606 727 1709 782 tamen
1732 717 1814 782 dedit
1831 717 1885 782 tibi
1905 719 2103 797 significatio-

1360 833 1443 890 nem,
1460 825 1496 892 ut
1510 815 1633 892 fugeres
1648 833 1663 876 a
1679 815 1755 876 lacie
1769 815 1852 890 eius3
1876 817 1953 878 idest
1976 817 2102 878 tribula·

1360 910 1460 972 tiones
1481 911 1595 972 multas
1616 917 1646 970 et
1668 910 1761 972 malas
1777 910 1808 972 in
1831 918 1861 972 te
1883 913 2022 986 immisit,
2039 931 2102 978 non

1360 1009 1394 1064 ut
1416 1010 1446 1064 te
1467 1003 1636 1079 affligeret,
1663 1003 1716 1065 sed
1737 1013 1772 1066 ut
1801 1004 1873 1066 inde
1897 1007 1933 1068 ad
1965 1007 2103 1069 divinam

1360 1097 1443 1156 illius
1475 1097 1662 1159 Maiestatem
1684 1098 1796 1160 clarius
1817 1105 1910 1177 atque
1938 1099 2104 1176 perfectius

1360 1191 1613 1266 cognoscendam,
1631 1207 1767 1269 veruque
1784 1192 1871 1255 cultu
1892 1193 2036 1272 deinceps
2050 1198 2106 1256 hu-

1360 1281 1542 1356 norandam,
1568 1285 1759 1346 excitareris:
1784 1287 1864 1364 quod
1886 1303 1957 1348 uum
1979 1289 2104 1365 egregie

1360 1375 1421 1436 iam
1442 1377 1642 1452 praestiteris,
1659 1393 1810 1456 usurpare
1824 1380 1937 1440 merito
1958 1397 2045 1459 posse
2060 1383 2104 1444 vi-

1360 1469 1440 1528 deris
1461 1469 1553 1530 verba
1570 1469 1619 1530 illa
1635 1472 1849 1548 patientissimi
1866 1473 1937 1548 viri,
1956 1474 2103 1552 humum,

1361 1577 1454 1638 quem
1483 1563 1605 1640 ipsoex
1627 1564 1749 1642 propria
1776 1566 1975 1630 tribulatione
2002 1586 2106 1648 perre-

1361 1662 1457 1732 perat,
1481 1655 1611 1717 llomiuo
1632 1659 1825 1734 confitentis,
1849 1661 2016 1723 nimirum:
2041 1665 2106 1728 Aac·

562 1757 643 1812 taxat
664 1750 810 1812 latissime
826 1758 855 1812 et
871 1751 1049 1829 plenissime
1065 1768 1098 1810 ac
1113 1749 1305 1810 sufficienter
1332 1774 1334 1837 p
1362 1747 1434 1809 dila
1456 1751 1549 1810 araris
1565 1750 1677 1812 crudiri
1701 1760 1748 1823 te,·
1769 1763 1978 1817 renarrantem
1993 1760 2104 1820 oculare

562 1861 619 1905 nec
641 1860 705 1906 nou
725 1845 897 1922 specialiter
918 1852 949 1906 et
963 1859 1119 1922 expresse,
1136 1850 1225 1906 mutu
1240 1842 1305 1920 pari

560 1947 592 1998 et
613 1954 651 1998 ex
673 1939 755 1998 certa
775 1939 903 2000 scientia
924 1939 1021 2016 deque
1051 1937 1233 2015 apostolicae
1254 1952 1306 2014 po-

562 2031 680 2092 testatis
711 2031 925 2109 plenitudine,
960 2033 1144 2107 derogamus
1165 2037 1197 2090 et
1219 2029 1307 2090 dero-

1362 1857 1450 1902 meus
1471 1843 1556 1904 eiciet
1580 1851 1620 1904 tc.
1637 1845 1782 1907 Maximae
1797 1849 1909 1910 deiude
1923 1867 1956 1913 ae
1971 1867 2044 1913 vere
2055 1854 2105 1914 de·

1362 1934 1438 1996 bitas
1459 1935 1580 2012 agimus
1595 1939 1705 2014 gratias
1721 1941 1821 2002 eidem
1837 1943 1917 2004 Patri
1932 1946 2105 2008 misericor-

1362 2029 1493 2102 diarum,
1517 2032 1569 2108 qui
1593 2039 1623 2092 te
1644 2049 1683 2093 ox
1705 2033 1840 2096 tenebris
1858 2038 1979 2099 vocavit
2001 2039 2033 2100 in
2055 2043 2105 2102 ad-

562 2133 669 2199 gatum
691 2140 755 2186 esse
777 2123 933 2200 volumus,
951 2125 1123 2202 ceterisque
1144 2121 1306 2184 contrariis
1363 2121 1503 2184 mirabile
1526 2124 1633 2186 lumen
1654 2143 1759 2202 suum,
1781 2130 1833 2206 qui
1854 2128 1976 2192 divitias
1991 2135 2106 2208 gratiae

1361 2231 1434 2277 suae
1455 2216 1487 2277 iu
1511 2225 1540 2278 te
1562 2219 1755 2281 abundanter
1775 2221 1894 2296 elladii,
1911 2224 1964 2302 qui
1985 2233 2043 2286 tea
2061 2244 2107 2287 sa·

560 2215 819 2295 quibuscumque.

601 2312 711 2372 llaitum
743 2311 868 2384 Romae,
897 2313 976 2388 apud
1007 2312 1036 2374 S.
1061 2310 1187 2373 Mariam
1217 2308 1307 2370 llaio·
1363 2306 1436 2369 lutis
1462 2311 1570 2372 semita
1598 2312 1792 2374 aberrantem
1815 2317 1849 2376 ad
1877 2318 1983 2380 sinum
2015 2319 2106 2382 huius

561 2421 641 2478 reru,
662 2405 720 2465 sub
747 2403 864 2468 annulo
890 2405 1060 2478 Piscatoris,
1077 2405 1126 2466 die
1147 2419 1203 2464 xrr.
1230 2401 1306 2463 iunii
1333 2378 1336 2469 l
1363 2401 1393 2464 S.
1423 2401 1457 2462 h.
1485 2403 1650 2467 catholicae
1674 2414 1705 2468 et
1732 2409 1914 2486 apostolicae
1942 2411 2105 2488 Feclesiae,

563 2515 716 2574 nncexv,
739 2499 935 2577 pontificatus
958 2499 1054 2560 nostri
1076 2513 1157 2560 anuo
1180 2512 1230 2557 xv.
1333 2476 1337 2595 1
1362 2502 1539 2560 ceterarum
1560 2499 1714 2574 omnium,
1731 2509 1883 2580 quotquot
1904 2504 1936 2564 in
1958 2505 2031 2568 orbe
2048 2513 2108 2568 ter·

864 2783 952 2844 ,L.

1364 2607 1467 2653 rarum
1489 2599 1575 2665 suut,
1592 2591 1792 2655 ecclesiarum
1814 2596 1932 2671 matris,
1956 2599 2061 2676 capitis
2076 2609 2107 2662 et

1364 2685 1541 2762 magistrae,
1564 2693 1650 2746 extra
1672 2701 1766 2764 quam
1788 2703 1851 2749 nou
1873 2697 1919 2750 est
1940 2691 2032 2766 salus,
2056 2692 2108 2753 be-

1364 2781 1461 2856 nigne
1481 2780 1625 2855 reduxit3
1655 2780 1708 2858 qui
1733 2782 1860 2844 demum
1883 2799 1938 2845 uos
1960 2785 2039 2862 ipsos
2060 2803 2109 2847 re·

1364 2872 1461 2950 plevit
1492 2871 1701 2934 consolatione
1732 2881 1763 2935 et
1791 2877 1902 2950 gaudio
1930 2877 2105 2955 spirituali,

562 2969 639 3048 Agit
660 2987 731 3032 curo
747 2967 1178 3032 ParciorcluiAlexandrino
1200 2966 1306 3046 praeci
1334 2938 1337 3017 1
1364 2966 1460 3039 dum,
1482 2965 1563 3043 quod
1585 2967 1702 3030 tamdiu
1725 2968 1930 3031 vehementer
1949 2972 2107 3050 exoptavi·

603 3065 690 3126 ritus
713 3064 748 3124 de
769 3062 894 3126 eiusad
911 3063 1085 3125 Ecclesium
1101 3061 1219 3122 reditu.
1234 3060 1306 3122 Pul-

603 3155 685 3219 lium
713 3159 846 3234 ircsupcr
868 3159 895 3217 ei
918 3173 989 3216 caim
1016 3154 1217 3218 circulatione
1240 3161 1308 3216 tru-

604 3247 1303 3325 dendccncuCastoclellicrosolpucituuadrd.

604 3347 766 3410 Mineruia
787 3345 969 3424 significat,
997 3351 1161 3420 prostquaui
1184 3344 1308 3424 seruau-

604 3441 668 3501 loru
690 3439 895 3516 professionis
915 3437 987 3515 fidei
1010 3445 1118 3500 ratium
1142 3434 1306 3508 imbuerit,

605 3533 737 3594 Roaiam
770 3539 876 3609 postca
906 3531 1099 3593 mittendam
1121 3529 1160 3592 ab
1182 3547 1214 3591 co
1236 3529 1308 3594 sult-

604 3627 760 3704 srriptam
781 3623 836 3704 (l).

794 3809 954 3878 llenerabii
981 3809 1069 3878 tratri

645 3904 777 3974 samueli
806 3905 1002 3972 Patriarohae
1031 3905 1229 3972 Alexandrino

764 4091 948 4160 exedens
972 4092 1031 4159 ΡΡ.
1057 4092 1102 4160 lll.

776 4279 964 4350 venerabilis
986 4283 1096 4362 irater,

598 4379 725 4448 salutem
748 4381 779 4444 et
800 4377 996 4459 apostolicam
1025 4377 1274 4444 benedictionem.

604 4572 623 4646 ἓ
647 4570 673 4632 l.
698 4569 826 4631 [livinae
847 4569 995 4630 Bonitatis
1013 4567 1264 4645 magnitudinem
1278 4566 1310 4626 iu

567 4671 620 4727 tuo
641 4665 677 4726 ad
699 4661 901 4726 orthodoxam
930 4661 1088 4724 ecclesiam
1117 4661 1217 4722 reditu
1240 4675 1311 4721 eon·

568 4757 763 4835 complantes,
779 4763 811 4816 et
832 4756 986 4833 quomodo
1002 4770 1100 4833 quave
1116 4753 1312 4831 potissimum

567 4851 688 4912 ratione
709 4849 861 4926 impulsus
883 4864 921 4910 ex
942 4849 1005 4908 atra
1024 4863 1179 4920 errorum,
1197 4847 1228 4906 in
1245 4846 1311 4924 qui-

566 4945 624 5006 bus
646 4943 826 5017 versabaris,
839 4942 972 5018 caligine
986 4941 1017 5002 in
1034 4941 1134 5002 lucem
1150 4939 1313 5002 catholicae

567 5037 705 5100 veritatis
727 5036 901 5110 emerseris,
924 5041 1043 5096 attento
1064 5033 1223 5095 nobiscum
1249 5033 1313 5094 ani-

568 5145 619 5191 mo
641 5135 830 5208 reputantes,
846 5130 982 5206 primurn
1005 5127 1129 5205 quidem
1151 5127 1313 5188 continere

568 5223 643 5284 labia
671 5230 774 5284 nostra
807 5237 1000 5301 nequaquam
1034 5221 1208 5300 potuimus,
1237 5221 1313 5298 quin

569 5333 641 5380 cum
669 5315 813 5394 apostolo
841 5315 1099 5380 exclamaremus:
1127 5314 1313 5376 Ocitituda

570 5409 764 5471 divitiorum
795 5409 973 5484 sapientiae
1001 5415 1028 5470 et
1053 5407 1209 5468 scierctiec
1241 5405 1312 5477 Dei,

569 5518 664 5580 qaam
675 5499 1008 5578 incomprehensibilia
1020 5507 1097 5562 sunt
1110 5500 1232 5562 iudicia
1245 5500 1313 5560 cius

570 5605 599 5659 ct
623 5595 858 5676 raccstiqabr'tea
875 5597 945 5660 viae
961 5597 1049 5658 eiust
1065 5596 1203 5659 Ostendit
1218 5595 1315 5674 siqui-

570 5689 641 5752 dem
673 5691 870 5769 omuipotens
898 5690 1048 5752 Dominus
1069 5690 1124 5751 tibi
1153 5688 1239 5763 dura,
1262 5688 1313 5749 sed

572 5792 606 5846 ut
627 5791 746 5861 potaret
761 5792 791 5846 te
805 5785 879 5847 vino
900 5784 1163 5864 compunctionis3
1180 5782 1314 5846 intendit

1364 3073 1444 3133 xnus,
1459 3057 1488 3118 id
1504 3060 1628 3120 tandem
1643 3060 1731 3122 nobis
1746 3061 1987 3126 clementissime
2001 3064 2107 3142 largiri

1364 3153 1507 3229 diguatus
1538 3160 1600 3227 est,
1625 3163 1659 3215 ut
1679 3154 1796 3216 scilicet
1818 3157 1906 3218 nobis
1928 3157 2035 3220 liceret
2057 3175 2107 3240 ap-

1364 3246 1478 3324 pellare
1500 3255 1529 3308 te
1550 3247 1689 3322 fratrem,
1714 3248 1768 3310 tibi
1790 3265 1895 3312 veram
1916 3251 2049 3314 salutem
2063 3254 2109 3314 di-

1363 3355 1443 3414 cere,
1462 3340 1516 3400 tibi
1530 3341 1665 3418 denique
1680 3351 1837 3421 paternam
1861 3352 1891 3406 et
1912 3346 2106 3423 apostolicam

1365 3441 1500 3494 nostram
1532 3433 1685 3512 impertiri
1707 3435 1967 3500 benedictionem.
1997 3439 2107 3501 llerito

1364 3525 1461 3601 igitur
1477 3527 1652 3604 magnificat
1673 3529 1776 3590 anima
1799 3541 1903 3592 nostra
1925 3532 2105 3608 Dominum,

1364 3619 1479 3681 merito
1501 3619 1546 3680 illi
1567 3621 1753 3684 sacrificium
1775 3622 1872 3684 laudis
1896 3623 2106 3701 immolamus,

1365 3719 1395 3772 et
1416 3711 1572 3774 reddimus
1594 3713 1751 3776 ditissimo
1773 3724 1842 3777 vota
1871 3724 1999 3794 nostra,
2026 3720 2107 3796 quod

1364 3805 1517 3882 singulari
1538 3806 1604 3868 eius
1626 3807 1816 3884 benignitate
1837 3827 1870 3872 ao
1885 3827 1953 3889 ope,
1970 3813 2024 3891 qui
2039 3813 2109 3874 lacit

1365 3899 1517 3961 mirabilia
1538 3915 1649 3996 magua
1669 3900 1763 3978 solus,
1786 3902 1993 3967 Alexandrina
2013 3905 2109 3968 eccle-

1364 3994 1419 4068 sia,
1436 3994 1522 4056 cuius
1537 3994 1650 4054 eximia
1672 4003 1701 4055 et
1723 3996 1936 4074 antiquissima
1953 3999 2060 4060 decora
2075 4001 2107 4062 iu

1366 4087 1575 4150 ecclesiasticis
1603 4089 1822 4152 monumentis
1851 4099 2011 4170 tantopere
2031 4093 2109 4156 eele-

1365 4183 1508 4257 brentur,
1520 4181 1640 4244 sublato
1654 4184 1777 4245 taudem
1792 4184 1979 4248 intermedio
1993 4188 2109 4264 pariete

1366 4275 1537 4349 divisionis
1554 4276 1586 4336 iu
1602 4277 1724 4337 unitate
1744 4278 1815 4339 fidei
1837 4285 1867 4339 et
1888 4279 2014 4341 vinculo
2035 4281 2110 4342 cari·

1367 4369 1528 4432 tatiscam
1550 4369 1686 4431 Romana
1712 4371 1845 4433 Ecclesia
1873 4373 2036 4434 coniuncta
2057 4373 2108 4448 sit,

1367 4464 1510 4543 quodque
1541 4463 1770 4528 Alexandrinus
1802 4466 1938 4528 Antistes
1972 4465 2006 4528 ad
2040 4467 2109 4528 Briai

1368 4553 1586 4636 Apostolorum
1614 4558 1764 4637 Principis
1792 4560 1958 4636 iudignum
1986 4562 2057 4624 licet
2077 4578 2111 4623 ac

1368 4654 1588 4714 immerentem
1609 4669 1826 4729 successorem,
1849 4655 1906 4717 hoc
1919 4661 1978 4729 est,
1991 4655 2110 4718 llarcus

1368 4748 1403 4809 ad
1420 4747 1559 4820 Petrum,
1575 4745 1741 4825 discipulus
1763 4747 1798 4808 ad
1814 4749 2011 4824 magistrum,
2029 4748 2111 4810 tilius

1367 4842 1403 4902 ad
1426 4848 1555 4918 patrem,
1573 4839 1609 4900 iis
1624 4842 1847 4919 propemodum
1866 4841 1984 4917 diebus,
2000 4842 2112 4920 quibus

1369 4934 1464 5012 ipsius
1485 4935 1518 4995 B.
1536 4933 1645 5008 llarci,
1680 4950 1803 4996 necnon
1834 4935 2018 4997 sanctissimi
2043 4935 2113 4997 nle-

1371 5028 1514 5090 xandriui
1537 5029 1677 5107 Episcopi
1698 5027 1857 5090 Athanasii
1884 5028 1959 5090 lesia
1981 5029 2114 5090 celebra-

1369 5122 1472 5184 vimus
1493 5121 1588 5200 (quod
1610 5130 1695 5184 certe
1710 5138 1772 5182 non
1787 5121 1854 5184 sine
1868 5121 2014 5201 peculiari
2036 5121 2115 5184 divi-

1370 5232 1427 5276 nae
1448 5215 1663 5277 Providentiae
1678 5217 1780 5277 omnia
1795 5216 1917 5277 lortiler
1931 5233 1964 5278 ac
1977 5215 2114 5278 suaviter

1370 5309 1561 5388 disponentis
1587 5309 1715 5370 consilio
1743 5309 1884 5370 evenisse
1905 5307 2111 5388 arbitramur)

1370 5402 1460 5464 corde
1482 5418 1559 5480 puro
1573 5410 1605 5463 et
1620 5403 1808 5464 couscientia
1822 5403 1913 5478 bona,
1929 5411 1960 5465 et
1976 5403 2034 5465 lide
2049 5419 2112 5464 uon

1371 5497 1451 5571 ficta,
1465 5497 1727 5576 quemadmodum
1742 5497 1871 5559 omuino
1886 5496 2051 5574 credimus,
2067 5513 2116 5558 re-

1371 5608 1479 5654 versus
1499 5593 1549 5654 sit.

1411 5687 1480 5761 §2-
1506 5687 1585 5750 Cum
1615 5687 1717 5767 itaque
1744 5687 1802 5750 sub
1833 5687 1930 5748 duem
1956 5685 2115 5765 praeteriti

1371 5782 1487 5844 mensis
1515 5781 1618 5842 martii
1640 5781 1675 5842 ad
1697 5781 1810 5842 almam
1833 5781 1950 5844 Urbem
1977 5787 2115 5842 nostram

613 5997 642 6058 tlt
659 5999 695 6042 Ex
710 6003 770 6056 app.
787 5998 842 6044 Bul.
859 5999 883 6042 P.
899 5999 930 6043 de
945 6001 969 6044 P.
987 5999 1011 6043 p,
1028 6009 1085 6056 pag.
1101 6001 1148 6054 liti,
1163 5995 1249 6042 collad.
1266 6007 1325 6042 cum
1342 5999 1412 6041 Brev,
1430 5997 1516 6042 select.
1533 5991 1616 6040 editis.
1680 6001 1682 6006 ’

2133 578 2187 634 Au.
2202 580 2233 634 Ο.
2256 577 2334 632 1715
