4848 6990
97 598 152 648 An.
167 599 200 650 G.
222 599 291 650 1690

128 2906 265 2952 Clausulas.

952 614 1142 660 ntuxaubttu
1164 615 1232 660 vtil.

320 751 381 815 quo
406 734 526 798 tirmius
549 733 693 797 subsistat
714 741 745 796 et
759 741 904 796 servetur
917 733 1064 807 exactius,

320 827 1064 908 apostolicaecunlirmationisnostraepatrocinio

320 921 509 986 communiri
538 937 738 1002 summopere
762 921 953 984 desiderent:
990 938 1062 997 nos,

319 1016 481 1096 specialem
496 1015 567 1094 ipsis
582 1015 808 1094 exponentibus
824 1015 953 1091 gratiam
966 1015 1064 1077 iacere

321 1109 477 1182 volenteS,
501 1116 531 1170 et
552 1125 662 1171 eorum
682 1108 858 1184 singulares
883 1124 1027 1188 personas
1048 1127 1062 1170 a

320 1200 480 1284 quibusvis
494 1202 834 1277 excommunicationis,
853 1202 1065 1281 suspensionis

320 1307 351 1361 et
371 1295 539 1371 interdicti,
561 1295 691 1374 aliisque
708 1294 919 1356 ecclesiasticis
940 1302 1066 1356 senten-

320 1392 381 1466 tiis,
403 1389 542 1452 censuris
563 1397 594 1450 et
612 1389 730 1468 poenis,
753 1404 769 1448 a
787 1389 855 1449 iure
878 1387 929 1450 vel
953 1389 990 1450 ab
1011 1389 1063 1451 bo-

320 1487 417 1559 mine,
447 1483 554 1562 quavis
576 1481 732 1544 occasione
756 1481 806 1544 vel
827 1482 916 1544 causi
938 1481 1017 1556 latis,
1039 1483 1064 1544 si

318 1577 431 1658 quibus
456 1575 689 1656 quomodolibet
718 1576 882 1638 innodatae
912 1576 1063 1649 existunt,

318 1673 355 1734 ad
379 1672 526 1734 ellectum
547 1669 758 1748 praesentium
780 1671 939 1732 dumtaxat
960 1685 1066 1731 conse-

318 1768 488 1844 quendum,
509 1767 623 1827 barum
644 1765 724 1826 serie
745 1763 939 1826 absolventes
964 1771 994 1826 et
1015 1763 1064 1826 ab

317 1859 431 1922 solutas
448 1858 514 1919 iore
529 1863 704 1930 censentes,
726 1856 1000 1934 supplicationibus
1015 1873 1064 1918 eo-

318 1969 390 2015 rum
421 1951 550 2014 nomine
585 1951 673 2013 nobis
693 1966 787 2029 super
815 1951 872 2012 boc
902 1949 1064 2012 humiliter·

317 2045 465 2125 porrectis
486 2045 638 2120 inclinati,
660 2045 890 2123 praeinsertum
901 2044 1062 2104 memorati

318 2138 456 2218 Gasparis
491 2137 662 2201 Cardinalis
690 2147 721 2200 et
749 2132 929 2217 protectoris
960 2136 1065 2198 decre-

316 2241 397 2307 tum,
419 2247 492 2294 cum
513 2231 658 2293 omnibus
680 2241 710 2294 et
728 2231 863 2308 singulis,
880 2231 914 2292 in
935 2230 977 2291 eis
993 2246 1064 2292 cou-

319 2325 423 2398 tentis‚
446 2325 627 2387 auctoritate
648 2323 822 2404 apostolica,
846 2331 954 2385 tenore
978 2339 1064 2402 prae-

316 2417 465 2492 sentium,
492 2419 712 2480 confirmamus
733 2425 764 2480 et
785 2417 1004 2496 approbamus,
1028 2417 1064 2478 il-

316 2511 416 2590 lisque
437 2511 625 2572 inviolabilis
640 2511 821 2590 apostolicae
839 2510 994 2572 firmitatis
1015 2526 1063 2571 rc·

316 2605 376 2667 bur
403 2605 575 2678 adiicimus,
598 2621 631 2666 ac
652 2621 760 2666 omues
781 2611 812 2666 et
833 2603 972 2680 singulos
988 2603 1062 2665 iuris

315 2705 347 2760 et
368 2697 436 2761 iacti
457 2697 604 2768 deiectus,
627 2697 719 2776 siqui
741 2697 871 2776 desuper
896 2695 1063 2775 quomode

315 2791 390 2854 libet
404 2792 646 2866 intervenerint,
668 2793 860 2872 supplemus.

355 2889 374 2964 ἓ
395 2887 423 2950 3.
447 2887 653 2948 decernentes
675 2885 795 2948 easdem
816 2896 991 2965 praesentes
1013 2887 1063 2949 lit-

316 2988 413 3056 teras,
440 2995 563 3058 semper
589 2979 710 3055 firmas,
734 2979 848 3042 validas
874 2987 905 3041 et
926 2981 1061 3044 efficaces

314 3075 447 3136 existere
468 3080 500 3136 et
521 3071 604 3146 t'ore,
626 3089 762 3152 suosque
786 3073 939 3152 plenarios
959 3081 991 3135 et
1011 3074 1059 3136 in-

315 3175 418 3243 tegros
449 3165 576 3228 ellectus
599 3166 703 3227 sortiri
733 3174 763 3227 et
791 3167 948 3243 obtinere,
971 3184 1004 3230 ac
1026 3168 1061 3230 il-

314 3261 363 3336 lis,
385 3261 421 3322 ad
443 3275 520 3338 quos
540 3267 656 3337 spectat
670 3267 701 3322 et
715 3276 772 3340 pro
794 3266 1059 3340 temporespecta-

314 3355 370 3430 bit,
392 3353 570 3433 plenissime
591 3353 762 3430 suflragari,
780 3362 811 3416 et
826 3355 863 3416 ab
877 3356 920 3416 eis
942 3372 1060 3435 respec-

314 3448 377 3510 tive
392 3447 614 3510 inviolabiliter
627 3448 794 3524 observari,
810 3449 914 3528 sicque
930 3450 963 3511 in
977 3465 1060 3527 prae

314 3541 415 3602 missis
436 3556 492 3619 per
513 3555 726 3620 quoscumque
753 3541 869 3604 iudices
891 3542 1060 3604 ordinarius

314 3641 345 3696 et
359 3633 524 3711 delegatos,
539 3634 634 3694 etiam
650 3651 810 3697 causarum
826 3635 928 3713 palatii
943 3645 1061 3714 aposto·

314 3727 364 3789 lici
385 3727 555 3801 auditores,
582 3727 711 3789 iudicari
733 3737 764 3789 et
785 3729 908 3790 deliniri
930 3730 1057 3804 debere,

313 3838 345 3882 ac
357 3821 482 3883 irritum
498 3827 528 3882 et
542 3821 634 3882 inane
648 3821 674 3882 si
687 3837 774 3884 secus
789 3839 882 3902 super
896 3823 969 3884 bisa
984 3839 1058 3902 quo·

1159 733 1178 808 ἓ
1198 733 1227 794 tt.
1252 733 1404 798 Volumus
1415 743 1518 798 autem
1539 743 1574 798 ut
1585 733 1765 798 earumdem
1779 748 1865 812 prae·
1884 810 1913 848 su
1916 745 2096 858 „fssdtssssussffl'

1118 827 1256 889 sentium
1272 828 1446 892 litterarum
1462 830 1675 909 transumptis,
1690 846 1747 892 seu
1760 845 1866 892 exem-

1099 921 1188 1000 plis,
1212 922 1306 992 etiam
1329 921 1496 1001 impressit,
1518 939 1614 985 manu
1636 923 1765 986 alicuius
1780 931 1867 985 nota·

1121 1015 1158 1076 rii
1179 1015 1294 1093 publici
1321 1015 1512 1093 subscriptis,
1535 1023 1566 1078 et
1586 1015 1689 1093 sigilio
1716 1032 1866 1096 personae

1120 1109 1152 1169 in
1174 1108 1374 1171 ecclesiastici
1396 1110 1545 1186 dignitate
1562 1111 1748 1172 constitutae
1761 1111 1866 1172 muni·

1121 1201 1170 1274 tis,
1194 1203 1300 1264 eadem
1321 1217 1447 1281 prorsus
1469 1203 1544 1264 fides
1558 1202 1590 1264 iu
1606 1203 1719 1265 iudicio
1734 1210 1764 1265 et
1778 1211 1865 1265 extra

1120 1293 1197 1356 illud
1213 1294 1372 1370 habeatur,
1389 1310 1468 1373 quae
1489 1295 1561 1374 ipsis
1582 1297 1795 1374 praesentibus
1814 1297 1866 1359 ba·

1120 1388 1256 1463 beretur,
1272 1389 1297 1448 si
1318 1387 1421 1450 iurent
1443 1389 1598 1452 exhibitae
1619 1390 1670 1452 vel
1687 1396 1837 1452 ostensae.

1161 1480 1272 1544 ilatum
1286 1481 1411 1556 Romae,
1425 1483 1504 1560 apud
1520 1483 1553 1546 S.
1566 1482 1692 1544 Mariam
1706 1482 1863 1558 ltlaiorem,

1119 1575 1177 1636 sub
1204 1575 1321 1636 annulo
1349 1575 1520 1650 Piscatoris,
1553 1576 1603 1638 die
1638 1593 1694 1637 vu.
1733 1577 1865 1639 octobris

1121 1685 1254 1742 nacte,
1277 1669 1473 1746 pontificatus
1496 1669 1593 1730 nostri
1616 1657 1698 1731 an'nd
1721 1687 1743 1730 r.

1374 1829 1612 1837 ...η-..ᾐ-

1454 1951 1532 2014 vill.

1122 2136 1297 2216 Confirmat
1326 2140 1488 2202 decretum
1518 2141 1549 2204 S.
1575 2139 1609 2203 C.
1640 2140 1675 2202 dc
1703 2140 1736 2200 Ρ.
1765 2141 1797 2202 F.
1826 2140 1865 2204 ab

1159 2229 1344 2294 Innocentio
1367 2235 1419 2296 ill.
1443 2232 1667 2312 approbatum,
1684 2250 1744 2311 qno
1758 2232 1865 2309 probi·

1159 2321 1253 2388 betnr
1270 2327 1398 2388 Graecis
1413 2328 1512 2389 etiam
1528 2326 1704 2404 Episcopis,
1720 2324 1779 2388 sub
1793 2341 1865 2403 quc·

1159 2433 1291 2496 ccmqne
1311 2426 1497 2496 praetentu,
1521 2419 1636 2498 absque
1660 2419 1689 2482 S.
1712 2419 1808 2500 Conq-
1827 2419 1864 2480 ii·

1159 2513 1265 2574 ccntic
1287 2513 1496 2588 eleemosynas
1517 2520 1621 2590 pete-re
1641 2509 1698 2594 (1).

1291 2681 1524 2750 ΑιΕΧΑΝῠΕΒ
1542 2683 1601 2750 ΡΡ.
1620 2683 1690 2752 11111.

1257 2803 1293 2870 ad
1315 2803 1447 2870 futuram
1470 2805 1513 2871 rei
1543 2806 1722 2873 memoriam.

1157 2981 1175 3056 ἓ
1200 2981 1225 3042 1.
1250 2981 1332 3044 nitas
1352 2984 1508 3044 emanavit
1530 3000 1545 3044 a
1568 2984 1664 3046 ielicis
1680 2985 1863 3048 recordatio-

1116 3076 1165 3136 nis
1186 3077 1368 3138 lnnocentic
1390 3078 1466 3157 Papa
1489 3079 1539 3142 lll.
1561 3079 1794 3157 praedecessore
1809 3098 1865 3144 no-

1115 3177 1193 3244 stro,
1223 3171 1255 3232 in
1278 3171 1528 3248 congregatione
1556 3180 1631 3235 tunc
1660 3174 1860 3238 existentium

1116 3262 1147 3324 S.
1165 3262 1199 3324 il.
1218 3263 1252 3325 E.
1270 3263 1481 3328 cardinalium
1500 3267 1633 3343 negotiis
1648 3267 1863 3346 Propagandae

1115 3358 1199 3420 Fidei
1222 3360 1465 3437 praepositorum
1484 3377 1587 3422 coram
1602 3361 1667 3439 ipso
1681 3363 1862 3424 innocentio

1114 3454 1345 3530 praedecessore
1368 3453 1479 3529 tabita,
1502 3455 1661 3517 decretum
1678 3456 1794 3517 tenoris
1809 3457 1861 3535 qui

1114 3547 1267 3624 sequitur,
1291 3547 1451 3610 videlicet:

1155 3640 1214 3703 iiie
1237 3657 1325 3702 xxxx.
1350 3642 1500 3704 ducenarii
1529 3659 1731 3716 nnctxxvrr.,
1755 3646 1790 3706 in
1812 3663 1862 3726 pe-

1115 3733 1220 3796 nercii
1245 3735 1495 3814 concrepatione
1518 3737 1554 3798 de
1576 3737 1788 3818 Propagande
1811 3740 1861 3802 li-

1114 3826 1160 3898 de,
1189 3825 1303 3890 tattcd
1331 3829 1363 3889 in
1394 3828 1517 3906 putatio
1548 3833 1721 3908 eqtcstoticc
1754 3849 1860 3894 coram

1790 597 1844 662 133
1896 599 1950 652 An.
1965 601 1994 652 0.
2016 600 2085 652 1690

1962 2991 2095 3036 Decretum

1884 3041 2048 3096 praedictum.

312 3931 417 3993 quam,
439 3916 548 3994 quavis
570 3917 761 3992 auctoritate,
785 3917 919 3980 scienter
940 3917 991 3979 vel
1012 3917 1058 3978 in·
1083 3902 1086 3995 1
1111 3922 1317 3983 sanctissimo
1330 3923 1655 3986 dominoinnocentic
1668 3925 1779 3987 dirimi
1790 3942 1860 4003 prc-

313 4019 493 4087 gncranter,
516 4011 681 4087 contigerit
703 4013 858 4074 attentari.
1083 4004 1085 4073 l
1112 4015 1258 4078 *uidentid
1284 4017 1372 4094 Prepa
1400 4018 1452 4079 ill.
1481 4035 1519 4079 cc
1544 4019 1807 4080 eminentissimis
1829 4027 1857 4081 et

352 4105 371 4178 5
391 4104 420 4166 lt.
439 4103 509 4166 Non
523 4104 715 4166 obstantibus
729 4105 914 4184 praemissis
931 4123 965 4169 ac
985 4123 1057 4167 con·
1112 4109 1385 4172 reverendissimis
1408 4110 1639 4174 decernentes
1654 4111 1794 4174 eiusdem
1809 4129 1859 4176 su·

310 4198 525 4262 stitutionibus
554 4203 584 4259 et
606 4197 850 4262 ordinationibus
874 4201 1055 4278 apostolicis,
1112 4217 1185 4263 crae
1214 4202 1497 4283 Conprepntionis,
1532 4205 1693 4267 decretnm
1722 4221 1760 4266 ne
1789 4221 1858 4283 per-

310 4309 369 4355 nec
389 4309 464 4368 non,
481 4300 634 4371 quatenus
651 4307 727 4370 opus
741 4293 791 4367 sit,
812 4293 1055 4372 provinciarum,
1111 4295 1270 4356 mittetur
1293 4297 1434 4368 Graecis,
1458 4298 1687 4377 enimscnmqne
1706 4305 1815 4361 status
1830 4306 1858 4361 et

312 4385 566 4463 congregationis
598 4393 629 4447 et
667 4385 789 4450 Ordinis
826 4387 1054 4466 praelatorum,
1111 4387 1317 4460 conditionis,
1333 4395 1405 4461 etc„
1428 4392 1580 4470 peccentur
1603 4401 1795 4470 quaesiuere
1810 4394 1857 4454 cet

310 4481 404 4542 etiam
422 4480 609 4554 iuramento,
630 4479 864 4541 confirmatione
882 4481 1054 4558 apostolici,
1111 4481 1220 4557 qttovis
1242 4483 1307 4544 aiio
1328 4483 1418 4545 modo
1440 4485 1649 4562 eleemosynas
1671 4492 1783 4564 petere.

310 4573 360 4634 vel
380 4574 488 4652 quavis
510 4573 656 4634 firmitate
677 4573 733 4634 alid
755 4573 913 4649 roboratis,
934 4575 1057 4637 statutis
1150 4574 1263 4637 «Cum
1282 4583 1385 4638 sancta
1417 4577 1480 4639 loca
1511 4579 1800 4657 Hierosolymitana,
1825 4581 1856 4642 in

310 4673 340 4726 et
362 4667 650 4742 consuetudinibus,
665 4666 837 4744 privilegiis
858 4683 993 4744 quoque,
1010 4668 1057 4729 in·
1110 4668 1221 4746 quibus
1243 4666 1383 4732 Verbum
1400 4687 1468 4732 caro
1484 4669 1671 4747 factumest,
1688 4681 1718 4735 et
1734 4681 1858 4738 nostrae

310 4759 405 4822 dultis
427 4767 459 4821 et
483 4759 594 4820 litteris
615 4759 787 4837 apostolicis
809 4759 840 4820 in
865 4760 1056 4822 contrarium
1082 4794 1084 4821 t
1110 4761 1311 4839 reparationis
1327 4765 1486 4842 mysteria,
1502 4765 1564 4826 Deo
1580 4766 1760 4842 miserante,
1777 4785 1860 4829 com-

310 4852 968 4932 praemissorumquomodolibetconcessis,
985 4870 1056 4916 con·
1081 4824 1084 4883 ⁸
1111 4854 1190 4932 pleta
1212 4865 1297 4929 sunt,
1320 4858 1469 4920 hactenus
1488 4859 1746 4922 administrationi
1762 4868 1792 4922 ct
1806 4880 1859 4924 cu-

310 4947 439 5008 tirmatis
460 4953 491 5008 et
518 4945 692 5022 innovatis3
721 4947 834 5023 quibus
859 4947 1004 5008 omnibus
1026 4956 1055 5009 et
1081 4964 1083 5034 ξ
1109 4947 1223 5009 stodiae
1244 4947 1389 5011 iratribus
1411 4949 1514 5013 Sancti
1530 4953 1683 5015 Francisci
1697 4953 1735 5016 de
1749 4954 1856 5016 Obser-

307 5038 449 5116 singulis,
469 5038 595 5102 illorum
618 5047 741 5101 tenores
767 5039 979 5118 praesentibus
1000 5056 1055 5118 pro
1110 5041 1212 5101 vantia
1233 5057 1249 5101 a
1270 5044 1373 5104 sancti
1394 5043 1474 5106 Sede
1493 5045 1663 5122 apostolica
1684 5048 1856 5122 commissa,

309 5133 400 5210 plene
420 5141 451 5194 et
465 5133 656 5194 sufficienter
676 5134 826 5211 expressis
848 5149 881 5196 ac
902 5132 940 5194 de
960 5134 1055 5196 verbo
1080 5196 1083 5237 Ι
1110 5135 1298 5212 nuperrimis
1320 5135 1403 5198 bisce
1424 5136 1531 5199 diebus
1548 5139 1699 5202 aGraecis
1712 5141 1858 5202 schisma-

309 5225 497 5288 adverbum
519 5227 641 5288 insertis
663 5226 821 5300 babentes,
843 5225 904 5287 illis
929 5225 1000 5286 alids
1022 5227 1054 5288 in
1110 5227 1188 5302 ticis,
1216 5227 1390 5292 subornatis
1416 5229 1503 5291 aulae
1532 5233 1663 5294 turcicae
1691 5233 1854 5308 ministris,

96 4114 293 4176 berogatiocou-

86 4173 224 4214 tranornm.

1891 4579 1974 4623 Causa
1986 4578 2088 4626 decretl.

308 5335 364 5381 suo
385 5320 496 5382 robore
517 5321 738 5398 pennansuris,
758 5321 792 5382 ad
816 5319 1054 5398 praemissorum

308 5413 464 5488 ellectum,
477 5413 532 5476 bac
553 5413 621 5476 vice
645 5414 815 5488 dumtaxat,
830 5413 1003 5492 specialiter
1024 5421 1054 5475 et

309 5521 452 5584 expresse
473 5505 672 5584 derogamus;
700 5507 872 5585 ceterisque
892 5507 1054 5569 contrariis

309 5599 567 5678 quibuscumque.

351 5867 379 5920 11)
395 5869 431 5910 lix
446 5868 549 5923 ltegcst.
565 5867 592 5912 iu
603 5868 678 5912 Arcb.
689 5870 761 5912 Brev.
773 5871 856 5914 Causa
866 5869 945 5914 buius
956 5869 1054 5914 decreti

310 5933 359 5979 fuit
371 5935 491 5980 custodia
500 5935 618 5980 locorum
628 5939 838 5990 Terraesanctae,
849 5937 880 5981 de
890 5937 985 5993 quibus
995 5937 1053 5982 vide

310 6003 453 6048 innocentii
467 6005 508 6048 xl.
523 6003 627 6048 constit.
643 6003 704 6048 edit.
716 6003 940 6059 nncnxxxv1.,die
951 6004 1053 6062 30111111-

1109 5321 1147 5382 de
1168 5336 1264 5384 manu
1286 5323 1440 5386 dictorum
1461 5323 1592 5386 iratrum
1615 5325 1719 5388 Sancti
1733 5328 1857 5390 Franci·

1107 5414 1151 5474 sci
1170 5431 1294 5476 summo
1324 5417 1508 5481 Latinorum
1536 5419 1683 5482 dedecore
1711 5431 1855 5501 usurpata

1108 5507 1182 5584 sint,
1196 5508 1232 5570 iis
1244 5511 1406 5589 praecipue
1421 5512 1563 5574 subsidiis
1573 5529 1652 5592 quae
1666 5530 1704 5576 ex
1717 5515 1852 5578 fidelium

1108 5601 1349 5665 christianorum
1383 5603 1589 5685 eleemosynis
1623 5607 1718 5670 iidem
1750 5607 1855 5672 Graeci

1109 5869 1151 5923 lis,
1167 5869 1256 5926 pontif.
1273 5882 1307 5924 x.;
1323 5871 1380 5916 vide
1402 5871 1482 5916 etiarn
1502 5871 1582 5917 lartius
1602 5872 1853 5918 1¹011tinctsconsttt.

1108 5937 1169 5982 edit.
1187 5949 1359 5992 nrncnxxxrx,
1374 5938 1415 5982 die
1431 5941 1457 5985 te
1471 5940 1628 5994 novembris,
1643 5943 1711 5998 pont.
1725 5953 1751 5996 1.,
1762 5943 1789 5986 et
1799 5952 1856 5987 cott-

1108 6003 1163 6050 stit.
1179 6003 1240 6049 edit.
1257 6004 1298 6048 die
1314 6007 1339 6048 to
1352 6005 1510 6061 mesembria,
1526 6007 1615 6064 pontii.
1631 6019 1658 6052 rr.
