4848 6990
308 545 361 598 Art.
376 547 406 600 C.
427 547 496 601 1687

548 548 604 612 102

526 701 639 763 cessus;
661 701 769 748 omnes
790 685 889 748 nostri
909 685 1018 748 fratres
1046 682 1271 746 districtissime

525 779 688 842 evitabunt
709 795 848 856 egressus
869 795 887 841 e
907 779 998 842 domo
1016 788 1047 841 et
1067 777 1271 842 saecularium

525 871 715 936 visitationes
730 875 762 936 in
778 889 857 935 vana
877 873 975 936 olllcia
990 872 1200 950 temporisque
1214 871 1273 932 iac-

527 975 628 1029 turam
660 968 839 1043 tendentes,
860 975 891 1031 et
918 967 959 1030 ita
990 983 1083 1030 nemo
1114 965 1272 1030 licentiam

526 1068 610 1140 petet
637 1076 693 1140 pro
713 1061 891 1124 huiusmodi
920 1063 1093 1139 egressibus
1114 1068 1145 1124 et
1167 1061 1271 1122 visita-

527 1155 680 1230 tionibus,
712 1156 806 1218 etiam
835 1165 1000 1235 parentum
1031 1155 1271 1235 proximiorem,

526 1255 741 1328 praeterquam
762 1251 795 1312 iu
811 1267 880 1314 casu
905 1249 1107 1325 necessitatis,
1127 1257 1181 1311 aut
1205 1264 1274 1325 gra-

527 1343 573 1404 vis
589 1342 789 1418 infirmitatis,
805 1344 841 1408 ad
862 1343 1005 1422 praefecti
1027 1343 1203 1418 arbitrium,
1219 1348 1271 1404 aut

527 1437 648 1514 quando
670 1437 735 1514 ipse
756 1453 807 1498 eos
828 1437 933 1500 mittet
954 1453 1010 1515 pro
1037 1451 1071 1498 re
1091 1435 1189 1498 divini
1208 1451 1271 1496 ser·

527 1529 608 1604 vitii,
631 1530 764 1615 proximi
791 1530 1013 1606 subventione,
1037 1529 1087 1591 vel
1114 1527 1274 1608 hospitalis

528 1624 673 1687 utilitate.

567 1717 628 1780 «d.
653 1718 814 1798 Hospitalis
835 1727 868 1782 et
888 1719 997 1781 fratres
1018 1717 1132 1782 dehent
1151 1723 1274 1780 susten-

529 1810 586 1872 tari
601 1827 640 1873 ex
655 1810 869 1891 eleemosynis,
886 1821 917 1874 et
930 1814 955 1874 si
971 1811 1117 1891 temporis
1129 1825 1273 1890 processu

528 1911 723 1981 compertum
754 1903 848 1968 fuerit
869 1905 1015 1984 expedire
1042 1903 1154 1967 alicubi
1174 1900 1275 1964 reddi·

528 2005 621 2060 tuum
642 1997 861 2062 admissionem
881 2001 920 2062 ob
940 1999 1209 2076 eleemosynarum
1224 1996 1276 2058 de-

528 2091 645 2154 fectum
666 2101 697 2155 et
724 2094 897 2156 devotionis
925 2093 1200 2167 imminutionem,
1224 2089 1274 2152 ad·

498 2179 502 2190 '
530 2185 613 2248 mitti
633 2194 779 2264 poterunt
791 2203 828 2250 ex
849 2187 994 2265 praefecti
1017 2185 1170 2264 generalis
1185 2192 1216 2247 et
1229 2200 1274 2246 as-

527 2279 706 2342 sistentium
728 2280 860 2344 licentia.

569 2391 587 2433 e
600 2373 627 2436 7.
640 2374 766 2450 Quando
777 2375 886 2438 iratres
897 2391 935 2436 ex
949 2374 1051 2453 aliquo
1062 2375 1175 2437 itinere
1188 2379 1275 2436 extra

529 2465 686 2528 civitatem
701 2467 858 2543 redibunt,
874 2485 946 2532 cum
961 2468 1033 2546 ipsis
1048 2467 1274 2546 dispensabitur

530 2567 565 2622 nt
597 2576 660 2622 non
688 2561 831 2624 assistant
860 2561 1016 2624 exercitiis
1041 2561 1219 2624 domesticis
1244 2567 1276 2622 et

529 2653 738 2731 spiritualibus
754 2671 808 2733 per
830 2655 980 2730 triduum,
997 2661 1028 2718 et
1044 2671 1106 2718 non
1130 2653 1272 2717 ulterius.

530 2747 625 2808 Porro
645 2747 671 2808 si
693 2747 752 2809 iter
781 2749 989 2828 longinquum
1017 2749 1128 2824 luerit,
1154 2755 1206 2810 aut
1228 2747 1276 2808 ul-

530 2840 735 2904 tramarinum
755 2843 860 2920 (prout
875 2844 1060 2922 plerumque
1074 2842 1228 2919 contingit
1243 2841 1274 2902 in

531 2937 649 3017 indiis),
664 2953 777 3000 novem
798 2938 920 3001 dierum
937 2940 995 3001 erit
1017 2939 1194 3002 huiusmodi
1216 2939 1275 3002 dis-

531 3033 688 3110 pensatio,
720 3048 819 3110 quoa
847 3029 1027 3108 fatigatione
1056 3032 1275 3107 subleventur,

532 3133 624 3203 prout
645 3125 725 3187 bene
750 3125 889 3189 ordinata
909 3127 1039 3190 charitas
1065 3126 1208 3205 requirit.
1237 3125 1276 3187 Et

532 3227 568 3282 nt
589 3219 646 3282 hoo
668 3219 779 3282 melius
792 3226 824 3280 et
837 3220 945 3282 maiori
965 3221 1162 3284 alleviatione
1177 3219 1277 3282 facere

532 3313 665 3391 possint,
689 3313 719 3376 id
741 3314 888 3393 temporis
913 3313 1072 3377 dabuntur
1093 3314 1166 3393 ipsis
1187 3313 1279 3375 indu·

531 3405 613 3468 sium
634 3405 794 3484 lectusque
814 3424 886 3469 curn
908 3407 1033 3470 culcitra
1055 3415 1086 3470 et
1107 3407 1212 3470 linteis
1225 3423 1278 3468 cu-

533 3502 663 3578 bilibus;
686 3512 718 3564 et
738 3502 939 3577 infirmarius,
952 3509 1005 3566 aut
1019 3503 1097 3564 alius
1118 3502 1184 3564 eius
1198 3501 1276 3574 loco,

534 3611 638 3658 curem
660 3597 784 3658 babebit
815 3597 874 3658 illis
896 3599 929 3658 eri
951 3597 1049 3676 primai
1070 3605 1163 3660 nocte
1186 3596 1278 3674 pedes

534 3689 697 3763 abluendi,
730 3689 861 3768 illosque
895 3691 1027 3768 excipiet
1059 3689 1091 3750 in
1123 3688 1276 3767 hospitio,

534 3785 615 3862 qnod
631 3786 666 3846 ad
690 3785 772 3846 hunc
792 3783 939 3845 ellectum
961 3784 1075 3845 nostris
1090 3783 1122 3844 in
1137 3782 1279 3844 domibus

533 3885 565 3939 et
586 3877 786 3954 hospitalibus
807 3877 929 3940 debebit
949 3893 1014 3939 esse
1035 3883 1223 3956 apparatum.

575 3971 636 4032 «8.
660 3971 773 4034 Omnes
794 3970 902 4032 iratres
924 3971 977 4049 qui
1004 3971 1062 4034 iter
1083 3972 1205 4044 facient,
1227 3979 1281 4032 aut

535 4065 660 4128 civitate
691 4065 910 4142 egredientur,
936 4065 1067 4142 singulis
1098 4065 1223 4137 diebus,
1246 4066 1280 4126 ea

536 4175 594 4238 tque
617 4165 764 4236 poterunt
785 4159 871 4232 horit,
887 4157 1006 4220 etiamsi
1028 4159 1208 4236 tripartitim
1222 4157 1280 4220 hoc

537 4251 599 4326 frat,
622 4251 796 4313 recitabunt
823 4251 984 4328 integrum
1015 4252 1193 4329 quindecim
1215 4267 1280 4329 my·

535 4347 703 4408 steriorum
734 4345 884 4406 rosarium
910 4363 942 4406 ac
973 4361 1069 4407 unam
1101 4346 1153 4410 SS.
1179 4345 1281 4408 Socra-

1046 565 1110 610 lllll·
1135 565 1226 610 PONT·
1250 564 1291 610 bit
1313 565 1342 610 P·
1365 565 1394 612 Β.
1419 565 1502 614 PARS
1524 569 1544 612 l.
1620 607 1623 618 .

1325 685 1446 762 addicti,
1469 703 1526 750 nec
1541 688 1573 750 iu
1588 689 1675 752 nullo
1696 689 1754 752 alio
1770 689 1869 752 maius
1887 690 2071 769 obsequium

1326 781 1457 844 Domino
1492 787 1599 842 nostro
1637 783 1838 862 praestituros
1873 783 2070 858 ministerio,

1326 890 1419 952 quam
1440 874 1497 936 hoc
1519 875 1704 940 humilitatis
1725 885 1756 940 et
1777 877 1933 944 charitatis
1953 876 2073 940 obelus

1326 983 1463 1030 amorem
1484 968 1562 1032 illud
1582 972 1755 1032 exercendo
1769 987 1841 1047 erga
1855 985 2005 1049 pauperes
2026 970 2073 1032 in·

1327 1061 1468 1137 digentes
1487 1067 1520 1124 et
1541 1064 1632 1126 rebus
1653 1063 1831 1128 necessariis
1852 1063 2025 1128 destitutos.

1368 1173 1387 1217 c
1402 1155 1430 1216 2.
1455 1158 1500 1220 hd
1515 1157 1608 1220 huius
1625 1157 1822 1235 obligationis
1835 1157 2073 1220 satisfactionem

1327 1251 1360 1316 in
1388 1259 1536 1330 promptu
1566 1252 1799 1330 quamprimum
1825 1252 1972 1314 certiores
2002 1250 2073 1312 facti

1329 1345 1446 1408 fuerint
1472 1361 1504 1406 se
1529 1345 1693 1408 conferent
1713 1347 1749 1408 ad
1777 1345 1846 1407 illos
1876 1346 2074 1424 asportandos

1329 1439 1362 1502 iu
1381 1439 1455 1502 sellrl
1476 1439 1640 1516 gestatoria
1660 1438 1753 1518 (quae
1773 1439 1809 1501 ad
1831 1439 1886 1502 hoc
1907 1439 1967 1502 erit
1988 1454 2074 1517 prae·

1328 1533 1444 1612 parata)
1465 1549 1564 1611 usque
1584 1533 1621 1595 ab
1641 1532 1843 1612 hospitalibus
1867 1541 1898 1596 et
1918 1532 2072 1607 domibus,

1329 1625 1382 1688 ubi
1402 1641 1511 1690 eorum
1533 1625 1591 1689 fuit
1606 1627 1708 1690 habita
1730 1625 1858 1702 curatio,
1873 1627 1910 1690 ad
1931 1632 2074 1688 nostrum

1328 1719 1489 1800 hospitale,
1502 1721 1555 1784 ubi
1569 1722 1687 1784 curatio
1699 1721 1742 1784 eis
1756 1721 1927 1784 adhibenda
1938 1728 1991 1782 aut
2002 1735 2074 1782 con·

1329 1814 1485 1878 valescere
1511 1813 1642 1889 debent,
1665 1829 1722 1878 nec
1742 1814 1851 1876 alienis
1878 1813 2018 1876 humeris
2039 1813 2074 1876 n-

1329 1907 1403 1970 dant
1423 1923 1514 1983 onus,
1537 1907 1618 1986 quod
1641 1909 1771 1970 suismet
1791 1908 1871 1970 Deus
1893 1905 2052 1986 imposuit.

1369 2001 1427 2064 «3.
1442 1999 1511 2064 Non
1522 2000 1612 2064 debet
1623 2001 1744 2064 excludi
1756 2000 1793 2063 ab
1807 2000 2006 2080 hospitalibus
2021 2015 2075 2062 no-

1329 2095 1400 2156 stris
1421 2093 1522 2158 ullnm
1544 2109 1644 2171 genus
1665 2109 1886 2173 personarum,
1907 2094 1944 2156 ad
1964 2109 2075 2156 omues

1329 2189 1444 2252 dehent
1473 2187 1618 2262 extendi,
1651 2203 1761 2250 omnes
1787 2186 1902 2250 dehent
1931 2186 2076 2263 amplecti

1329 2281 1485 2346 charitatis
1517 2281 1601 2344 ulnis
1625 2280 1753 2358 liberos,
1782 2295 1906 2355 servos,
1935 2279 2074 2353 Mauros,

1329 2373 1441 2451 Nigros
1471 2382 1502 2438 et
1530 2374 1680 2452 gentiles,
1712 2375 1847 2453 exceptis
1873 2372 2074 2446 mulieribus,

1329 2485 1407 2547 quae
1428 2468 1515 2532 nullo
1536 2469 1628 2532 titulo
1654 2476 1803 2547 poterunt
1824 2467 1946 2544 ingredi
1967 2467 2003 2529 ad
2023 2483 2076 2528 cu·

1330 2563 1461 2624 randum
1483 2579 1539 2626 nec
1559 2563 1596 2624 ad
1617 2562 1817 2625 invisendum
1832 2577 1980 2640 pauperes
1997 2561 2077 2622 intra

1328 2655 1502 2718 clausuram
1523 2661 1702 2718 nostrorum
1724 2655 1933 2734 hospitalium.

1369 2748 1433 2810 «b.
1457 2749 1571 2812 Habeat
1593 2748 1782 2810 infirmarius
1797 2755 1954 2832 apparatos
1970 2747 2075 2822 lectos,

1330 2843 1382 2905 ubi
1404 2843 1585 2904 recumbant
1613 2843 1697 2920 aegri
1725 2849 1886 2920 postquam
1907 2841 1951 2904 eis
1972 2843 2076 2920 pedes,

1328 2936 1354 2998 si
1375 2952 1452 3014 opus
1473 2935 1580 3010 luerit,
1603 2935 1699 2997 abluti
1720 2933 1850 3010 fuerint,
1866 2943 1897 2997 et
1918 2934 2019 3014 aliqua
2033 2934 2078 2996 eis

1330 3027 1499 3090 refectione
1528 3028 1730 3103 subventum,
1752 3035 1784 3090 et
1804 3029 1903 3106 prima
1934 3029 1994 3090 erit
2017 3027 2078 3090 sol·

1330 3120 1457 3184 licitudo
1486 3137 1537 3184 eos
1564 3120 1727 3200 disponere
1748 3127 1783 3182 ut
1804 3129 1923 3200 peccata
1949 3123 2077 3184 conflte-

1330 3221 1434 3289 antnr,
1458 3214 1488 3276 id
1515 3213 1718 3296 permittente
1748 3213 1950 3291 aegritudinis
1981 3214 2078 3292 quall-

1331 3315 1402 3371 tate.

1372 3404 1433 3464 «5.
1457 3403 1586 3466 desistet
1599 3419 1672 3465 cnm
1687 3404 1793 3466 maiori
1809 3409 1840 3466 et
1854 3403 1921 3464 aliis
1940 3403 2077 3466 infirma·

1331 3498 1385 3560 riis
1406 3497 1501 3560 frater
1522 3497 1693 3578 praefectus
1717 3495 1834 3560 duabus
1856 3496 1988 3572 vicibus
2010 3497 2078 3576 qui·

1331 3593 1388 3656 bus
1410 3591 1548 3654 medicus
1576 3591 1665 3652 dehet
1686 3605 1793 3666 aegros
1823 3590 1969 3665 invisere,
1993 3598 2024 3652 et
2045 3591 2078 3653 iu

1332 3686 1453 3764 scriptis
1474 3685 1593 3760 rediget
1622 3683 1770 3763 quidquid
1792 3685 1851 3770 iste
1875 3685 2077 3760 ordinaverit,

1333 3779 1478 3857 idemque
1500 3778 1589 3842 faciet
1611 3777 1708 3839 maior
1730 3775 1932 3851 infirmarius,
1949 3785 1980 3839 ot
1995 3777 2079 3840 horis

1332 3872 1479 3950 congruis
1511 3871 1683 3950 praelectus
1716 3871 1854 3949 inquiret
1882 3870 1920 3932 ab
1946 3871 2080 3946 aegrotis

1333 3983 1372 4029 an
1395 3967 1492 4028 maior
1512 3964 1702 4028 infirmarius
1726 3973 1850 4026 secutus
1869 3964 1909 4025 sit
1930 3963 2080 4042 quidquid

1335 4060 1471 4122 medicus
1502 4058 1684 4138 dispositum
1713 4057 1857 4136 reliquit,
1880 4065 1911 4119 et
1937 4057 1963 4118 si
1985 4073 2079 4134 quem

1334 4151 1520 4230 compererit
1541 4149 1714 4226 delectum,
1741 4151 1914 4214 remedium
1937 4151 2079 4227 protinus

1334 4245 1484 4319 conferet,
1499 4251 1530 4306 et
1545 4245 1787 4308 convenientem
1802 4244 1868 4306 eius
1888 4243 1995 4321 culpae
2009 4259 2080 4321 poe·

1336 4339 1501 4402 nitentium
1524 4339 1633 4402 maiori
1655 4337 1838 4400 infirmario.

2101 555 2154 610 Aa.
2169 555 2200 607 G.
2224 551 2303 605 1687

1376 4433 1433 4494 «l.
1457 4431 1498 4495 Ut
1513 4432 1630 4510 aegroti
1645 4438 1676 4493 et
1691 4431 1940 4494 convalescentes
1954 4431 2079 4494 servitia
2115 4439 2278 4544 Qffivgbvtl.

1335 4527 1466 4588 habeant
1481 4533 1511 4587 et
1526 4525 1783 4588 refocillationem
1797 4529 1883 4587 omni
1896 4527 1969 4588 cura
1983 4533 2014 4587 et
2028 4542 2079 4605 op
2098 4505 2321 4595 ηαοωιιῗῗῖἷῖἶ

1335 4620 1545 4698 portunitate,
1574 4619 1670 4682 aderit
1692 4619 1785 4680 frater
1806 4619 1996 4682 infirmarius
2016 4635 2079 4680 ma·
2098 4595 2321 4710 Ῑξὲῑιᾟὲἓᾞξῑξζ

1336 4713 1399 4787 ior,
1422 4729 1437 4772 a
1465 4711 1616 4790 praefecto
1643 4711 1781 4789 generali
1808 4719 1839 4774 et
1869 4711 2081 4774 assistentibus
2098 4706 2321 4808 lssfflssssfflm·

1336 4807 1510 4884 deputatus,
1523 4806 1573 4870 cui
1585 4807 1742 4868 incumbet
1754 4805 1985 4869 valetudinariis
1996 4819 2081 4884 prae·
2099 4776 2322 4875 regatuosstil'ff.

1337 4917 1415 4975 esse,
1438 4909 1468 4962 et
1489 4901 1538 4962 cui
1560 4900 1670 4979 reliqui
1691 4901 1743 4961 olii
1775 4901 1939 4962 infirmarii
1967 4901 2081 4962 hebdo-
2100 4877 2179 4924 pm

1338 4993 1463 5056 madarii
1491 4995 1604 5056 debent
1631 4995 1756 5056 obedire
1784 4995 1817 5056 iu
1839 4995 1930 5056 rebus
1958 4995 2082 5056 adeius

1338 5103 1453 5148 munus
1478 5088 1723 5164 pertinentibus,
1746 5094 1778 5148 et
1799 5087 1890 5150 debet
1911 5087 2081 5166 procurari,

1339 5189 1373 5240 ut
1394 5181 1431 5254 ie,
1453 5180 1507 5256 qui
1529 5180 1586 5242 hoc
1607 5181 1756 5256 fungetur
1781 5196 1925 5254 munere,
1948 5179 2083 5258 placidus

1338 5273 1377 5334 sit
1398 5282 1429 5333 et
1450 5273 1606 5336 charitatis
1627 5275 1753 5352 plenus,
1778 5276 1830 5352 qui
1851 5275 1925 5336 sciat
1951 5274 2084 5336 tolerare

1339 5367 1453 5444 absque
1473 5370 1521 5430 sui
1542 5368 1798 5430 immoderatione
1820 5375 1971 5444 aegrotos,
1987 5376 2018 5430 et
2032 5383 2084 5430 eos

329 5516 523 5565 mmmm,
582 5471 641 5532 sl.
666 5471 746 5533 Cum
767 5467 935 5547 principale
955 5467 1087 5528 fratrum
1106 5467 1286 5528 institutum
1340 5461 1504 5524 emendare
1527 5464 1640 5543 absque
1660 5462 1824 5526 aillictione
1845 5462 1982 5526 illorum.

309 5575 372 5623 taxis
386 5581 446 5640 arca
460 5581 522 5628 pau-
541 5565 581 5627 sit
601 5563 788 5643 pauperihus
809 5560 942 5623 infirmis
957 5561 1121 5634 inservire,
1143 5559 1287 5620 omnihus
1380 5557 1437 5619 «Ξ.
1454 5557 1609 5620 Extahunt
1623 5559 1743 5620 diversa
1755 5557 1989 5632 valetudinaria,
2001 5573 2086 5636 sepa-

307 5641 383 5690 Μ’
401 5629 521 5675 ¹⁰⁰¹¹¹¹⁰⁸'
542 5671 723 5736 persuasum
753 5669 820 5716 esse
841 5654 951 5729 debet,
978 5653 1008 5716 id
1036 5653 1198 5732 praecipue
1227 5651 1288 5712 illis
1341 5659 1406 5712 rata
1427 5650 1464 5712 ab
1485 5651 1636 5730 Hispanis,
1653 5667 1709 5730 pro
1730 5651 1823 5726 ludis,
1839 5649 1952 5713 Mauris
1974 5660 2005 5713 et
2018 5649 2086 5712 aliis

542 5749 744 5824 incumbere,
767 5757 802 5812 ut
827 5757 888 5812 tam
915 5756 1021 5810 sancto
1050 5746 1199 5808 exercitio
1224 5745 1288 5807 sint
1342 5744 1502 5822 gentihus,
1524 5751 1556 5806 et
1582 5744 1656 5807 haec
1681 5751 1712 5806 et
1737 5743 1789 5804 illa
1816 5743 2031 5823 procurabitur
2052 5749 2086 5805 ut

537 4439 636 4502 menti
658 4439 833 4501 stationem.
868 4439 906 4501 Et
930 4440 1083 4518 superiori
1110 4457 1202 4502 curae
1222 4439 1282 4501 erit

537 4535 566 4596 id
583 4533 722 4596 muneris
735 4533 780 4593 eis
795 4533 827 4594 iu
843 4534 1025 4594 memoriam
1039 4535 1189 4596 adducere
1205 4541 1281 4594 tem-

537 4643 610 4707 pore
642 4628 807 4701 discessus,
829 4633 861 4687 et
886 4626 944 4688 hoc
975 4627 1040 4688 aliis
1070 4627 1281 4706 spiritualibus

538 4720 692 4784 exercitiis
719 4719 946 4798 aequivalebit,
982 4737 1039 4782 nec
1071 4720 1182 4798 poterit
1214 4721 1282 4798 quis

538 4815 632 4890 mitti,
655 4830 713 4874 nec
734 4814 825 4875 durno
846 4813 948 4888 egredi
970 4811 1065 4888 solus,
1087 4815 1140 4876 sed
1161 4829 1283 4891 semper

538 4909 713 4982 associatus,
734 4917 767 4968 et
788 4907 909 4986 quando
924 4909 959 4970 ad
977 4907 1035 4968 iter
1056 4906 1231 4969 laciendum
1253 4923 1283 4967 e-

539 5001 741 5080 gredientur,
764 5007 795 5061 et
816 5003 937 5078 quando
964 5001 1035 5077 ipsis
1062 5001 1202 5062 eundum
1223 4999 1283 5061 erit

539 5113 594 5174 per
625 5096 798 5169 civitatem,
829 5102 862 5156 ut
884 5095 925 5155 ita
951 5101 1106 5171 respectus
1135 5093 1284 5154 habeatur

539 5190 714 5264 decentiae,
736 5205 795 5265 qua
818 5196 939 5250 nostros
961 5188 1070 5248 iratres
1095 5187 1181 5248 docet
1203 5189 1284 5248 ince-

540 5285 624 5358 dere,
634 5290 664 5346 et
675 5283 742 5343 aliis
756 5281 1058 5356 inconvenientibus,
1072 5295 1149 5358 quae
1160 5295 1199 5340 ex
1213 5297 1285 5341 con-

541 5377 633 5440 trario
655 5375 776 5438 notorie
797 5375 949 5436 resultant
970 5374 1026 5452 tl),
1049 5373 1203 5435 obvietur.

349 5466 429 5510 curun
442 5465 480 5508 Vl.

583 5965 614 6022 tl)
629 5962 696 6008 nuit.
713 5963 790 6010 Mein.
805 5961 871 6020 legit
885 5965 1005 6006 resultas.
