4866 6980
965 606 1174 654 rnnocsnrrus
1196 608 1240 654 nt.
1811 579 1851 644 tt
1901 575 2086 630 tn.c.1ea1

328 735 473 800 praesens
506 723 744 801 occupantibus,
781 724 949 788 dummodo
982 733 1072 788 tenor
1125 724 1339 802 benedicente,
1354 723 1536 790 conversuri
1556 729 1736 804 sperantum
1759 733 1870 786 verum

329 815 540 892 praesentium
570 818 700 880 servatis
726 819 884 882 servandis
904 819 966 882 iilis
987 819 1072 898 prius
1127 820 1235 882 messis
1256 819 1381 900 quidem
1400 835 1472 882 cuna
1495 819 1592 882 multa
1605 817 1656 892 sit,
1672 813 1804 896 operarii
1819 830 1869 874 au·

329 907 558 976 notificeturet
579 909 756 987 intimetur,
771 920 806 974 ut
827 911 878 974 illa
892 911 1008 976 eisdem
1022 912 1072 975 ab
1127 919 1190 974 tem
1221 913 1321 990 pauci,
1350 915 1403 992 qui
1431 929 1483 976 eos
1504 915 1537 976 in
1560 911 1699 976 doctrine
1729 907 1802 972 sana
1823 906 1870 970 in·

329 1001 389 1063 bati
411 1008 442 1063 et
461 1003 632 1066 conventui
652 1005 834 1080 restituunt,
851 1007 956 1068 eidem
970 1015 1073 1069 aucto·
1125 1011 1246 1067 struere
1267 1013 1298 1068 et
1319 1008 1504 1069 confirmare
1531 1004 1666 1083 valeant)
1694 1001 1796 1066 dilecti
1820 1016 1871 1078 pa-

329 1093 420 1154 ritate
441 1094 608 1172 praecipias
629 1103 660 1157 et
681 1097 822 1158 mandes:
843 1113 905 1160 non
926 1098 1072 1161 obstanti-

328 1185 386 1248 bus
412 1187 572 1266 quibusvis
597 1189 869 1252 constitutionibus
894 1199 925 1254 et
950 1193 1072 1256 ordina-

331 1279 464 1342 tionibus
499 1281 670 1359 apostoliois
705 1283 878 1362 ceterisque
911 1287 1073 1350 contrariis

329 1373 587 1454 quibuscumque.

369 1465 612 1541 §uiolamus
633 1477 750 1545 autem,
773 1477 807 1534 ut
829 1471 866 1534 de
887 1480 989 1536 cetero
1004 1489 1072 1552 per·

329 1559 429 1638 petuis
444 1559 556 1623 laturis
571 1563 761 1640 temporibus
771 1579 827 1642 per
838 1566 973 1630 insulam
983 1567 1073 1628 Path-

330 1668 395 1714 mos
417 1652 602 1730 praedictam
623 1655 732 1718 saltem
753 1659 877 1720 semel
870 1675 903 1720 tn
924 1676 1005 1722 anno
1028 1667 1071 1722 te-

329 1761 387 1807 nor
407 1748 587 1810 earumdem
608 1751 817 1826 praesentium
838 1753 1024 1830 publicetur,
1041 1761 1072 1816 et

328 1838 454 1901 illarum
475 1841 559 1920 copia
584 1856 639 1904 seu
661 1844 817 1923 exemplar
844 1846 1070 1922 authenticum,

328 1933 363 1994 ad
385 1931 442 1995 hoc
464 1940 498 1996 ut
520 1934 589 1996 illae
609 1937 644 1997 ad
665 1939 809 2000 omnium
838 1938 982 2000 notitiam
1004 1955 1071 2017 per·

328 2025 437 2086 venire
456 2027 584 2103 possint,
608 2028 640 2090 in
662 2029 734 2092 locis
754 2029 852 2092 solitis
870 2039 901 2094 et
916 2033 1072 2094 consuetis

327 2117 448 2180 insulae
468 2105 646 2184 huiusmodi
665 2121 820 2200 affigatur.

367 2211 477 2273 Datum
499 2213 614 2276 Romae
634 2217 714 2293 apud
736 2215 768 2279 S.
786 2217 923 2294 Petrum,
941 2219 998 2281 suh
1019 2236 1072 2282 an·

329 2303 404 2366 nulo
425 2304 545 2382 Piscat.‚
566 2307 616 2370 'die
630 2325 742 2370 xuvrrr.
762 2311 865 2374 martii
881 2327 1070 2389 ancoratu,

328 2397 522 2476 pontificatus
543 2401 641 2463 nostri
662 2419 743 2464 anno
764 2421 794 2464 v.

579 2561 818 2576 ᾖ

672 2687 725 2750 Xl.

327 2869 475 2932 Concedit
498 2872 615 2934 rectori
638 2875 760 2954 collegii
776 2877 923 2956 fratrum
938 2875 1071 2937 Praedi-

365 2971 510 3026 catorum
532 2965 566 3026 io
585 2965 732 3041 Qeiteosi
747 2966 914 3045 provincial
929 2970 1070 3047 fuculta-

364 3063 427 3118 tem
438 3058 622 3140 conferendi
632 3057 757 3136 publice
767 3061 888 3140 prodes
901 3061 1069 3124 scholasti-

364 3165 414 3209 cos
435 3151 471 3212 in
491 3152 659 3214 nonnullis
681 3153 874 3230 disciplinis,
894 3154 988 3216 donee
1010 3151 1068 3217 ibi·

365 3243 432 3304 deot
443 3245 593 3324 erigatur
607 3245 804 3309 Ueioersitua
815 3247 998 3310 studiorum
1009 3247 1065 3329 (l).

504 3413 756 3484 tduoofltttttts
774 3417 833 3485 ΡΡ.
850 3417 894 3486 lll.

463 3537 927 3608 mmmmmwm

214 3723 219 3732 ’
270 3759 276 3770 .
363 3714 522 3776 Pastoralis
542 3715 645 3790 officii,
661 3732 722 3796 quo
738 3717 902 3779 catholicae
917 3717 1069 3779 Ecclesiae

124 4842 219 4888 Causae
233 4851 302 4888 erec-

92 4893 166 4940 tionis
174 4895 286 4953 collegii.

322 3823 378 3886 per
408 3808 592 3870 universum
620 3817 775 3871 terrarum
807 3809 914 3872 orbem
942 3809 1068 3872 diffusae

323 3901 470 3977 regimini
490 3901 595 3963 divina
616 3901 815 3980 dispositione
847 3902 1066 3981 praesidemus,

322 4012 394 4056 cura
415 3995 556 4057 animum
578 4002 720 4057 nostrum
741 3995 885 4058 sollicitat
906 4003 941 4058 ut
957 3995 1005 4074 pia
1020 4013 1068 4056 re-

322 4088 505 4164 ligiosorum
536 4089 677 4151 virorum
712 4089 855 4167 propriae
888 4089 1068 4168 alienaeque

320 4181 412 4243 saluti
433 4197 558 4259 operam
588 4182 729 4245 dantium
756 4183 868 4257 studia,
890 4182 924 4242 ad
947 4183 1068 4244 christi-

322 4274 473 4348 fidelium,
495 4274 676 4352 praesertim
698 4273 731 4335 in
750 4274 928 4352 longinquis
944 4274 1067 4350 religio·

323 4367 412 4429 nibus
443 4367 639 4442 degentium,
662 4367 695 4428 in
716 4367 863 4430 doctrinal-
882 4367 954 4428 sant
981 4366 1069 4428 insti·

323 4459 477 4522 tutionem
510 4467 601 4538 atquc
632 4459 840 4522 eruditionem
875 4459 1067 4522 laudabiliter

321 4553 492 4626 tendentia,
514 4552 718 4630 peculiaribus
733 4552 888 4614 favoribus
903 4559 934 4614 et
949 4553 1065 4629 gratiis,

1126 1098 1203 1160 riter
1217 1099 1273 1160 sulii
1287 1099 1398 1162 iratres
1412 1099 1589 1178 provinciae
1602 1097 1775 1176 praedictae
1788 1094 1871 1198 (pro-

1126 1193 1196 1254 vide
1210 1195 1436 1256 considerantes
1450 1192 1589 1256 nullam
1582 1208 1613 1254 rn
1628 1189 1735 1253 eadem
1746 1187 1871 1268 provin·
1947 1267 1950 1276 Ι

1125 1287 1170 1348 cit
1189 1287 1284 1350 studii
1305 1288 1458 1366 generalis
1476 1285 1713 1348 universitatem
1729 1281 1870 1360 reperiri,

1127 1379 1285 1460 ipsamque
1306 1381 1497 1459 provinciam
1518 1379 1685 1456 nongentis
1707 1394 1723 1438 a
1744 1376 1872 1439 Limanu

1126 1481 1158 1536 et
1180 1481 1226 1536 ter
1255 1474 1342 1536 mille
1373 1475 1556 1538 milliaribus
1577 1490 1593 1534 a
1615 1472 1770 1536 lleuioanai
1797 1469 1871 1531 civi·

1126 1567 1280 1642 tatibus,
1273 1583 1305 1628 rn
1327 1569 1439 1647 quihus
1469 1567 1620 1630 eiusmodi
1651 1565 1870 1628 universitates

1125 1658 1299 1722 studiorum
1321 1662 1514 1738 generalium
1533 1668 1653 1723 erectae
1673 1667 1758 1734 sunt,
1781 1658 1870 1722 dista·

1125 1767 1171 1826 re,
1193 1769 1226 1815 ac
1246 1754 1377 1832 proinde
1407 1755 1558 1818 studiosos
1586 1753 1721 1832 partium
1747 1751 1870 1814 illarum

1126 1844 1255 1908 iuvenes
1276 1863 1431 1910 sacrarum
1446 1837 1640 1925 aliarumque
1654 1845 1806 1908 honarum
1821 1843 1871 1904 lit·

1127 1946 1264 2002 terarum
1285 1939 1394 2002 studiis
1416 1955 1540 2018 operam
1558 1939 1659 2013 dandi,
1676 1953 1771 2016 seque
1784 1937 1819 1999 ad
1836 1936 1870 1996 li-

1125 2031 1175 2094 dei
1196 2033 1359 2096 catholicae
1379 2035 1629 2112 propagationem
1650 2031 1765 2093 habiles
1779 2038 1872 2110 atque

1126 2127 1252 2188 idoneos
1274 2128 1433 2204 reddendi,
1454 2128 1645 2206 peractisque
1665 2125 1808 2188 studiosis
1831 2125 1871 2186 la-

1125 2220 1262 2295 boribus,
1286 2221 1460 2298 praemium
1480 2222 1634 2298 graduum
1649 2219 1871 2282 litterariorum

1125 2315 1333 2394 consequendi
1359 2315 1467 2390 gratia,
1491 2315 1596 2392 longas
1624 2313 1873 2394 periculosusque

1125 2408 1391 2486 peregrinationes
1411 2409 1515 2471 subire
1535 2407 1670 2487 debere),
1687 2408 1811 2486 praevio
1825 2423 1873 2468 re-

1127 2502 1176 2578 gio
1198 2517 1362 2573 consensu,
1385 2501 1551 2577 collegium
1570 2502 1628 2563 suh
1642 2501 1734 2564 titulo
1749 2501 1781 2562 B.
1800 2501 1872 2562 Ber-

1127 2594 1216 2657 nardi
1236 2595 1317 2672 regis
1331 2593 1470 2657 catholici
1487 2594 1590 2658 Sancti
1605 2596 1774 2672 nuncupati
1790 2594 1871 2657 intra

1126 2686 1177 2748 vel
1198 2694 1284 2748 entra
1314 2694 1399 2764 septa
1430 2693 1602 2750 conventus
1631 2685 1662 2748 S.
1686 2687 1769 2748 Petri
1791 2703 1871 2750 mar·

1126 2779 1202 2857 tyris
1232 2779 1365 2842 civitatis
1395 2778 1550 2855 Onitensis
1581 2778 1654 2842 dicti
1675 2779 1796 2843 Ordinis
1817 2781 1870 2843 suai

1125 2873 1263 2951 impensa
1278 2873 1449 2948 aedificare,
1466 2873 1498 2934 in
1520 2889 1618 2952 eoque
1639 2874 1871 2949 grammaticam

1124 2973 1155 3028 et
1176 2965 1400 3045 philosophiam
1431 2965 1553 3046 publice
1580 2967 1700 3041 docere,
1722 2983 1755 3028 ac
1776 2968 1871 3028 etiarn

1124 3068 1256 3139 quatuor
1276 3059 1446 3136 cathedras,
1468 3061 1542 3122 duas
1557 3061 1684 3139 quidem
1700 3059 1871 3138 theologiae

1123 3153 1330 3229 scholasticae,
1359 3154 1450 3216 aliam
1478 3153 1650 3230 theologiae
1680 3154 1820 3230 moralis,
1839 3165 1870 3217 et

1124 3253 1265 3326 quartam
1286 3247 1394 3312 Sacrae
1416 3247 1601 3324 scripturae,
1618 3237 1699 3326 quas
1715 3261 1769 3326 pro
1791 3254 1869 3310 tem-

1123 3356 1197 3418 pore
1218 3339 1393 3402 obtinentes
1415 3339 1446 3403 S.
1471 3339 1607 3402 Thomas
1621 3340 1781 3418 Aquinatis
1801 3342 1869 3404 doc-

1125 3435 1237 3496 trinam
1257 3442 1433 3498 sanctor'um
1457 3435 1581 3498 Petrum
1602 3435 1817 3497 traditionibus
1838 3443 1869 3498 ct

1123 3527 1307 3590 universalis
1339 3527 1492 3590 Ecclesiae
1519 3527 1650 3590 decretis
1678 3527 1868 3590 conformem

1122 3621 1243 3696 dooere,
1266 3637 1472 3700 erroneasque
1493 3629 1524 3683 et
1545 3621 1663 3696 noxias,
1687 3623 1869 3700 praesertim

1122 3713 1156 3776 in
1178 3715 1305 3775 materia
1325 3714 1435 3775 morali
1457 3713 1628 3792 opiniones,
1653 3713 1784 3792 quaein
1808 3714 1868 3776 illis

1122 3805 1259 3885 partibus
1274 3821 1398 3884 serpere
1412 3808 1570 3882 dicuntur,
1586 3805 1769 3870 eorumdem
1783 3823 1868 3870 sanc-

1123 3909 1225 3962 torum
1247 3899 1374 3962 Petrum
1395 3899 1534 3961 doctrina
1560 3899 1703 3961 refellere
1724 3900 1866 3974 debeant,

1121 3995 1159 4056 de
1179 3993 1304 4071 proprio
1325 3992 1453 4054 [undare
1475 3993 1692 4056 decreverunt.

1161 4086 1228 4162 52.
1254 4085 1334 4148 (lum
1355 4092 1470 4162 autem,
1492 4086 1572 4150 siout
1593 4087 1700 4148 eadem
1718 4085 1867 4164 expositio
1887 4093 2100 4208 rapffrssffp'ssss‘ilss]

1120 4179 1338 4255 subiungebat,
1361 4178 1459 4240 dictus
1490 4179 1626 4256 ignatius
1653 4179 1782 4256 collegio
1810 4179 1867 4240 hu-
1886 4200 1986 4262 qaas.
2011 4201 2100 4247 cacoe-

1886 4253 1958 4298 rinaa
1978 4253 2010 4300 de
2024 4255 2098 4308 Ouito

1886 4308 1912 4352 et
1926 4317 2018 4353 causae
2037 4319 2099 4354 oon-

1121 4381 1175 4442 pro
1198 4371 1338 4441 tempore
1359 4363 1575 4439 existentibus,
1599 4363 1774 4426 laenitatem
1795 4381 1868 4426 con·
1886 4361 2037 4408 ⁸i¹i¹¹t¹⁰¹1i⁸

1121 4271 1265 4346 iusmodi,
1297 4271 1425 4349 eiusque
1456 4271 1567 4332 rectori
1596 4279 1626 4334 et
1657 4272 1867 4334 cathedraticis

1121 4458 1240 4519 lerendi
1261 4457 1382 4536 publice
1404 4457 1516 4533 gradus
1536 4457 1731 4520 scholasticos
1752 4460 1784 4520 in
1807 4459 1867 4522 illis

1118 4551 1268 4625 scientiis
1285 4565 1362 4628 quae
1384 4551 1497 4628 inipso
1515 4551 1643 4628 collegio
1658 4551 1865 4627 siccabuntur,

321 4653 474 4722 quantum
505 4645 592 4706 nohis
613 4663 651 4706 ex
672 4645 733 4708 alto
764 4645 953 4719 conceditur,
983 4646 1068 4710 adiu·
1119 4643 1246 4706 concedi
1269 4643 1620 4722 plurimumdesideret,
1637 4645 1811 4724 similisque
1826 4646 1866 4706 ia-

321 4754 443 4800 ventus.
1120 4737 1216 4800 cultas
1230 4737 1296 4798 aliis
1310 4736 1448 4814 collegiis
1462 4737 1535 4800 dicti
1549 4738 1682 4813 Ordinis,
1695 4739 1727 4800 in
1742 4740 1867 4817 qulbus-

361 4833 380 4908 ἓ
404 4832 430 4893 l.
452 4833 572 4911 Etponi
593 4832 746 4910 siquidem
768 4831 855 4894 nobis
877 4847 977 4912 nuper
995 4832 1067 4895 lecit
1121 4831 1189 4891 dam
1219 4829 1393 4892 civitatibus
1424 4831 1583 4892 indiarum
1611 4829 1866 4904 Occidentalium‚

318 4925 451 4988 dilectus
473 4927 553 4988 lilius
575 4927 711 5002 ignatius
732 4925 769 4988 de
789 4927 937 5001 Quassada
959 4925 1068 4988 desmi-
1120 4937 1197 5000 quae
1225 4921 1525 4999 quadringentorum
1557 4923 1740 4986 milliarium
1771 4926 1867 4986 inter·

322 5027 371 5080 tor
390 5025 421 5080 et
442 5027 623 5096 procurator
643 5020 820 5097 provinciae
836 5019 866 5082 S.
885 5019 1067 5082 catharinae
1120 5015 1200 5076 vallo
1221 5016 1259 5076 ah
1286 5015 1539 5078 universitatibus
1571 5017 1699 5094 publicis
1731 5026 1867 5079 remotae

320 5111 453 5188 virginis
474 5121 504 5172 et
525 5113 670 5190 martyris
690 5111 728 5174 de
748 5114 837 5188 Ouito
859 5111 1066 5175 inlndiisOc-
1119 5115 1209 5182 sunt,
1242 5108 1463 5183 existentihuS,
1496 5107 1614 5170 [ludum
1646 5109 1757 5170 ultimo
1785 5127 1867 5172 anno

320 5202 522 5266 cidentalihos
536 5203 657 5266 Ordinis
674 5203 805 5266 fratrum
821 5203 1065 5266 Praedicatorum
1121 5217 1254 5263 uocatu.
1283 5217 1299 5260 a
1325 5200 1422 5262 lelicis
1450 5201 1669 5264 recordationis
1697 5203 1790 5264 Paulo
1813 5203 1865 5278 V.,

321 5297 354 5358 in
382 5297 464 5358 sacra
497 5296 649 5372 theologia
680 5298 838 5373 magister,
871 5299 952 5376 quod
981 5296 1065 5376 (cum
1119 5297 1155 5356 ad
1176 5295 1355 5356 instantiam
1378 5304 1451 5356 tunc
1471 5295 1632 5356 existentis
1659 5297 1740 5372 regis
1762 5297 1866 5375 Hispa-

320 5390 353 5450 in
376 5389 436 5450 illis
458 5389 595 5466 partibus
617 5389 744 5467 plurimi
764 5390 828 5451 sint
852 5389 1005 5464 infideles,
1028 5407 1067 5451 eu
1120 5389 1244 5450 niarum
1274 5387 1427 5462 catholici,
1450 5403 1601 5462 concessa,
1624 5395 1654 5450 et
1676 5389 1809 5451 subinde
1829 5391 1867 5452 ab

319 5481 432 5559 quihus
453 5481 547 5543 multi
577 5484 669 5560 opera
697 5483 827 5544 iratrum
849 5483 923 5544 dicti
944 5482 1065 5544 Ordinis
1120 5482 1244 5544 Urbano
1267 5481 1359 5556 llll,
1388 5481 1533 5542 Romanis
1561 5482 1760 5544 Pontificibus
1781 5499 1867 5562 prae-

320 5575 383 5638 illic
405 5576 438 5637 in
459 5575 550 5636 vineti
572 5576 695 5638 Domini
716 5588 843 5638 strenue
858 5575 1065 5637 laborantium
1119 5574 1327 5636 decessoribus
1349 5576 1474 5648 nostris,
1497 5575 1677 5636 confirmata
1706 5575 1811 5652 luerit,
1833 5595 1867 5638 ac

320 5667 356 5729 ad
377 5669 560 5730 christianae
581 5669 740 5746 religionis
761 5669 925 5730 veritatem
948 5667 980 5728 in
1002 5667 1066 5728 dies
1119 5665 1270 5729 eiusmodi
1287 5666 1496 5745 praerogativa
1513 5674 1575 5728 tam
1589 5666 1693 5728 clerici
1708 5669 1866 5744 regulares

320 5769 569 5838 convertuntur,
602 5771 632 5825 et
661 5763 753 5840 longe
783 5761 906 5840 plume,
936 5760 1065 5823 Domino
1119 5760 1277 5822 Societatis
1298 5759 1377 5834 lesu,
1397 5759 1505 5836 vigore
1519 5751 1726 5838 quorumdam
1739 5762 1866 5840 privile-

363 5973 392 6030 tl)
408 5975 444 6018 Ex
459 5977 562 6030 Regest.
578 5973 604 6019 in
620 5975 695 6020 Areh.
711 5974 840 6020 Brevium.
