4844 6990
103 4842 305 4896 berogatioeon·

94 4895 238 4941 traiioruai.

979 593 1120 642 CLEMENS
1143 589 1200 638 xli.

312 713 472 778 facultates
506 717 541 777 ail
578 713 737 778 llissiones
773 713 939 794 praedictas
973 731 1060 776 exer-

312 811 423 874 cendas
442 811 480 872 ab
500 811 617 872 eisdem
640 809 894 888 Areliiepiscopis,
912 809 996 872 iuxta
1018 809 1061 871 eis

313 904 475 979 tributum,
499 909 531 964 et
551 905 694 981 deinceps
725 903 856 980 singulis
885 904 1061 981 quinquen·

314 996 373 1058 niis
400 1013 456 1074 pei·
483 1011 637 1070 organum
666 1003 855 1058 memoratae
885 997 1063 1073 Congrege-

315 1091 408 1153 tionis
431 1089 639 1152 Carilinalium
662 1091 883 1152 removendam
906 1091 1061 1152 mediante

314 1184 448 1246 formula
461 1183 550 1246 tertia
562 1184 767 1262 praefatarum
784 1183 976 1258 facultatum,
992 1199 1063 1244 auc-

316 1278 474 1339 toritatem
497 1277 529 1336 in
553 1285 674 1352 totuin,
697 1277 746 1338 vel
767 1277 801 1338 in
825 1286 961 1354 partem,
983 1275 1062 1338 sicut

316 1371 432 1432 eisdem
465 1370 707 1448 archiepiscopis
739 1371 836 1446 magis
868 1372 900 1431 in
930 1370 1062 1430 Domino

316 1464 464 1541 expedire
485 1463 651 1536 videbitur,
666 1463 826 1542 recipiant,
849 1470 968 1523 servata
984 1475 1063 1522 sein·

315 1572 371 1634 per
386 1558 568 1618 eorumdem
583 1555 891 1635 Arcbiepiscoporum
908 1563 969 1616 tani
985 1555 1063 1615 circa

317 1649 488 1726 facultates,
511 1665 604 1728 quarm
623 1649 701 1712 circa
725 1649 788 1710 loca
810 1655 840 1710 et
862 1655 986 1726 teinpus
1001 1663 1064 1708 eas·

318 1745 388 1806 ilem
420 1743 586 1804 exercendi
618 1743 845 1816 moderatione,
873 1743 961 1804 nullo
989 1755 1064 1802 vero

318 1839 409 1900 ruoilo
431 1845 517 1898 extra
539 1837 617 1898 finos
637 1853 709 1899 suae
729 1837 899 1914 respective
914 1835 1065 1898 llissionis

318 1930 355 1990 iis
376 1930 421 1991 uti
443 1937 569 2007 queant,
592 1929 627 1990 ail
657 1945 749 2007 quain
775 1929 872 1991 donec
899 1937 930 1990 et
952 1943 1066 2005 quous-

319 2039 379 2102 que
401 2023 604 2101 pervenerint
627 2022 712 2084 nulla
728 2039 852 2101 prorsus
867 2022 1066 2100 exemptione

318 2124 349 2178 et
371 2117 536 2194 privilegio
558 2119 692 2192 gaiiilaie
714 2118 844 2194 possint.

75 2229 300 2294 aieiiiaptiiopis
359 2209 378 2284 ἓ
399 2207 428 2270 8.
452 2209 618 2271 Hortamur
639 2209 765 2272 demum
781 2221 907 2288 paterne
921 2210 1015 2272 simul
1036 2217 1068 2271 et

67 2281 302 2400 atdsdtftet!

67 2391 301 2502 lttdtdalida

71 2511 223 2599 gi'affi'u
244 2500 301 2544 iiis-
321 2495 465 2558 renovari
493 2479 550 2554 sibi
573 2493 744 2570 praedictae
776 2493 927 2554 formulae
959 2493 1068 2555 tertiae

319 2304 485 2366 elllcaciter
506 2302 629 2364 eosdem
652 2305 914 2384 archiepiscopos,
938 2321 977 2365 ne
1000 2319 1067 2380 gra-

320 2407 437 2462 ventur
457 2399 596 2477 quolibet
618 2399 845 2476 quinquennio
867 2415 981 2477 nempe
996 2415 1067 2461 ciim

321 2589 504 2652 facultatum
519 2586 730 2664 postulabunt,
744 2602 811 2662 nos,
825 2603 879 2648 seu
892 2587 1068 2650 Romanum

321 2684 502 2746 Pontificem
516 2697 570 2759 pro
584 2689 723 2758 tempore
739 2681 937 2755 existentem,
951 2697 1005 2758 per
1020 2697 1068 2742 or·

322 2793 440 2854 ganum
461 2773 602 2836 eiusdem
630 2773 877 2850 congregationis
906 2774 943 2834 ile
965 2773 1069 2835 fructu

322 2879 353 2931 et
375 2885 540 2948 progressu
568 2868 721 2929 dictarum
751 2867 934 2928 missionum
960 2868 1069 2929 certio-

322 2964 447 3038 tiorare,
470 2962 552 3024 salva’i
585 2969 689 3024 tamen
711 2978 834 3039 semper
850 2963 881 3022 in
897 2961 1070 3040 praemissis

322 3057 507 3118 auctoritate
529 3055 786 3132 congregationis
801 3055 983 3117 eorumdem
999 3054 1070 3116 Car-

274 3184 279 3190 ·
322 3150 486 3212 diualiiim.

86 3259 303 3362 „affingimus
362 3247 381 3324 ἓ
401 3245 430 3308 9.
454 3245 676 3320 Decernentes,
692 3243 813 3306 casalem
833 3253 1007 3323 praesentes
1023 3245 1072 3306 lit-

86 3369 172 3416 mitiis.

323 3349 403 3402 teras
416 3353 540 3415 semper
555 3339 670 3412 sirmas,
682 3338 796 3400 validas
811 3346 842 3400 et
859 3339 994 3401 efficaces
1007 3339 1072 3399 exi-

323 3443 405 3495 stere
419 3437 450 3490 et
467 3431 542 3504 fore,
558 3447 693 3508 suosque
714 3430 868 3508 plenarios
887 3439 917 3492 et
934 3431 1072 3508 integros

325 3525 451 3587 effectus
473 3523 577 3586 sortiri
593 3530 623 3583 et
638 3523 790 3598 obtinere,
807 3541 840 3586 ac
856 3523 927 3599 ittts,
945 3525 979 3586 ad
996 3541 1072 3602 quos

324 3626 439 3697 spectat
453 3625 484 3679 et
499 3632 553 3694 pro
565 3625 705 3694 tempore
717 3618 975 3694 quandocumque
989 3631 1072 3694 spec-

326 3713 412 3786 tabit,
424 3711 605 3790 plenissime
619 3709 792 3785 suffiagari,
806 3718 836 3772 et
847 3711 884 3772 ab
895 3711 938 3772 eis
954 3727 1072 3788 respec-

326 3807 390 3868 tive
406 3803 626 3866 inviolabiliter
637 3803 804 3880 observari3
822 3805 927 3882 sicque
942 3804 974 3865 in
987 3821 1072 3884 prae-

326 3897 426 3959 missis
447 3913 502 3976 per
523 3913 735 3975 quoscumque
761 3897 874 3959 iudices
902 3897 1072 3960 ordinarios

326 4001 356 4053 et
371 3990 536 4066 delegatos,
549 3991 641 4050 etiam
659 4007 819 4051 causarum
836 3989 937 4069 palatii
954 3999 1072 4070 aposto·

326 4083 375 4144 lici
391 4084 557 4156 auditores,
573 4097 606 4142 ac
628 4081 658 4144 S.
670 4081 706 4142 R.
724 4083 758 4142 Ε.
774 4082 960 4158 cardinales,
978 4085 1069 4145 etiam

325 4175 479 4237 delatore
510 4173 656 4250 Legatos,
685 4173 804 4236 sublata
826 4175 879 4250 eis,
903 4184 934 4237 et
961 4193 1072 4238 eorum

326 4269 451 4331 cuilibet
474 4268 581 4346 quavis
612 4267 702 4328 aliter
728 4267 899 4343 iudicandi,
922 4276 953 4331 et
974 4271 1072 4332 inter-

326 4362 466 4440 pretandi
489 4359 644 4434 facultate,
669 4367 699 4420 et
720 4361 911 4436 auctoritate,
932 4363 1070 4439 iudicari,

323 4463 355 4516 et
377 4455 499 4517 definiri
526 4454 649 4527 debere,
672 4470 705 4515 ac
727 4454 852 4516 irritum
875 4463 905 4515 et
927 4456 1021 4518 inane
1047 4458 1072 4518 si

324 4567 411 4610 secus
432 4565 525 4626 super
547 4549 594 4608 bis
615 4566 630 4606 a
652 4564 819 4625 quoquam,
842 4550 950 4626 quavis
970 4560 1072 4613 aucto·

324 4643 427 4715 ritate,
455 4641 590 4701 scienter
611 4641 661 4701 vel
684 4639 875 4716 ignoranter,
906 4643 1072 4720 contigerit

324 4735 481 4798 attentari.

364 4831 383 4904 ἓ
406 4828 451 4890 10.
470 4827 538 4890 Non
554 4829 744 4890 obstantibus
756 4829 1028 4893 constitutionibus
1042 4840 1073 4893 et

324 4922 571 4986 ordinationibus
592 4907 775 5000 apostolicis,
796 4939 919 4984 necnon
940 4925 1073 4986 civitatis

326 5025 357 5078 et
380 5015 529 5077 bioecesis
552 5016 776 5092 salisburgen,
796 5035 829 5078 ac
850 5034 1074 5095 quorumcum-

326 5127 387 5189 que
419 5109 590 5182 Oidinum,
623 5109 750 5188 aliisque
787 5111 948 5189 quibusvis
979 5113 1072 5172 etiarn

327 5203 515 5276 iurament0,
549 5203 786 5264 confirmatione
813 5203 991 5280 apostolici,
1022 5205 1072 5264 vel

327 5297 435 5374 quavis
457 5295 604 5356 firmitate
632 5295 689 5356 atio
716 5297 865 5359 roboratis
898 5297 1021 5359 statutis
1043 5307 1072 5359 ot

327 5388 617 5460 consuetudinibus,
634 5390 805 5466 privilegiis
820 5407 955 5468 qnoque,
972 5391 1074 5453 indul-

329 5483 368 5543 tis
383 5491 413 5544 et
429 5482 540 5544 litteris
552 5483 724 5561 apostolicis
738 5485 771 5544 in
783 5485 975 5546 contrarium
988 5501 1074 5564 prae-

327 5577 494 5638 missorum
516 5576 747 5653 quomodolibet
768 5577 939 5652 concessis,
962 5577 1073 5639 confir-

328 5669 418 5730 matis
433 5675 462 5729 et
478 5669 645 5731 innovatis.
668 5669 785 5742 Quibus
806 5669 951 5730 omnibus
966 5678 996 5730 et
1011 5670 1074 5732 siu-

328 5759 424 5836 gulis,
447 5761 573 5824 illoriim
606 5768 744 5836 tenores,
775 5761 988 5841 praesentibus
1017 5777 1072 5840 pro

1786 569 1844 634 [199
1894 571 1949 624 An.
1964 571 1994 626 0.
2015 569 2083 626 1739

1116 710 1208 790 plene
1229 719 1260 773 et
1281 710 1472 774 sufficienter
1489 712 1641 790 expressis
1662 728 1695 774 ac
1716 711 1754 774 de
1768 713 1864 774 verbo

1115 808 1151 870 ad
1174 805 1307 868 verbum
1329 806 1453 868 insertis
1474 807 1633 881 babentes,
1657 805 1717 868 illis
1737 805 1810 867 alias
1832 807 1863 867 iii

1115 916 1171 962 suo
1187 898 1296 960 robore
1307 899 1530 977 permansuris,
1544 898 1599 960 bac
1613 900 1682 960 vice
1692 897 1864 973 dumtaxat,

1115 993 1288 1070 specialiter
1307 999 1338 1054 et
1360 1008 1502 1069 expresse
1523 993 1726 1069 derogamus;
1743 993 1868 1054 ceteris-

1116 1102 1177 1163 que
1198 1085 1359 1148 contrariis
1380 1085 1637 1164 quibuscumque.

1158 1181 1269 1241 Datum
1295 1179 1426 1252 llomae,
1453 1180 1533 1254 apud
1555 1178 1586 1242 S.
1617 1177 1743 1240 llariam
1777 1177 1868 1240 llaio-

1118 1290 1196 1348 rem,
1213 1273 1272 1334 sub
1286 1272 1402 1334 annulo
1415 1272 1585 1346 Piscatoris‚
1599 1269 1650 1333 die
1663 1287 1721 1331 xii.
1736 1270 1866 1332 ianuarii

1119 1381 1335 1440 unccxxxix.,
1358 1364 1554 1444 pontificatus
1583 1365 1681 1426 nostri
1707 1381 1790 1426 anno
1812 1379 1856 1423 ix.

1466 1513 1614 1520 -.-·-—--⁴

1439 1609 1545 1672 XLVl.

1123 1741 1249 1805 Hectori
1268 1744 1399 1825 Collegit
1414 1746 1543 1808 Corsici
1555 1747 1640 1809 ritus
1654 1745 1766 1808 Gracci
1782 1741 1869 1822 niiuil

1166 1835 1315 1900 Ulloiiiim
1328 1839 1521 1916 [aciiltcitein
1534 1839 1675 1900 concedit
1687 1853 1868 1916 premereri-

1163 1930 1197 1991 di
1219 1931 1261 1992 ud
1283 1933 1442 1994 laureum
1466 1933 1659 1994 doctoralem
1679 1933 1712 1994 iu
1734 1931 1871 2009 pbiloso-

1162 2024 1239 2102 plrid
1271 2033 1301 2086 ct
1336 2043 1430 2088 sucro
1469 2025 1623 2105 tliecfuqi'd
1660 2027 1808 2090 alumnos
1839 2033 1869 2087 et

1164 2117 1357 2179 conuictores
1388 2119 1527 2180 eiusdem
1556 2118 1701 2199 Collegit,
1733 2119 1789 2197 qiii
1815 2135 1870 2180 sea

1164 2211 1261 2271 arinis
1281 2211 1321 2271 ad
1337 2212 1520 2274 coruinidem
1538 2213 1787 2290 disciplinarum
1802 2220 1871 2274 sta-

1165 2303 1218 2364 dia
1241 2301 1452 2366 trictibuei'iut
1475 2305 1529 2384 (1).

1317 2473 1503 2544 clemens
1528 2476 1587 2542 ΡΡ.
1611 2477 1666 2544 xit

1245 2596 1281 2662 ad
1304 2604 1476 2682 perpetuen
1499 2599 1542 2665 rei
1569 2599 1747 2667 nemoriani.

1165 2774 1319 2836 Praeclara
1341 2775 1553 2837 Romanorum
1575 2775 1762 2839 Pontificum
1786 2795 1872 2858 prae·
1919 2793 2089 2840 prooemium.

1126 2868 1322 2928 decessorum
1344 2877 1524 2928 nostrorum
1540 2869 1577 2929 de
1603 2867 1715 2930 Graeca
1737 2871 1872 2934 Ecclesia

1127 2975 1196 3020 cuni
1219 2961 1340 3021 sumini
1362 2959 1542 3038 apostolicae
1563 2961 1697 3024 caritatis
1719 2963 1806 3026 laude
1826 2967 1872 3027 in·

1125 3053 1240 3130 signita
1261 3053 1458 3126 meritorum,
1474 3054 1527 3131 qui
1549 3055 1584 3116 ad
1607 3056 1766 3117 nationem
1782 3057 1873 3119 Grae-

1126 3162 1246 3220 corum,
1271 3155 1316 3207 tot
1338 3145 1392 3210 SS.
1406 3146 1546 3209 Patribus
1561 3148 1673 3225 pietate
1689 3167 1722 3211 ac
1734 3151 1873 3214 doctrina

1128 3239 1299 3301 illustribus
1322 3239 1482 3316 inclytam,
1504 3255 1628 3318 semper
1649 3250 1680 3304 et
1701 3243 1818 3322 ubique
1839 3245 1871 3305 in

1128 3332 1257 3410 pristina
1282 3331 1445 3394 catbolieae
1476 3333 1546 3394 fidei
1575 3335 1693 3396 unitate
1720 3353 1874 3414 sanaeque

1127 3426 1285 3488 doetrinae
1316 3425 1510 3488 confessione
1536 3427 1733 3490 retinendam
1762 3431 1874 3492 confir·

1128 3520 1334 3598 mundamque
1366 3519 1487 3580 eximiis
1518 3520 1674 3583 beneficiis
1699 3523 1872 3598 cumulare,

1128 3611 1298 3691 patrocinio
1320 3611 1437 3684 fovere,
1461 3614 1570 3690 opibus
1592 3613 1699 3676 iuvare
1721 3625 1751 3678 et
1773 3617 1875 3680 omni-

1129 3706 1185 3767 bus
1205 3705 1381 3783 pontificiae
1402 3705 1603 3781 benignitatis
1621 3707 1874 3788 liberalitatisque

1128 3799 1236 3861 officiis
1256 3799 1396 3875 allicere,
1426 3808 1457 3860 et
1485 3799 1710 3877 quodammodo
1736 3803 1874 3878 obligare

1127 3891 1360 3968 adlaborarunt,
1383 3893 1483 3954 studia
1514 3893 1697 3970 recolentes,
1720 3912 1775 3957 nos
1803 3912 1876 3974 ope-

1128 4001 1195 4046 raiii
1230 4001 1354 4062 quoque
1386 3996 1523 4048 nostram
1561 3987 1872 4067 solicitudinemque,

1129 4085 1282 4155 quantum
1305 4091 1376 4139 cuin
1399 4079 1530 4140 Domino
1551 4096 1727 4159 possumus,
1744 4083 1779 4144 ad
1794 4083 1874 4144 eius-

1128 4171 1199 4231 dem
1221 4171 1351 4232 Graecae
1373 4171 1507 4232 natiunis
1529 4175 1740 4248 commodum,
1760 4175 1875 4237 utilita-

1130 4271 1193 4326 tem
1215 4282 1248 4326 ac
1277 4266 1367 4326 decus
1397 4273 1429 4325 et
1456 4275 1680 4328 ornamentum
1707 4269 1874 4332 desiderari

1129 4359 1210 4420 baud
1232 4359 1310 4437 passi
1330 4374 1451 4434 suiuus,
1467 4375 1524 4422 nec
1545 4361 1578 4421 in
1600 4371 1758 4439 posterum
1780 4365 1874 4441 patie-

1129 4467 1211 4514 mur.

1168 4546 1186 4620 ἓ
1210 4545 1237 4606 1.
1261 4546 1402 4608 Primum
1430 4547 1555 4625 quideiu
1578 4563 1634 4627 pro
1662 4550 1779 4613 dilectis
1801 4552 1874 4614 siliis
1920 4567 2034 4632 cremeris
2052 4569 2105 4614 coi-

1128 4639 1333 4718 ltalo-graecis
1354 4641 1453 4716 dictis,
1477 4643 1530 4720 qui
1552 4659 1591 4704 ex
1613 4644 1719 4722 patriis
1741 4620 2106 4722 i·egioni-}{ffffl{¹0312⁰c¹gi²,l

1130 4734 1186 4796 bus
1216 4743 1343 4812 propter
1366 4735 1531 4797 catholicae
1558 4737 1628 4799 fidei
1654 4755 1776 4800 cansam
1799 4740 1875 4801 iam·
1892 4728 2106 4828 ᾗῑξξεζξςζᾞωξξθ

1129 4829 1246 4890 dudum
1275 4825 1399 4904 profugi
1420 4828 1454 4887 in
1476 4829 1593 4890 ltaliaiii
1619 4831 1819 4894 advenientes
1841 4835 1873 4895 in
1892 4839 1939 4881 cac.

1129 4921 1243 4999 aliquot
1258 4919 1451 4998 Neapolitani
1467 4923 1554 4998 regni
1570 4923 1735 5000 provinciis
1746 4934 1777 4987 et
1791 4927 1873 4989 dioe-

1128 5014 1248 5075 cesibus
1269 5012 1422 5074 domicilia
1444 5016 1593 5090 dierunt,
1611 5015 1715 5096 ibique
1737 5034 1872 5081 comnio-

1128 5114 1233 5168 rantes
1263 5107 1378 5185 patrios
1405 5124 1505 5169 sacros
1533 5109 1622 5184 ritus,
1653 5113 1872 5188 caeremonias,

1128 5209 1293 5276 ceteraque
1315 5217 1377 5261 non
1398 5202 1500 5264 solum
1515 5205 1663 5281 perpetua
1679 5207 1874 5268 venerandae

1129 5291 1320 5370 antiquitatis
1347 5295 1509 5356 traditione
1540 5296 1744 5373 integerrime
1772 5307 1874 5360 custo-

1129 5385 1202 5460 dita,
1218 5401 1330 5447 verum
1346 5387 1437 5448 etiarn
1454 5388 1571 5451 iteratis
1585 5391 1767 5469 apostolicae
1782 5393 1875 5455 liuius

1130 5478 1160 5540 S.
1185 5479 1271 5541 Sedis
1292 5479 1423 5541 oraculis
1450 5482 1614 5558 approbata
1635 5492 1666 5545 et
1694 5487 1874 5548 confirmata

1128 5574 1321 5634 sanctissime
1341 5590 1466 5636 servare
1485 5575 1724 5654 dignoscuntur,
1741 5579 1774 5640 in
1790 5579 1874 5642 Cala·

1130 5665 1214 5726 briae
1230 5667 1416 5742 meditullio,
1433 5667 1486 5729 ubi
1499 5670 1632 5731 maxima
1650 5671 1778 5734 illorum
1794 5674 1876 5734 miil-

1129 5758 1230 5821 titudo
1252 5777 1285 5822 ac
1306 5775 1456 5824 numerus
1479 5763 1644 5841 reperitur,
1662 5765 1874 5832 Seminarium

369 5977 399 6034 (t)
416 5979 451 6022 tdx
465 5977 531 6022 Bull.
548 5979 572 6022 P.
589 5977 620 6022 ile
634 5979 707 6036 Prop.
723 5977 786 6022 iride
804 5977 851 6022 vol.
867 5981 906 6034 lt,
921 5989 978 6036 pag.
994 5980 1042 6036 uu,
1056 5979 1115 6024 coll.
1130 5982 1177 6026 etc.
