4848 6990
343 571 397 625 Au.
412 573 442 626 6.
463 575 531 626 1696

331 997 544 1096 ruh‘lliilmlm‘

372 3348 516 3396 Exordium.

390 5129 543 5177 lieleruntur

332 5183 471 5246 erectiones
481 5183 544 5229 duo·

331 5245 545 5336 accercitur:

333 5341 367 5388 sis
394 5347 419 5389 et
447 5345 544 5392 Nanki-

333 5397 426 5443 nensis.

585 575 642 640 tae

602 715 620 788 ἓ
641 714 669 776 l.
694 715 762 778 Non
781 718 971 783 obstantibus
986 722 1171 802 praemissis,
1187 741 1219 786 ac
1233 739 1306 786 cou-

561 807 774 873 stitutionihus
795 817 825 874 et
846 815 1089 878 ordinationibus
1120 817 1304 896 apostolicis,

561 903 733 980 ceterisque
752 909 914 970 contrariis
933 911 1190 990 quibuscumque.

602 998 621 1072 ἓ
641 997 670 1058 6.
692 997 843 1062 Volumus
857 1011 960 1064 autem
976 1011 1010 1065 ut
1026 1006 1205 1067 earumdem
1220 1020 1307 1083 prae-

561 1091 698 1152 sentium
716 1091 891 1157 litterarum
907 1099 1117 1176 transumptis,
1134 1116 1187 1161 seu
1203 1114 1306 1160 exem·

562 1181 630 1261 plis,
646 1186 740 1247 etiam
759 1187 925 1264 impressis,
942 1207 1036 1252 manu
1051 1193 1179 1254 alicuius
1194 1192 1306 1254 notarii

562 1276 676 1356 publici
707 1279 897 1362 subscriptis,
920 1291 951 1346 et
970 1285 1072 1361 sigillo
1104 1301 1253 1366 personae
1272 1286 1307 1347 in

561 1370 763 1436 ecclesiastici
783 1374 935 1452 dignitate
955 1380 1140 1442 constitutae
1165 1378 1305 1453 munitis,

561 1462 668 1526 eadem
699 1483 822 1544 prorsus
850 1470 925 1530 tides
947 1471 1059 1550 ubique
1083 1473 1221 1535 locorum
1243 1479 1306 1534 tam

562 1555 594 1618 in
617 1557 728 1621 iudicio
749 1578 842 1639 quam
860 1569 947 1626 extra
963 1565 1039 1629 illud
1055 1565 1213 1640 habeatur,
1229 1582 1306 1644 quae

562 1649 634 1728 ipsis
648 1655 859 1730 praesentibus
874 1657 1049 1734 haberetur,
1065 1660 1091 1720 si
1106 1659 1207 1722 lorent
1222 1659 1306 1722 exhi·

562 1743 644 1807 bitae
665 1748 714 1809 vel
736 1755 885 1812 ostensae.

602 1839 715 1903 Datum
742 1842 867 1918 Romae,
898 1847 976 1924 apud
1007 1845 1037 1909 S.
1062 1847 1188 1910 Mariam
1217 1849 1306 1910 llaio-

563 1948 641 2007 rem,
666 1935 724 1998 sub
747 1937 864 1999 annulo
889 1939 1061 2014 Piscatoris,
1091 1940 1140 2002 die
1167 1959 1196 2001 v.
1224 1950 1307 2003 octo-

562 2024 625 2088 bris
647 2044 814 2105 ubcxcvr.,
834 2032 1028 2109 pontificatus
1050 2035 1147 2096 nostri
1163 2052 1247 2098 anno
1262 2053 1304 2096 vx.

814 2193 1052 2205 ——————-

892 2316 973 2379 Xlll.

563 2497 588 2561 Α
622 2499 813 2564 dioecesibus
845 2503 1013 2566 Pedirteusi
1044 2513 1075 2567 et
1106 2505 1307 2569 Neultiueusi

602 2593 709 2670 plures
730 2597 915 2672 prouincias
936 2607 1076 2676 separet,
1100 2615 1211 2678 eosque
1227 2615 1307 2660 coru·

600 2688 775 2750 anitieudus
804 2691 945 2754 deceruit
980 2693 1114 2754 l'icuriis
1142 2694 1214 2771 Ap„
1237 2709 1307 2770 pro·

601 2783 742 2846 aiecium
770 2785 884 2847 Houuu
913 2787 1005 2862 prius
1033 2787 1201 2849 Patriacum
1228 2789 1308 2850 ussi-

601 2883 733 2956 puutum
750 2878 855 2940 trudit
871 2879 1071 2943 Noutiueusi
1084 2881 1235 2958 Episcopo
1249 2881 1303 2960 (l).

733 3047 985 3118 indecentius
1003 3051 1061 3117 ΡΡ.
1081 3051 1138 3118 llll.

682 3171 719 3238 ed
741 3177 913 3254 perpetuen
939 3175 981 3240 rei
1007 3175 1186 3241 memoriam.

603 3349 627 3410 E
647 3349 772 3412 sublimi
794 3350 879 3414 Sedis
900 3350 1090 3430 xposcottcae
1119 3353 1251 3432 speculi,
1275 3352 1307 3414 in

562 3459 621 3522 qua
641 3444 807 3507 catholicae
826 3445 977 3508 Ecclesiae
992 3463 1046 3524 per
1060 3446 1245 3508 universum
1260 3463 1308 3507 or·

560 3539 630 3600 bem
653 3538 780 3601 diliusae
801 3539 959 3615 regimini,
982 3540 1102 3602 meritis
1123 3539 1194 3602 licet
1215 3547 1246 3601 et
1264 3541 1307 3601 vi-

561 3633 645 3695 ribus
677 3633 770 3709 longe
804 3631 951 3710 impares,
987 3633 1092 3696 divini
1126 3634 1308 3710 dignatione

561 3725 785 3804 praesidemus,
818 3727 931 3788 mentis
963 3734 1084 3788 nostrae
1117 3726 1221 3788 oculos
1253 3741 1308 3805 per

561 3835 771 3898 quascumque
798 3820 864 3896 agri
895 3819 1042 3882 dominici
1070 3829 1172 3898 partes
1192 3820 1308 3897 iugiter

561 3911 830 3988 circumferentes,
863 3913 899 3976 ad
920 3929 969 3984 ea,
999 3929 1077 3992 quae
1107 3912 1307 3975 ecclesiarum

560 4007 769 4084 quarumlibet
784 4007 963 4086 praesertim
978 4007 1199 4070 cathedralium
1215 4007 1247 4068 in
1259 4023 1307 4068 re-

561 4099 742 4160 motissimis
761 4100 799 4161 ab
817 4101 924 4160 eidem
940 4100 1017 4163 Sede
1032 4101 1210 4176 regionibus
1225 4115 1309 4162 erec-

563 4197 664 4254 tarum
685 4199 802 4254 statum
823 4201 1028 4268 concernunt,
1052 4193 1209 4272 pastoralis
1230 4193 1308 4270 vigi-

562 4283 674 4346 lantiae
705 4293 826 4346 nostrae
858 4286 958 4348 studia
989 4286 1121 4348 libenter
1152 4287 1307 4348 converti-

561 4394 646 4455 mus,
676 4385 768 4457 atque
796 4386 831 4441 ut
860 4379 973 4440 ibidem
1004 4379 1170 4441 christiana
1197 4380 1306 4456 religio

561 4469 680 4534 lelicius
701 4473 734 4534 in
756 4472 831 4547 dies,
853 4473 1025 4550 adspirante
1048 4473 1175 4550 superni
1195 4472 1308 4535 lavoris

561 4565 686 4640 auxilio,
701 4566 874 4628 stabiliatur
889 4573 919 4627 et
936 4573 1061 4642 crescat,
1077 4581 1237 4628 concessae
1253 4583 1307 4628 no-

561 4658 607 4720 his
632 4677 648 4720 a
676 4660 807 4721 Domino
838 4661 994 4738 potestatis
1026 4669 1127 4740 partes
1157 4663 1308 4738 propensi

561 4753 709 4814 charitate
723 4753 963 4831 interponimus,
978 4755 1068 4829 sicut,
1085 4753 1229 4816 omnibus
1244 4771 1306 4814 ma-

562 4853 631 4908 ture
652 4847 862 4922 consideratis
880 4849 915 4909 ad
937 4847 1159 4925 omnipotentis
1174 4847 1227 4908 Dei
1242 4848 1307 4924 glo-

561 4939 639 5000 riam
660 4956 694 5002 ac
713 4941 888 5002 animarum
914 4941 1045 5003 salutem
1067 4940 1252 5007 arbitramur
1274 4941 1307 5004 in

560 5031 691 5094 Domino
712 5033 867 5110 expedire.

601 5125 669 5200 gl.
700 5127 782 5188 hilis
812 5126 965 5205 siquidem
997 5127 1093 5191 felicis
1124 5127 1307 5190 recordatio-

562 5219 610 5282 nis
630 5219 804 5282 Alexander
825 5220 901 5299 Papa
924 5221 1000 5284 lllll.
1024 5219 1236 5301 praedecessor
1252 5238 1307 5284 no·

561 5320 625 5374 ster
645 5313 701 5392 (2),
724 5315 815 5376 certis
834 5323 908 5377 tunc
921 5315 1073 5394 expressis
1087 5315 1184 5377 causis
1197 5315 1307 5377 adduc·

563 5415 624 5480 tue,
646 5425 679 5470 ac
700 5409 880 5486 praesertim
911 5409 1038 5486 provide
1058 5409 1253 5472 considerans
1273 5410 1307 5470 in

562 5501 749 5580 amplissimo
770 5517 868 5579 regno
891 5502 1046 5578 Sinarum,
1070 5503 1102 5564 in
1124 5519 1185 5581 quo
1206 5503 1309 5564 catho-

564 5597 652 5660 licam
674 5598 767 5659 lidem
787 5597 885 5658 ‘latius
906 5598 937 5658 in
960 5597 1023 5660 dies
1044 5598 1204 5675 propagari
1225 5613 1307 5659 acce·

604 5799 633 5853 (lt
649 5801 686 5842 Ex
700 5801 750 5843 vet.
773 5799 838 5844 Bull.
854 5800 885 5844 de
899 5799 923 5843 P.
940 5801 965 5844 E.
982 5811 1004 5858 p.
1020 5801 1068 5854 238,
1089 5799 1147 5845 coli.
1162 5811 1222 5845 cum
1237 5801 1302 5857 orig.

563 5867 590 5910 iu
605 5865 694 5912 Tubul.
711 5870 802 5924 congr.
816 5867 852 5912 nb
867 5867 1013 5912 Alexandro
1024 5865 1087 5912 Viti.
1104 5867 1222 5913 instituti
1233 5868 1306 5913 luere

563 5934 727 5991 episcopatus
742 5935 894 5980 Pekinensis
906 5937 932 5980 et
942 5933 1117 5980 Nanhineusis
1127 5935 1230 5982 constit.
1243 5934 1304 5980 edit.

564 6013 669 6058 uucxc,
683 6002 725 6047 die
739 6013 764 6047 x.
779 6001 881 6060 aprilis,
902 6004 972 6060 pont.
989 6015 1015 6058 1.;
1030 6002 1057 6048 in
1072 6001 1152 6048 buius
1173 6003 1306 6048 pontiacis

1085 603 1148 650 tub.
1174 605 1263 650 PON'l'.
1287 605 1327 650 be
1349 607 1378 651 P.
1401 607 1430 652 F·
1455 609 1537 654 PARS
1559 611 1579 653 l.

1360 733 1456 804 perat,
1480 743 1575 790 unam
1606 729 1765 794 dumtaxat
1785 732 1992 798 cathedralem
2016 732 2119 796 eccle-

1359 819 1447 895 siam,
1470 837 1582 901 nempe
1602 825 1871 902 Machaoneusem,
1894 843 1972 906 quae
1987 829 2029 890 de
2046 827 2119 888 iure

1361 921 1539 990 patronatus
1562 917 1710 980 carissimi
1732 920 1763 981 in
1787 921 1910 982 Christo
1932 921 1987 984 lilii
2011 920 2118 982 nostri

1362 1007 1442 1070 Petri
1465 1010 1669 1088 Portugalliae
1690 1019 1721 1074 et
1743 1013 1959 1090 hlgarbiorum
1975 1014 2062 1091 regis
2079 1013 2118 1074 il·

1361 1101 1466 1164 lustris
1486 1119 1525 1164 ex
1547 1104 1726 1168 lundatione
1740 1107 1793 1168 vel
1805 1108 1961 1170 dotatione
1976 1125 2034 1171 seu
2053 1108 2119 1188 pri·

1361 1195 1475 1271 vilegio
1506 1199 1687 1276 apostolico,
1719 1200 1770 1261 cui
1799 1217 1861 1262 non
1889 1201 2119 1264 inveniebatur

1362 1295 1506 1365 eatenus,
1536 1292 1569 1354 iu
1597 1293 1699 1371 aliquo
1726 1293 1924 1370 derogatum,
1954 1311 2040 1370 esse,
2067 1310 2120 1355 re-

1362 1382 1472 1460 periri,
1499 1386 1635 1463 adeoque
1661 1386 1743 1450 illius
1766 1389 1951 1468 Episcopum
1972 1389 2120 1466 singula·

1361 1491 1433 1536 rum
1454 1478 1561 1540 ovium
1582 1479 1705 1542 vultum
1726 1481 1890 1560 inspicere,
1906 1482 2021 1546 aliasve
2037 1483 2117 1544 boni

1362 1571 1491 1648 pastoris
1512 1579 1612 1649 partes
1630 1573 1760 1651 implere
1774 1575 1905 1638 minime
1919 1591 2021 1654 posse:
2040 1591 2119 1654 sup-

1361 1663 1575 1741 plicationibus
1604 1667 1742 1729 eiusdem
1770 1668 1851 1730 Petri
1875 1669 1958 1746 regis
1979 1669 2118 1732 nomine

1361 1757 1419 1820 sibi
1449 1775 1543 1836 super
1574 1760 1630 1822 hoc
1661 1760 1822 1823 humiliter
1850 1763 1998 1840 porrectis
2020 1761 2118 1824 incli-

1363 1859 1463 1927 natus,
1487 1853 1593 1930 oppida
1616 1855 1653 1916 de
1670 1854 1780 1918 Pekim
1794 1863 1826 1916 et
1841 1857 1878 1918 de
1893 1855 2031 1918 Nankim
2050 1871 2117 1916 res-

1361 1945 1481 2022 pective
1512 1954 1702 2024 nuncupata,
1730 1949 1764 2010 iu
1789 1951 1896 2012 eodem
1922 1965 2019 2026 regno
2045 1948 2114 2010 exi-

1361 2037 1484 2112 stentia,
1507 2039 1545 2100 ab
1564 2039 1719 2102 ordinarie
1745 2042 1959 2106 iurisdictione
1981 2051 2059 2105 tunc
2083 2049 2116 2103 et

1362 2147 1417 2208 pro
1445 2137 1584 2210 tempore
1614 2134 1775 2198 existentis
1803 2135 1944 2214 Episcopi
1973 2137 2116 2199 Machao-

1361 2225 1467 2286 nensis
1487 2225 1668 2290 auctoritate
1699 2229 1862 2308 apostolici
1892 2240 2045 2310 perpetuo
2066 2247 2116 2292 se-

1361 2319 1514 2394 gregavit,
1537 2319 1652 2395 divisit,
1685 2325 1836 2400 separavit
1858 2331 1888 2387 et
1908 2325 2115 2388 dismembra-

1362 2413 1418 2486 vit,
1442 2412 1554 2492 illaque
1576 2415 1608 2476 iu
1630 2415 1779 2492 civitates,
1795 2433 1873 2496 quae
1894 2419 1932 2481 de
1953 2419 2066 2482 Pekim
2083 2425 2115 2480 et

1361 2503 1498 2568 Nankim
1519 2509 1688 2586 respective
1708 2509 1999 2587 denominarentur,
2023 2521 2057 2575 et
2080 2514 2114 2575 in

1362 2599 1405 2660 eis
1433 2601 1590 2675 ecclesias,
1623 2603 1814 2666 beatissimae
1845 2604 1967 2681 Virgini
1997 2607 2115 2668 Mariae

1363 2694 1529 2772 utrobique
1556 2697 1678 2770 dicatas,
1702 2697 1735 2758 in
1759 2699 1946 2762 cathedrales
1967 2701 2114 2764 ecclesias

1362 2788 1420 2849 sub
1440 2788 1634 2851 invocatione
1662 2791 1800 2852 eiusdem
1826 2792 2018 2855 beatissimae
2042 2795 2116 2857 Vir·

1363 2881 1455 2957 ginis,
1478 2898 1534 2959 pro
1564 2881 1683 2944 duobus
1714 2884 1880 2962 Episcopis,
1903 2903 1967 2948 uno
1993 2887 2115 2950 scilicet

1363 2975 1541 3051 Pekineusi,
1563 2975 1660 3040 altero
1682 2993 1757 3039 vero
1779 2977 1975 3042 Nankinensi
1991 2997 2115 3060 respec-

1364 3068 1427 3129 tive
1448 3069 1675 3148 nuncupandis,
1697 3071 1751 3148 qui
1771 3069 1834 3132 illis
1866 3081 2053 3150 praeessent,
2078 3091 2114 3137 ae

1363 3161 1501 3224 ecclesias
1521 3163 1599 3240 ipsas
1620 3163 1655 3224 ad
1677 3165 1809 3226 formam
1824 3167 2047 3230 cathedralium
2062 3184 2115 3230 ec-

1361 3254 1525 3318 clesiarum
1546 3258 1645 3334 redigi
1666 3257 1812 3332 lacerent,
1835 3259 1893 3320 sub
1913 3263 2004 3322 certis
2017 3261 2113 3323 modo

1363 3357 1394 3410 et
1414 3348 1512 3412 lormi
1534 3357 1608 3412 tunc
1622 3352 1783 3428 expressis,
1799 3353 1946 3416 similiter
1959 3364 2112 3433 perpetuo

1362 3443 1461 3504 erexit
1482 3453 1512 3504 et
1533 3444 1685 3520 instituit;
1708 3461 1742 3506 ac
1762 3445 1878 3508 eisdem
1896 3447 1938 3509 sic
1953 3449 2064 3511 erectis
2080 3457 2113 3510 et

1363 3535 1512 3597 institutis
1533 3536 1667 3600 ecclesiis
1688 3538 1798 3616 oppida
1819 3539 2001 3618 supradicta,
2019 3542 2053 3602 in
2068 3542 2111 3604 ci-

1362 3629 1482 3704 vitates,
1505 3629 1584 3692 sicut
1611 3632 1831 3709 praemittitur,
1854 3643 1966 3708 erecta,
1990 3651 2046 3712 pro
2068 3636 2111 3698 ci-

1362 3722 1525 3798 vitatibus;
1549 3723 1605 3785 alia
1626 3739 1702 3786 vero
1728 3725 1847 3804 oppida,
1869 3733 1977 3802 castra,
2006 3728 2110 3804 villas,

1361 3817 1514 3878 territoria
1529 3826 1560 3878 et
1574 3816 1731 3880 districtus
1745 3819 1891 3882 dioecesis
1906 3820 2110 3884 blachaonen·

1360 3910 1412 3985 sis,
1436 3909 1520 3972 iuxta
1541 3910 1727 3972 divisionem
1758 3913 1952 3990 perdicium
1980 3915 2110 3978 Petrum

1361 4017 1469 4078 regem
1490 4003 1540 4064 vel
1561 4019 1616 4082 per
1637 4004 1891 4068 blachaonensem
1905 4023 1939 4067 ac
1953 4007 2110 4072 Pelxinen·

1360 4112 1424 4157 sem
1447 4103 1478 4158 et
1499 4096 1735 4159 Naukineusem
1762 4099 1925 4178 Episcopus
1953 4103 1990 4163 de
2011 4103 2110 4180 ipsius

1361 4189 1443 4250 Petri
1475 4191 1555 4267 regis
1583 4191 1799 4254 commissione
1827 4191 1909 4256 iuter
1936 4210 1969 4255 se
1996 4194 2110 4258 lacien-

1362 4286 1441 4358 darn,
1466 4299 1520 4362 pro
1542 4285 1728 4348 dioecesibus
1750 4286 1856 4348 itidem
1871 4295 2021 4366 perpetuo
2035 4305 2110 4352 oon-

1360 4378 1449 4440 cessit
1470 4386 1500 4440 et
1521 4379 1698 4455 assignavit.
1715 4379 1810 4442 Porro
1824 4382 1941 4442 mensis
1955 4383 2111 4462 episcopa·

1361 4470 1441 4534 libus
1468 4472 1619 4534 dictarum
1647 4473 1846 4535 ecclesiarum
1874 4476 1912 4536 de
1940 4475 2050 4537 Pekim
2074 4485 2110 4538 et

2150 591 2205 646 Au.
2220 595 2249 648 O.
2271 598 2332 652 1696

1361 4561 1498 4625 Nankim
1519 4580 1574 4642 pro
1595 4564 1760 4626 cuiuslibet
1787 4581 1894 4628 earum
1916 4568 1987 4630 dote
2008 4569 2110 4631 reddi·
2167 4599 2170 4604 ·

1362 4663 1411 4718 tus
1426 4673 1544 4718 annuos
1559 4659 1804 4736 quingentorum
1819 4660 2026 4724 cruciatorum
2042 4678 2111 4724 mo-

1362 4759 1451 4812 netae
1477 4751 1695 4828 Portugalliae,
1719 4753 1963 4830 quadringentos
1984 4755 2109 4818 ducatos

1361 4843 1428 4905 auri
1449 4844 1487 4906 de
1507 4847 1628 4907 cameri
1653 4847 1922 4923 constituentium,
1944 4864 1999 4926 per
2020 4865 2110 4912 eum-

1361 4938 1432 5000 dem
1453 4940 1579 5001 Petrum
1607 4956 1716 5017 regem
1742 4941 1949 5017 assignandos,
1972 4950 2108 5007 extunc

1361 5039 1452 5109 prout
1478 5041 1640 5113 postquam
1666 5035 1812 5111 assignati
1837 5036 1979 5111 luissent,
2001 5037 2110 5099 simili·

1362 5131 1409 5186 ter
1429 5135 1578 5206 perpetuo
1600 5128 1765 5206 applicavit
1785 5136 1816 5190 et
1836 5129 2058 5208 appropriavit3
2074 5148 2109 5193 ac

1362 5217 1488 5302 iusuper
1515 5221 1617 5284 eidem
1645 5222 1735 5283 Petro
1756 5230 1787 5284 et
1808 5236 1862 5300 pro
1885 5229 2024 5300 temporo
2045 5224 2108 5284 exi-

1360 5317 1514 5380 stentibus
1544 5316 1748 5392 Portugalliae
1770 5323 1801 5377 et
1822 5315 2038 5392 Algarbiorum
2059 5333 2109 5378 re-

1362 5411 1450 5488 gibus
1481 5412 1711 5488 iuspatronatus
1737 5426 1792 5472 seu
1814 5410 2030 5489 praesentandi
2049 5411 2107 5472 sibi

1361 5512 1392 5566 et
1413 5503 1551 5565 Romano
1572 5503 1713 5566 Pontifici
1734 5519 1789 5582 pro
1808 5511 1947 5580 tempore
1961 5503 2106 5566 existenti

1360 5598 1396 5659 ad
1418 5597 1558 5659 ecclesias
1579 5596 1617 5658 de
1637 5596 1746 5658 Pekim
1767 5603 1798 5658 et
1820 5595 1956 5658 Nankim
1971 5597 2108 5674 praedic·

1369 5733 1599 5741 .-—.-.-—--——

1361 5803 1441 5846 coust.
1453 5801 1515 5846 edit.
1526 5811 1650 5856 nocxcv,
1665 5799 1706 5844 die
1718 5811 1772 5846 xvv.
1788 5799 1860 5853 maii,
1875 5799 1964 5856 pontii.
1977 5811 2023 5855 111,
2034 5801 2105 5846 extat

1361 5867 1561 5912 dismembratio
1574 5879 1590 5911 a
1604 5866 1716 5912 dioecesi
1730 5866 1908 5912 Nemausensi.

1403 5936 1432 5990 (Et
1448 5934 1481 5980 Cf.
1498 5945 1578 5991 supra
1592 5933 1620 5978 in
1636 5933 1660 5978 h.
1678 5933 1725 5978 vol.
