4878 6982
999 556 1139 605 ctltllntls
1160 555 1205 603 XI.

533 725 720 794 caeneus
743 726 803 794 ΡΡ.
828 727 873 794 tlt.

472 861 509 928 ad
534 861 664 930 loturam
686 863 730 928 rei
758 863 937 930 memoriam·

102 1053 314 1156 artacffcffluinfvisss
371 1051 440 1125 §h
465 1052 544 1116 Cum
565 1068 621 1116 nos
642 1052 725 1129 alias,
751 1052 807 1131 pro
834 1054 998 1116 commisso
1023 1069 1078 1114 no·

101 1161 198 1224 artensis
213 1162 313 1226 evectus
332 1144 377 1206 bis
391 1144 541 1208 divinitus
563 1146 745 1225 apostolicae
765 1146 925 1208 servitutis
946 1160 1078 1208 munere

100 1217 314 1320 {iflssfc‘issunfflcsssssl
332 1237 425 1300 etiam
447 1236 483 1298 ad
503 1239 724 1302 remotissimas
740 1239 777 1301 ab
797 1241 853 1302 hoc
875 1239 984 1302 Sancti
1000 1237 1078 1302 Sede

100 1321 314 1421 {ffissuffilfflffi
332 1329 474 1406 regiones
488 1331 673 1408 pastoralem
687 1331 867 1409 vigilantiae
887 1340 1010 1394 nostrae
1025 1347 1077 1393 cu-

98 1429 183 1578 {¹33³
198 1429 314 1528 mffipass
332 1437 399 1482 ram
420 1421 635 1499 extendentes,
658 1440 713 1502 per
733 1426 877 1502 quasdam
903 1430 1021 1486 nostras
1043 1423 1076 1485 iu

115 1545 127 1579 8

128 1533 242 1596 clavatae
261 1536 314 1582 rue
331 1514 426 1574 simili
457 1514 555 1576 torma
582 1517 689 1578 Brevis
718 1519 837 1581 litteras
865 1516 1077 1580 venerabilem

99 1587 313 1698 ffl„¹{,¹²„⁰{¹¹j{,},‡
331 1605 460 1670 tratrem
472 1609 1076 1686 Carolum'lhomam,Patriarchamhn-

99 1693 314 1801 gffoffl‘giggiffelgj
333 1699 526 1777 tiochenum,
551 1710 696 1766 nostrum
721 1712 753 1766 et
776 1703 965 1784 apostolicae
991 1702 1077 1764 Sedis

99 1800 124 1845 si·
331 1794 578 1857 commissarium
595 1802 625 1858 et
637 1797 829 1860 visitatorem
841 1797 874 1858 in
889 1797 1035 1860 Sinarum
1046 1801 1077 1857 et

331 1885 397 1947 aliis
412 1887 570 1949 indiarum
584 1887 790 1952 Orientalium
804 1890 922 1966 regnis,
938 1905 1009 1951 eum
1024 1905 1076 1968 po-

332 1985 440 2041 testate
466 1980 561 2042 etiam
583 1983 680 2044 nostri
707 1991 738 2045 et
761 1981 902 2045 eiusdem
931 1981 1018 2046 Sedis
1040 1981 1076 2044 de

332 2071 427 2134 latere
441 2074 548 2150 Legati
570 2091 603 2137 ac
624 2075 752 2138 diversis
774 2083 805 2138 et
825 2075 1019 2154 amplissimis
1034 2074 1077 2137 la-

330 2164 496 2230 cultatibus
507 2169 760 2232 constituerimus
771 2176 801 2232 et
812 2167 1075 2248 deputaverimus,

331 2265 362 2320 et
381 2259 466 2334 alias,
489 2268 582 2340 prout
603 2262 635 2324 iu
658 2262 821 2340 praedictis
842 2263 956 2325 nostris
967 2261 1016 2324 die
1031 2277 1072 2322 1v.

330 2351 399 2413 iulii
420 2367 543 2415 ancon.
568 2355 718 2433 expeditis
739 2354 861 2430 litteris,
882 2371 1017 2434 quarum
1033 2361 1075 2417 te-

331 2459 441 2506 norem
455 2448 669 2525 praesentibus
680 2463 736 2526 pro
748 2463 892 2526 expresso
906 2465 940 2511 ac
954 2451 991 2511 de
1006 2465 1075 2511 ver-

330 2536 369 2598 bo
383 2538 420 2600 ad
435 2539 565 2602 verbum
581 2539 697 2602 inserto
713 2540 817 2602 haberi
831 2541 989 2618 volumuS,
1002 2542 1075 2604 ube-

330 2629 396 2691 rius
417 2631 612 2695 continetur:
637 2641 678 2708 et,
702 2634 781 2697 sicut
802 2650 903 2713 nuper
923 2651 987 2697 non
1009 2636 1076 2697 sine

330 2723 416 2798 gravi
437 2726 535 2788 animi
557 2728 655 2789 nostri
669 2729 775 2792 dolore
795 2730 966 2808 accepimus
981 2727 1076 2808 (post-

329 2831 422 2893 quam
447 2817 531 2880 idem
560 2821 686 2885 Carolus
714 2823 858 2896 Thomas,
884 2822 1073 2900 Potuerunt,

329 2911 556 2974 commissarius
577 2923 608 2976 et
628 2915 778 2990 visitator,
801 2916 833 2978 in
849 2917 989 2982 ,dioecesi
1013 2916 1076 2978 hle

329 3001 513 3086 lioporensi,
536 3007 652 3084 debitat,
682 3017 717 3072 ut
744 3027 797 3090 par
817 3017 898 3086 erat,
929 3025 1075 3072 reveren-

330 3103 370 3166 tia
391 3121 407 3164 a
429 3103 599 3166 venerabili
620 3105 736 3183 pariter
757 3105 851 3166 tratre
871 3104 1003 3182 Gaspare
1023 3102 1075 3164 al-

328 3197 459 3277 phonso,
482 3197 633 3276 Episcopo
655 3197 881 3277 ldeliaporeusi,
896 3196 1076 3272 recognitus

328 3297 360 3354 et
381 3297 527 3368 exceptus
548 3290 659 3366 luerat,
673 3307 706 3352 ac
728 3290 815 3352 iustis
836 3297 866 3351 et
887 3289 1075 3352 rationabili·

328 3385 385 3448 bus
407 3384 504 3446 causis
526 3381 673 3446 adductus
694 3399 839 3446 censuras
860 3383 1005 3461 quasdam
1026 3399 1074 3446 ec·

327 3478 508 3540 clesiasticas
529 3476 563 3538 iu
584 3475 691 3538 eadem
713 3477 842 3540 dioecesi
864 3483 970 3538 contra
996 3492 1074 3538 non·

328 3571 430 3632 nullos
451 3569 609 3646 regulares
631 3568 908 3647 promulgaverat),
937 3569 1073 3631 edictum

327 3661 499 3741 quoddam,
527 3662 586 3724 sub
609 3661 737 3724 nomine
765 3661 950 3724 venerabilis
980 3661 1072 3724 etiam

326 3754 1070 3832 lratrishugustiniabhnnuneiatione,diexxu.

327 3850 498 3914 decembris
529 3865 660 3912 uncolv.
693 3849 812 3912 editum
840 3848 1009 3926 prodierit,
1042 3859 1074 3913 et

326 3943 458 4006 subinde
484 3945 515 4006 in
537 3944 721 4023 quibusdam
750 3945 934 4025 oppidorum
954 3962 1009 4008 seu
1032 3946 1073 4006 lo·

326 4053 435 4098 corum
456 4037 674 4114 lladraspataui
689 4045 720 4099 et
734 4037 911 4100 Pudiaherii
926 4037 1071 4113 ecclesiis,

327 4137 358 4192 et
379 4130 482 4192 forsan
498 4129 581 4206 alibi,
598 4130 790 4208 publicatum
805 4131 910 4206 luerit,
927 4147 999 4210 quo,
1017 4131 1074 4192 suh

328 4222 432 4296 variis,
455 4221 575 4284 frivolis
596 4239 628 4284 ac
649 4239 775 4301 prorsus
799 4223 1073 4286 insubsistentihos

327 4315 548 4393 praetextibus,
562 4331 710 4378 censurae
721 4316 902 4394 praedictae,
916 4315 1072 4378 abeodem

329 4407 436 4470 Garolo
462 4407 578 4468 Thoma
603 4407 787 4483 Patriarcha,
813 4410 1022 4472 commissario
1043 4417 1074 4472 et

327 4498 498 4574 visitatore,
513 4498 592 4560 siout
614 4501 835 4578 praemittitur,
848 4502 1072 4580 promulgatae,

328 4591 469 4654 inaudito
489 4608 578 4668 ausu,
602 4593 705 4655 nullae
726 4593 930 4671 declarantur,
953 4596 1073 4674 ipsique

328 4683 485 4760 regulares
506 4685 542 4746 ad
565 4695 832 4750 sacramentorum
857 4688 1073 4751 ecclesiastico

328 4791 400 4837 rum
411 4775 711 4840 administrationem
723 4781 1073 4856 admittuntur,necnon

328 4870 471 4932 omuibus
485 4877 516 4932 et
533 4871 665 4948 singulis
680 4880 742 4935 tam
757 4873 966 4936 ecclesiasticis
980 4891 1072 4952 quam

328 4961 411 5024 laicis
442 4965 622 5040 mandatur,
652 4983 693 5029 ne
714 4967 770 5044 ipsi
800 4966 908 5028 Carolo
938 4965 1074 5028 Thomae

329 5055 529 5133 patriarchae,
545 5060 755 5122 commissario
777 5065 808 5120 et
829 5059 981 5121 visitatori
1003 5060 1074 5122 obe·

329 5157 426 5229 diant,
449 5159 501 5216 aut
523 5153 616 5216 dictas
636 5169 780 5214 censuras
802 5160 1018 5228 revereantur,
1041 5170 1074 5214 ac

329 5251 457 5327 insuper
477 5247 579 5310 eidem
601 5246 710 5308 Garolo
732 5245 867 5307 'rhomae
882 5245 1074 5308 Patriarchae

328 5340 539 5404 commissario
553 5347 584 5401 et
599 5337 761 5413 visitatori,
779 5338 900 5400 inverso
914 5355 989 5400 sane
1003 5356 1073 5418 poe-

328 5449 439 5496 narum
461 5448 517 5511 per
543 5432 704 5496 canonicas
730 5432 902 5493 sanctiones
927 5431 1073 5508 irrogata·

327 5543 400 5590 rum
427 5543 501 5601 usu,
530 5525 587 5588 sub
618 5525 949 5587 excommunicationis
975 5527 1073 5603 poena

328 5619 500 5694 inhibetur,
523 5618 694 5696 quominus
719 5617 962 5680 iurisdictionem
984 5632 1073 5679 suam

328 5711 425 5774 libere
445 5717 598 5786 exerceat,
612 5711 731 5790 aliaque
746 5717 864 5772 temere
879 5710 1072 5790 praecipiun-

329 5812 380 5866 tur
401 5812 493 5883 atque
513 5803 709 5879 ordinantur,
722 5804 754 5864 in
770 5804 988 5880 gravissimum
1003 5819 1072 5881 apo·

326 5897 449 5960 stolicae
464 5897 663 5973 auctoritatis
679 5913 738 5975 qua
754 5897 837 5960 idem
852 5896 978 5960 Carolus
994 5898 1074 5959 'lho-

1133 695 1198 742 mas
1219 679 1402 755 Patriarcha,
1425 679 1652 744 commissarius
1680 683 1711 740 et
1737 677 1876 738 visitator

1134 779 1239 834 nostro
1260 780 1291 835 et
1311 773 1409 836 dictae
1430 774 1516 838 Sedis
1530 774 1659 835 nomine
1680 772 1712 834 in
1733 769 1794 832 illis
1809 785 1877 848 par-

1134 863 1216 926 tibus
1237 864 1636 945 iungitur,’contemptum,
1652 863 1875 944 praeiudicium

1132 965 1163 1018 et
1185 958 1421 1034 detrimentum,
1438 967 1468 1022 et
1486 959 1569 1036 alias,
1586 966 1678 1038 prout
1693 959 1725 1018 in
1740 954 1876 1035 praelato

1132 1051 1243 1125 edicto,
1266 1053 1359 1129 quod,
1375 1067 1439 1114 non
1461 1051 1659 1131 approbandi,
1678 1051 1729 1114 sed
1752 1049 1875 1128 penitus

1133 1148 1164 1204 et
1185 1144 1313 1205 omnino
1335 1145 1516 1223 reprobandi
1532 1145 1648 1220 animo,
1665 1141 1876 1222 praesentibus

1132 1234 1241 1296 itidem
1262 1252 1318 1316 pro
1345 1236 1436 1316 plene
1460 1245 1491 1299 et
1512 1237 1704 1299 sufficienter
1731 1247 1875 1313 expresso

1133 1333 1163 1388 et
1185 1329 1221 1390 de
1243 1329 1337 1390 verbo
1351 1330 1388 1392 ad
1403 1330 1536 1393 verbum
1556 1331 1675 1391 inserto
1696 1326 1801 1389 haheri
1823 1339 1875 1387 vo·

1132 1419 1248 1496 lumus,
1271 1421 1397 1485 uberius
1418 1424 1531 1486 dicitur
1551 1421 1718 1485 contineri:

1171 1514 1190 1588 ἓ
1211 1513 1240 1574 2.
1264 1515 1342 1577 Hinc
1356 1522 1402 1577 est
1422 1517 1504 1594 quod
1525 1531 1592 1592 noe,
1607 1531 1647 1576 ex
1662 1513 1763 1576 debito
1777 1527 1875 1574 sacro·
1894 1514 2106 1616 nunfflgaeffitcifl

1132 1607 1230 1668 sancti
1260 1608 1446 1686 apostolatus
1474 1609 1581 1684 oflicii,
1604 1609 1685 1687 quod
1706 1605 1875 1669 humilitati
1894 1623 2009 1680 praelati.

1133 1707 1264 1774 nostrae,
1288 1700 1408 1764 meritis
1423 1701 1493 1764 licet
1514 1708 1544 1763 et
1566 1702 1684 1764 viribus
1705 1701 1798 1778 longe
1819 1699 1875 1762 im-

1132 1792 1213 1870 pari,
1242 1795 1398 1857 commisit
1429 1794 1533 1857 divina
1558 1796 1707 1872 dignatio,
1736 1794 1875 1858 eiusdem

1132 1885 1233 1948 Caroli
1255 1887 1390 1949 Thomae
1411 1888 1612 1966 patriarchae,
1631 1888 1876 1952 commissariiet

1132 1979 1315 2055 visitatoris,
1344 1997 1398 2043 seu
1427 1982 1531 2060 potius
1559 1989 1697 2044 nostram
1722 1989 1754 2044 et
1779 1981 1876 2045 diotae

1132 2071 1219 2134 Sedis
1240 2072 1436 2150 dignitatem,
1449 2076 1664 2138 auctoritatem
1686 2082 1717 2136 et
1738 2075 1876 2136 iurisdic-

1133 2163 1251 2226 tionem
1272 2182 1288 2226 a
1310 2169 1483 2230 temerariis
1503 2176 1535 2230 et
1562 2167 1742 2248 perniciosis
1769 2168 1876 2230 huius-

1132 2257 1216 2319 modi
1237 2260 1394 2322 conatibus
1415 2261 1534 2323 illaesas
1554 2269 1710 2340 sartasque
1731 2268 1762 2322 ot
1782 2265 1876 2322 tectas

1131 2349 1214 2412 tueri
1235 2358 1265 2412 et
1287 2368 1470 2414 conservare
1484 2353 1652 2432 cupientes,
1666 2371 1699 2415 ac
1720 2353 1874 2428 omnium,

1131 2459 1209 2522 quae
1223 2445 1369 2522 praedicti
1381 2447 1471 2510 edicti
1487 2464 1542 2510 seu
1557 2448 1588 2509 in
1605 2463 1640 2509 eo
1656 2453 1875 2509 contentorum

1131 2536 1288 2598 occasione
1303 2539 1412 2616 quovis
1432 2541 1523 2602 modo
1545 2548 1609 2603 acta
1631 2548 1662 2602 et
1683 2545 1766 2617 gesta
1788 2543 1873 2611 sunt,

1130 2630 1255 2707 seriem,
1272 2649 1374 2695 causas
1395 2641 1427 2695 et
1447 2635 1703 2710 circumstantias,
1716 2633 1807 2696 etiam
1824 2645 1874 2707 ag-

1130 2732 1305 2801 gravantes,
1327 2727 1425 2789 aliave
1446 2744 1671 2806 quaecumque,
1694 2728 1787 2790 etiam
1808 2741 1874 2804 spe·

1129 2817 1247 2880 cihcam
1269 2828 1300 2882 et
1314 2821 1522 2884 individuam
1548 2821 1743 2883 mentionem
1770 2827 1801 2883 et
1822 2839 1875 2883 eu·

1129 2914 1321 2992 pressionem
1343 2914 1544 2994 requirentia,
1561 2915 1774 2992 praesentibus
1795 2915 1873 2994 pari-

1129 3015 1178 3069 ter
1199 3023 1254 3086 pro
1281 3008 1374 3086 plene
1395 3015 1426 3069 et
1450 3007 1639 3070 sufficienter
1670 3009 1821 3087 expressis
1843 3013 1874 3070 et

1129 3109 1235 3162 exacte
1265 3100 1445 3179 specificatus
1475 3101 1638 3176 habentes,
1666 3102 1703 3162 de
1737 3101 1874 3164 nonnul-

1130 3194 1232 3256 lorum
1259 3207 1299 3254 ex
1329 3193 1558 3256 venerabilibus
1586 3192 1731 3255 iratribus
1760 3193 1874 3255 nostris

1130 3287 1160 3349 S.
1177 3288 1213 3350 n.
1232 3287 1266 3349 Ε.
1291 3285 1504 3350 cardinalibus
1525 3286 1781 3364 congregationis
1802 3287 1874 3349 Pro-

1129 3379 1282 3458 pagandae
1312 3379 1385 3442 lidei
1406 3379 1541 3455 negotiis
1570 3381 1760 3458 praepositae
1780 3373 1874 3460 sup'er

1129 3473 1221 3535 rebus
1241 3473 1400 3535 indiarum
1425 3473 1630 3536 Orientalium
1651 3489 1666 3533 a
1688 3473 1775 3535 nobis
1806 3491 1874 3553 spe·

1129 3567 1247 3630 cialiter
1268 3566 1485 3646 deputatorum
1501 3569 1639 3640 consilio,
1652 3586 1686 3632 ac
1700 3569 1793 3631 etiam
1807 3586 1874 3632 mo·

1130 3667 1163 3722 tu
1185 3660 1320 3738 proprio,
1342 3665 1373 3720 et
1395 3677 1433 3721 ex
1454 3662 1536 3723 certat
1555 3663 1681 3724 scientia
1703 3671 1733 3725 et
1754 3665 1873 3726 matura

1128 3751 1350 3814 deliberatione
1371 3754 1497 3828 nostris,
1512 3753 1612 3833 deque
1626 3755 1807 3834 apostolicae
1821 3771 1873 3834 po·

1129 3847 1245 3908 testatis
1259 3845 1465 3923 plenitudine,
1488 3857 1722 3926 praenarratum
1736 3849 1873 3912 edictum

1128 3945 1158 4000 et
1180 3956 1393 4018 quaecumque
1407 3941 1440 4001 in
1455 3955 1492 4002 eo
1513 3947 1670 4018 contenta,
1686 3959 1757 4005 oum
1772 3945 1872 4006 omni-

1128 4033 1185 4094 bus
1200 4039 1230 4094 et
1242 4031 1373 4109 siugulis
1388 4033 1459 4094 inde
1473 4036 1596 4111 secutis,
1613 4042 1644 4098 et
1658 4036 1761 4099 lorsan
1777 4055 1874 4116 quan-

1129 4127 1302 4204 documque
1332 4127 1499 4200 secuturis,
1531 4129 1657 4207 penitus
1684 4137 1714 4191 ot
1743 4131 1872 4193 omnino

1129 4219 1227 4294 nulla,
1249 4220 1363 4295 inania,
1393 4220 1539 4297 invalida,
1568 4223 1666 4298 irrita,
1695 4224 1871 4298 temeraria,

1129 4319 1275 4374 attentata
1296 4319 1327 4374 et
1349 4313 1386 4375 de
1406 4312 1485 4374 iacto
1512 4323 1725 4394 praesumpta,
1742 4317 1873 4380 nullius-

1129 4421 1189 4483 que
1217 4405 1346 4466 omnino
1373 4406 1492 4468 roboris
1518 4413 1547 4469 et
1572 4410 1726 4470 momenti
1753 4427 1821 4472 esse
1842 4417 1873 4472 et

1130 4505 1279 4578 perpetuo
1299 4499 1380 4574 lore,
1403 4507 1511 4561 tenore
1539 4501 1751 4578 praesentium
1776 4502 1872 4565 decla-

1128 4609 1250 4670 ramus3
1274 4601 1305 4655 et
1326 4592 1530 4656 nihilominus
1545 4596 1579 4656 ad
1600 4595 1750 4658 maiorem
1772 4604 1873 4658 caute-

1129 4685 1201 4761 lam,
1224 4692 1256 4746 et
1281 4691 1435 4763 quatenus
1462 4701 1539 4764 opus
1560 4688 1610 4762 sit,
1634 4689 1685 4750 illa
1716 4691 1820 4751 omnia
1842 4696 1873 4751 et

1128 4778 1261 4856 singula,
1274 4785 1373 4853 motu,
1388 4779 1525 4854 scientia,
1538 4780 1762 4844 deliberatione
1773 4789 1807 4844 et
1821 4799 1874 4860 po·

1128 4873 1247 4934 testatis
1278 4872 1474 4950 plenitudine
1494 4873 1633 4952 paribus,
1660 4876 1772 4938 harum
1793 4876 1875 4937 serie

1129 4965 1237 5028 itidem
1258 4972 1409 5045 perpetuo
1431 4982 1624 5043 revocamus,
1646 4985 1810 5044 cassamus,
1833 4971 1873 5032 ir-

1128 5061 1270 5135 ritamus,
1292 5059 1490 5121 annullamus
1512 5069 1543 5124 et
1557 5060 1724 5138 abolenae,
1741 5064 1873 5126 viribus-

1130 5169 1191 5233 que
1212 5161 1242 5216 et
1270 5153 1382 5215 ellectu
1408 5154 1533 5232 penitus
1555 5161 1585 5215 et
1606 5155 1737 5218 omnino
1765 5172 1873 5218 vacua-

1130 5262 1210 5321 mus,
1226 5253 1257 5308 et
1277 5261 1333 5325 pro
1354 5245 1516 5321 revocatis,
1532 5248 1663 5323 cassatis,
1680 5249 1787 5323 irritis,
1804 5249 1875 5312 uul-

1129 5339 1177 5416 lis,
1201 5339 1342 5402 invalidis
1364 5347 1395 5401 et
1415 5339 1553 5414 abolitis,
1577 5341 1757 5419 viribusque
1779 5349 1810 5404 et
1832 5342 1875 5405 el-

1129 5431 1211 5494 lectu
1242 5433 1365 5512 peuitus
1396 5440 1427 5495 et
1455 5433 1585 5494 omnino
1616 5433 1721 5496 vacuis
1751 5451 1875 5514 semper

1129 5525 1234 5588 haberi
1255 5526 1379 5601 debere,
1402 5525 1597 5588 decernimus
1623 5535 1654 5588 et
1681 5527 1798 5606 pariter
1824 5527 1875 5590 de-

1128 5617 1290 5680 claramus.

1167 5711 1186 5785 5
1207 5711 1235 5773 3.
1258 5712 1580 5790 Decernentesetiam,
1597 5716 1718 5777 easdem
1732 5731 1874 5794 praesen·
1919 5724 2063 5773 clausulae.

1128 5811 1173 5865 tes
1188 5804 1306 5866 litteras
1321 5811 1351 5865 et
1366 5805 1401 5866 in
1412 5805 1458 5867 eis
1479 5812 1625 5868 contenta
1645 5823 1871 5888 quaecumque,

1128 5897 1221 5959 etiam
1249 5913 1288 5960 ex
1314 5899 1453 5978 eoquod
1479 5899 1652 5978 praedictus
1678 5900 1871 5980 Augustinus

1797 535 1857 601 245
1907 537 1961 592 An.
1975 533 2006 589 0.
2027 532 2096 590 1707
