4848 6990
945 599 1155 660 ruriocxurrus
1177 614 1221 660 xr.

304 727 453 791 stuationi
474 746 530 808 pro
551 731 602 794 illi
624 731 764 812 applicati
785 739 870 808 suut,
893 736 950 796 hac
963 731 1052 795 indo-

304 823 471 900 pendentii
491 841 507 884 a
527 825 738 904 superioribus
769 825 909 890 iocorum
940 826 1050 890 iruan-

306 920 372 990 iur3
395 915 448 976 itta
468 918 581 995 potiori
603 918 671 982 iure
689 919 918 982 commissarius
933 920 1050 982 missio-

306 1022 385 1070 num
405 1007 583 1074 infidelium
604 1013 801 1075 conversioni
821 1031 854 1076 ao
875 1014 1052 1076 animarum

305 1099 391 1162 lucro
414 1103 486 1164 totis
507 1105 626 1168 viribus
657 1106 777 1169 deditus
808 1105 882 1184 irui,
905 1107 1000 1186 potiri
1021 1114 1052 1170 et

305 1195 439 1271 gaudere
459 1195 559 1260 debet.

109 1295 287 1345 nasemioartts
344 1287 515 1366 Praeterea,
538 1299 573 1354 ut
593 1292 707 1356 melius
728 1294 904 1358 infidelium
924 1309 1054 1356 conver-

95 1349 209 1409 erigendis.

304 1378 382 1442 sioni
412 1389 441 1442 et
468 1385 612 1448 omnium
643 1387 820 1450 animarum
850 1387 942 1450 saluti
973 1388 1054 1452 salu·

305 1473 390 1536 brius
410 1475 443 1538 in
466 1479 626 1556 praedictis
653 1480 900 1543 ultramontanae
921 1480 1053 1544 iamiliae

306 1574 336 1628 et
356 1567 514 1632 indiarum
535 1573 704 1650 provinciis
725 1589 781 1652 pro
802 1589 888 1637 nuno
907 1581 938 1634 et
953 1575 985 1636 in
1001 1590 1053 1652 po·

305 1668 425 1724 storum
456 1665 674 1742 provideatur,
707 1667 853 1729 volumus
882 1674 912 1729 et
944 1675 1053 1730 tenore

305 1756 515 1833 praesentium
545 1759 712 1835 sancimus,
735 1768 770 1822 ut
796 1761 830 1824 in
857 1760 993 1839 qualibet
1014 1777 1052 1822 ex

305 1848 393 1910 dictis
420 1850 600 1927 provinciis,
623 1853 676 1915 ubi
696 1854 820 1934 aliquod
846 1855 1051 1916 seminarium

304 1957 359 2004 seu
386 1942 553 2020 collegium
585 1945 852 2010 missionariorum
879 1949 977 2010 nostri
999 1947 1052 2010 Or·

305 2037 388 2100 dinis
408 2039 589 2102 auctoritate
610 2040 718 2103 Sacrae
740 2041 995 2119 congregationis
1014 2041 1052 2103 de

306 2130 500 2210 Propagandi
522 2132 596 2194 Fide
618 2149 681 2195 non
713 2133 807 2196 iuerit
838 2142 977 2197 erectum
1000 2141 1052 2196 aut

306 2225 519 2302 approbatum,
542 2241 600 2288 nec
620 2226 698 2304 erigi
719 2235 772 2290 aut
788 2227 909 2290 fundari
925 2228 1052 2307 permit·

306 2323 390 2378 tatur
410 2317 443 2378 in
471 2317 632 2395 iuturum,
665 2336 746 2383 unus
777 2337 816 2383 ex
846 2321 1052 2384 conventibus

306 2410 366 2471 iam
388 2409 523 2473 lundatis
545 2413 577 2473 in
603 2413 771 2490 collegium
792 2423 822 2476 et
849 2415 1052 2476 seminarium

306 2519 361 2582 pro
383 2504 585 2568 missionariis
617 2508 714 2568 nostri
745 2507 868 2572 Ordinis
889 2507 1053 2570 educandis

306 2597 459 2675 erigatur;
481 2615 572 2661 aceo
599 2602 703 2675 modo,
726 2609 757 2664 et
783 2601 915 2664 subilli
941 2601 1051 2676 iorrna,

305 2691 384 2753 dicta
401 2691 527 2769 collegia
542 2695 575 2756 in
591 2694 680 2758 dictis
694 2695 860 2773 provinciis
876 2696 937 2756 iam
952 2702 1052 2756 erecta

305 2791 336 2846 et
357 2785 390 2846 in
413 2793 572 2863 posterum
593 2787 739 2866 erigenda
756 2789 937 2865 gubernari,
954 2787 1052 2867 quoad

305 2877 409 2939 omnia
429 2895 508 2957 quae
528 2881 625 2944 diotae
657 2881 765 2944 Sacrae
796 2881 1052 2959 congregationis

305 2972 521 3034 auctoritatem
552 2989 616 3036 nort
648 2975 833 3054 respiciunt,
865 2991 988 3052 semper
1010 2981 1052 3035 te-

306 3073 453 3141 neantur,
474 3067 533 3128 sub
553 3083 613 3144 qua
634 3067 666 3130 in
687 3070 811 3130 statutis
842 3067 1013 3148 praedictis,
1036 3083 1052 3128 a

306 3157 473 3220 Sanctitate
507 3159 540 3221 D.
564 3157 617 3232 tt,
644 3161 777 3238 praelata
808 3161 858 3224 die
879 3177 934 3222 vrr.
965 3161 1051 3236 maii,

304 3251 488 3328 approbatis,
511 3253 577 3330 regi
597 3270 631 3317 ac
652 3254 820 3331 gubernari
835 3254 1049 3333 praecipimus

306 3343 456 3407 Praedicti
483 3354 588 3409 autem
615 3355 788 3410 conventus
810 3350 845 3412 ad
867 3356 930 3410 tam
951 3348 1052 3410 lauda·

305 3436 401 3498 bilem
422 3437 518 3500 finem
550 3440 722 3503 destinandi
743 3440 781 3504 de
802 3455 935 3504 numero
957 3440 1052 3502 recol-

304 3529 458 3591 lectorum
479 3547 545 3594 esse
565 3533 682 3611 possint
702 3542 735 3596 et
753 3533 896 3609 debeant,
911 3535 936 3594 si
951 3534 1052 3612 aliqua

305 3622 510 3686 ineluctabilis
531 3626 609 3688 ratio
630 3627 713 3691 aliud
736 3643 798 3690 non
813 3629 953 3704 suadeat3
970 3625 1051 3706 quod

304 3717 417 3784 iudicio
438 3725 470 3779 et
489 3718 616 3782 arbitrio
636 3721 836 3800 superiorum
858 3721 1052 3798 generalium

304 3809 428 3872 illarum
451 3812 598 3890 partium,
622 3813 675 3891 qui
697 3815 734 3876 de
749 3814 903 3892 praesenti
919 3821 1051 3890 suntet

305 3919 362 3981 pro
384 3913 522 3983 tempore
553 3905 681 3980 luerint,
704 3907 899 3968 committere
932 3907 1053 3969 censui·

304 4011 387 4070 mus,
410 3997 536 4074 eisdem,
559 4000 616 4063 sub
637 3999 668 4063 S.
686 4001 719 4062 P.
736 3999 773 4062 N.
798 4001 950 4062 Francisoi
972 4001 1050 4066 indi-

305 4089 463 4166 gnatione,
485 4099 518 4154 et
539 4092 645 4172 poenis
666 4093 704 4156 ab
719 4093 968 4154 eminentissimo
982 4109 1052 4171 pro-

305 4188 421 4244 tectore
442 4190 473 4244 et
494 4183 561 4246 eius
581 4185 806 4248 successorihus
827 4202 882 4265 pro
902 4203 958 4247 suo
974 4186 1052 4248 arbi-

305 4275 364 4334 trio
394 4275 584 4352 iniligendis,
616 4277 711 4340 simul
741 4279 976 4358 praecipientes,
1004 4286 1050 4354 ui,

304 4366 426 4444 quando
447 4385 463 4429 a
485 4377 514 4430 te
542 4371 592 4433 vel
612 4371 650 4434 alt
670 4388 707 4434 eo
727 4371 787 4433 alio
818 4372 963 4449 religioso
983 4389 1000 4434 a
1023 4380 1052 4434 te

303 4459 456 4523 destinato
477 4464 620 4542 requisiti
650 4464 780 4540 luerint,
802 4473 994 4528 conventum
1015 4465 1051 4526 ad

302 4551 415 4616 dictam
430 4555 695 4620 missionariorum
707 4557 923 4621 educationem
935 4558 966 4621 in
979 4574 1052 4637 qua·

303 4645 379 4708 libet
399 4648 559 4725 provincii
580 4650 749 4727 assignent,
767 4657 798 4713 et
819 4651 900 4714 ultra
918 4659 1051 4732 quatuor

304 4756 438 4816 menses,
460 4759 476 4803 a
503 4742 552 4805 die
572 4745 796 4822 requisitionis
828 4743 1049 4820 numerandos,

303 4833 417 4896 dictam
436 4835 678 4912 assignationem
704 4839 885 4916 protrahere
909 4855 965 4901 seu
985 4855 1051 4901 sus·

303 4932 439 5009 pendere
460 4947 524 4994 non
546 4941 745 5010 praesumant
766 4948 823 4994 nec
848 4934 996 5008 audeant;
1019 4939 1065 4993 et·

302 5023 328 5083 si
349 5039 437 5086 secus
460 5025 601 5100 iecerint,
623 5025 707 5087 illius
730 5025 761 5089 S.
779 5026 811 5087 P.
836 5025 873 5088 N.
897 5025 1050 5089 Francisci

302 5119 478 5182 sententiae
508 5135 662 5182 memores
692 5121 767 5196 sint,
790 5121 824 5182 in
846 5136 905 5199 qua
926 5135 997 5182 suae
1020 5129 1051 5183 et

302 5212 398 5274 totius
412 5215 549 5278 caelestis
563 5217 666 5278 curiae
680 5215 903 5278 maledictionis
918 5230 1051 5292 poenam

302 5309 364 5370 illis
378 5309 523 5388 imponit,
539 5311 593 5389 qui
608 5309 805 5374 confundunt
821 5327 854 5372 ac
868 5309 1048 5383 destruunt,

302 5404 385 5480 quod
408 5403 582 5465 hitissimus
604 5419 659 5483 per
679 5413 799 5466 sanctos
824 5404 934 5466 iratres
955 5403 1048 5466 huius

302 5497 426 5560 llrdinis
446 5497 616 5560 aedificavit
637 5505 668 5560 et
688 5497 848 5560 aedificare
863 5492 926 5560 non
941 5507 1047 5560 cessat.

303 5593 347 5654 Te
366 5599 473 5655 autem
494 5592 525 5653 in
548 5593 679 5654 Domino
701 5591 916 5669 exhortamur,
939 5601 975 5655 ut
995 5609 1050 5671 por

305 5684 470 5763 teipsum,
503 5685 640 5764 aliosque
661 5687 697 5748 ad
725 5687 754 5748 id
777 5687 903 5748 idoneos
929 5686 1048 5746 missio-

303 5779 420 5854 uarios,
453 5795 509 5840 seu
540 5779 651 5858 probos
672 5796 705 5841 ac
731 5779 892 5841 sanctitate
924 5793 1049 5840 morum

302 5871 455 5949 pollentes
476 5871 647 5948 religiosos,
670 5889 685 5931 a
707 5880 738 5934 te
758 5871 859 5933 sobrie
879 5871 1048 5948 eligendos,

302 5963 445 6044 praelatis
475 5965 699 6040 erectionibus,
734 5972 796 6026 tam
827 5965 859 6027 in
888 5965 1049 6042 Hispaniae

1105 748 1198 814 quam
1212 732 1371 796 indiarum
1386 733 1530 796 omnium
1544 730 1611 808 regi
1624 728 1773 794 catholico
1783 725 1855 788 sub-

1105 827 1255 888 iectarum
1280 826 1418 904 partibus
1443 827 1588 888 ardenter
1608 821 1765 899 invigiles,
1783 819 1853 881 illa-

1106 935 1240 998 rumque
1260 920 1448 995 executioni,
1475 918 1664 998 promotioni
1687 921 1717 978 et
1738 913 1854 976 stabili-

1106 1019 1214 1075 mento
1242 1012 1349 1075 sedulo
1376 1029 1475 1088 vaces,
1498 1019 1589 1091 atque
1612 1011 1673 1072 lieo
1695 1015 1726 1071 et
1747 1007 1855 1072 Ordini

1106 1111 1213 1167 nostro
1236 1107 1266 1166 in
1288 1121 1384 1184 opere
1396 1105 1470 1168 adeo
1484 1112 1588 1168 sancto
1604 1103 1758 1166 inservire
1772 1115 1856 1163 nun·
1903 1157 1906 1166 .

1106 1213 1199 1277 quam
1220 1215 1329 1262 cesses.
1350 1201 1393 1262 hd
1417 1198 1496 1280 quod
1520 1206 1549 1260 te
1567 1204 1597 1262 et
1611 1196 1708 1260 socios
1723 1202 1804 1270 tuos,
1821 1209 1854 1256 ao

1107 1307 1214 1354 omnes
1244 1293 1320 1354 alios
1351 1292 1511 1370 religiosos
1538 1309 1554 1353 a
1581 1298 1613 1352 te
1645 1289 1854 1362 destinandos,

1106 1385 1159 1462 qui
1181 1385 1354 1464 praelibatis
1375 1385 1582 1448 erectionibus
1603 1397 1730 1462 operam
1745 1387 1856 1459 sponte

1107 1479 1261 1554 dederint,
1283 1479 1496 1558 superioribus
1518 1476 1714 1555 generalibus
1736 1482 1766 1536 et
1789 1489 1856 1553 par-

1108 1571 1286 1635 ticularibus
1314 1573 1439 1636 illarum
1467 1570 1711 1652 provinciarum,
1734 1569 1766 1630 in
1788 1567 1854 1646 qui·

1107 1663 1164 1727 bus
1185 1672 1374 1728 memoratae
1401 1667 1572 1730 erectiones
1602 1663 1757 1726 iaciendas
1778 1661 1853 1736 sint,

1107 1757 1197 1820 enixe
1225 1760 1496 1834 commendamus,
1523 1757 1765 1836 earumdemque
1785 1771 1854 1836 pro·

1107 1853 1283 1916 vinclorum
1311 1871 1508 1932 consensum,
1531 1861 1684 1933 quatenus
1705 1868 1782 1930 opus
1803 1849 1854 1925 sit,

1107 1946 1245 2023 vestigiis
1266 1949 1363 2011 nostri
1385 1947 1625 2026 praedecessoris
1645 1947 1855 2020 inhaerentes,

1107 2040 1161 2118 qul
1183 2041 1268 2103 illam
1289 2057 1345 2120 pro
1365 2041 1573 2104 erectionibus
1588 2048 1729 2119 tempore
1742 2039 1789 2101 sui
1805 2053 1856 2114 ge-

1108 2135 1264 2198 neralatus
1285 2135 1370 2198 iactis
1391 2144 1423 2198 et
1443 2135 1596 2214 dispositis
1616 2134 1785 2213 supplevit,
1802 2147 1857 2212 per

1108 2237 1286 2308 praesentes
1307 2245 1362 2308 pro
1384 2245 1467 2290 nunc
1489 2228 1574 2290 etin
1596 2237 1768 2305 posterum,
1787 2242 1855 2288 auc-

1109 2323 1232 2385 toritate
1253 2323 1388 2385 ministri
1410 2322 1565 2399 generalis
1591 2339 1651 2401 qua
1678 2321 1854 2398 fungimur,

1109 2416 1238 2479 iuridioe
1258 2433 1291 2478 ac
1313 2416 1453 2493 legitime
1474 2416 1664 2494 supplemus,
1686 2423 1717 2476 et
1738 2415 1857 2476 abillis

1107 2509 1170 2588 peti
1191 2517 1222 2571 et
1243 2510 1397 2588 expectari
1418 2526 1483 2572 non
1511 2510 1624 2572 debere
1652 2509 1853 2572 declaramus.

1107 2601 1298 2680 insuperque
1320 2609 1350 2664 te
1371 2619 1405 2664 ac
1426 2603 1522 2665 dictos
1540 2603 1650 2665 iratres
1665 2602 1856 2680 principibus

1107 2694 1294 2770 christianis,
1317 2695 1480 2774 praecipue
1500 2696 1567 2772 regi
1592 2695 1753 2768 catholico,
1776 2696 1857 2757 eius-

1107 2788 1241 2865 demque
1261 2789 1429 2851 maiestatis
1446 2789 1639 2864 consiliariis,
1656 2788 1808 2850 submisse
1822 2805 1856 2849 oc

1108 2887 1289 2943 reverenter
1304 2883 1571 2957 commendamus,
1588 2887 1757 2960 sperantes,
1773 2881 1854 2958 quod

1107 2973 1140 3036 in
1161 2973 1308 3037 tribunali
1332 2983 1434 3037 tantae
1454 2973 1576 3054 pietatis
1598 2974 1680 3037 nihil
1700 2973 1808 3036 utilius
1822 2989 1856 3035 ao

1108 3069 1206 3146 magis
1234 3069 1400 3148 expediens
1427 3069 1579 3143 creditur,
1608 3083 1702 3145 quam
1730 3067 1787 3128 hoc
1807 3065 1854 3128 in·

1107 3169 1252 3242 coeptum
1272 3163 1308 3224 ad
1336 3163 1432 3224 irnem
1460 3161 1544 3238 regia
1574 3159 1765 3240 protectione
1787 3175 1855 3238 per·

1107 3256 1231 3330 ducere,
1254 3266 1288 3318 ut
1310 3263 1355 3318 tot
1376 3255 1456 3318 bene
1487 3254 1644 3318 instructis
1666 3269 1699 3315 ac
1720 3253 1856 3316 educatis

1108 3348 1254 3428 operariis
1284 3348 1500 3424 existentibus
1522 3348 1621 3411 aditus
1642 3355 1675 3410 et
1697 3347 1855 3424 ingressus

1106 3442 1140 3503 in
1164 3441 1321 3503 indiarum
1342 3441 1537 3520 aliorumque
1558 3441 1732 3506 infidelium
1754 3449 1855 3519 partes

1106 3535 1168 3596 illis
1201 3541 1322 3597 tantum
1353 3534 1542 3610 conlocatur,
1576 3543 1607 3596 et
1634 3535 1855 3614 quaerentibus

1106 3642 1184 3704 quae
1205 3643 1259 3688 sua
1280 3634 1355 3690 sunt
1376 3625 1470 3705 (quod
1490 3627 1569 3690 Deus
1585 3629 1726 3706 avertat),
1742 3637 1774 3690 et
1789 3644 1853 3690 non

1106 3719 1173 3780 lesu
1196 3719 1323 3794 Christi,
1339 3721 1471 3782 omuino
1487 3721 1671 3796 denegetur.
1688 3719 1853 3798 Postquam

1106 3809 1186 3873 vero'
1201 3819 1319 3890 septem
1340 3813 1505 3875 seminaria
1519 3814 1577 3876 sub
1591 3813 1688 3876 iormi
1703 3813 1854 3892 praedicta

1106 3912 1206 3968 erecta
1227 3905 1356 3980 luerint,
1379 3923 1412 3968 ac
1433 3907 1630 3968 missionibus
1645 3907 1677 3968 in
1692 3905 1855 3985 Hispaniae

1106 4000 1272 4078 provinciis
1294 3999 1440 4078 applicata
1460 3999 1667 4078 reperiantur,
1684 3999 1794 4060 harum
1809 3999 1856 4060 vi·
1931 4049 1935 4056 .

1106 4107 1180 4168 gore
1200 4093 1368 4168 sancimus,
1385 4093 1465 4172 quod
1487 4093 1635 4154 transitus
1650 4093 1681 4154 in
1696 4091 1853 4153 indiarum

1106 4186 1268 4248 missiones
1289 4187 1434 4248 omnihus
1455 4186 1607 4264 religiosis
1624 4185 1854 4266 provinciarum

1106 4279 1279 4358 hispaniae,
1302 4280 1355 4358 qui
1377 4280 1463 4358 prius
1491 4297 1546 4360 per
1567 4281 1643 4344 duos
1671 4296 1780 4356 annos,
1804 4280 1854 4342 vel

1105 4372 1188 4434 aliud
1209 4372 1342 4451 spatium
1364 4389 1379 4433 a
1401 4381 1507 4435 nostro
1533 4373 1692 4436 indiarum
1712 4373 1856 4436 commis·

1105 4467 1184 4527 sario
1212 4466 1350 4543 generali
1382 4467 1497 4529 llatriti
1529 4467 1676 4531 existenti
1697 4467 1855 4546 assignan-

1105 4559 1193 4635 dum,
1215 4559 1393 4636 augendum
1421 4560 1471 4622 vel
1503 4561 1723 4638 minuendum,
1747 4563 1780 4624 in
1802 4562 1855 4623 ali·

1105 4669 1167 4731 quo
1188 4669 1226 4714 ex
1247 4653 1409 4731 praedictis
1433 4655 1607 4716 seminariis
1628 4671 1683 4717 seu
1704 4655 1853 4732 collegiis,

1105 4761 1178 4808 suae
1199 4746 1419 4823 religiositatis,
1436 4747 1610 4811 idoneitatis
1631 4766 1664 4810 ac
1686 4748 1854 4810 vocationis

1107 4839 1320 4901 testimonium
1342 4847 1373 4900 et
1394 4839 1505 4902 indicia
1526 4856 1587 4904 nou
1602 4839 1754 4915 dederint,
1771 4856 1853 4902 aoce-

1105 4931 1198 4993 deuie
1218 4946 1370 4995 consensu
1392 4942 1423 4995 et
1444 4933 1562 5012 placitis
1584 4934 1773 5008 necessariis,
1790 4949 1855 4994 om·

1106 5025 1181 5088 nino
1210 5025 1428 5089 interdicatur:
1461 5028 1515 5090 hac
1543 5023 1629 5090 enim
1661 5029 1854 5106 providentii

1105 5119 1337 5198 provinciarum
1358 5121 1391 5182 in
1413 5121 1506 5182 indiis
1534 5121 1737 5182 existentium
1760 5121 1853 5182 reior-

1106 5212 1246 5288 mationi,
1269 5212 1294 5274 si
1316 5213 1366 5273 illa
1388 5213 1542 5290 indigent,
1565 5213 1757 5291 consuletur,
1773 5223 1803 5276 et
1819 5216 1853 5276 11-

1105 5304 1222 5367 delium
1243 5305 1359 5367 tamin
1381 5305 1442 5367 illis
1462 5323 1555 5384 quam
1577 5307 1739 5386 Hispaniae
1760 5309 1853 5385 parti-

1106 5399 1163 5463 bus
1190 5400 1404 5475 aedificationi,
1434 5401 1608 5463 infidelium
1640 5402 1851 5476 conversioni,

1105 5495 1247 5557 omnium
1271 5496 1448 5556 animarum
1473 5495 1576 5570 saluti,
1603 5503 1633 5558 et
1658 5503 1782 5558 nostrae
1806 5512 1855 5558 re-

1104 5589 1195 5666 gulae
1212 5589 1426 5652 observantiae
1440 5589 1575 5668 puriori,
1592 5607 1625 5652 ac
1641 5590 1734 5654 totius
1750 5589 1852 5652 Eccle-

1103 5684 1165 5744 siae
1186 5683 1288 5746 decori
1309 5683 1520 5763 maximopere
1541 5683 1741 5761 inservietur‚
1757 5695 1788 5747 et
1808 5693 1853 5747 tot

1103 5777 1342 5839 seminariorum
1370 5793 1523 5840 numerus
1545 5779 1578 5838 in
1600 5778 1762 5857 Hispaniae
1784 5796 1853 5857 pro·

1104 5869 1213 5933 vinciis
1234 5871 1409 5949 superiluus
1431 5877 1484 5932 aut
1504 5870 1571 5932 sino
1591 5871 1653 5934 line
1668 5871 1729 5934 Deo
1744 5871 1854 5948 gratis-

1102 5963 1181 6026 simo
1202 5979 1266 6026 non
1288 5964 1493 6042 reputabitur.

1797 584 1834 648 77
1884 579 2073 636 tn.o.1oao
