4878 6982
138 898 176 943 113
190 897 330 944 331311331-

112 948 163 1012 333
177 961 224 998 333
234 951 329 998 3333111-

110 1014 166 1049 333

122 5268 323 5316 Declarationes.

1024 590 1164 638 CLEMENS
1187 592 1230 638 Xl.

515 703 618 783 Super
639 709 755 782 333313
775 703 928 767 33113313.

388 889 434 952 hd
455 905 509 952 sex
524 891 660 969 quaesita
674 890 768 954 huius
781 891 903 954 articuli
918 907 1000 954 sacra
1017 891 1095 954 Gon-

347 983 485 1060 gregatio
506 983 681 1062 respondit:
714 983 896 1047 Christianis
917 983 1095 1046 nullatenus

346 1073 495 1152 nullique
515 1073 553 1140 de
568 1075 653 1136 33333
668 1089 734 1137 esse
749 1075 995 1154 permittendum
1009 1091 1097 1154 prae-

347 1183 424 1242 3333,
447 1167 626 1230 ministrare
646 1175 700 1229 331
728 1169 875 1230 interesse
903 1167 1096 1232 solemnibus

346 1260 501 1323 sacrificiis
521 1276 577 1322 seu
598 1260 805 1322 oblationibus
820 1261 946 1338 quaein
961 1268 1094 1340 utroque

346 1353 543 1432 aequinoctio
564 1353 713 1431 cuiusque
727 1353 801 1414 anui
817 1351 966 1417 Conlucio
980 1361 1011 1416 et
1025 1368 1096 1432 pro·

347 1445 541 1522 genitoribus
555 1444 709 1508 defunctis
724 1446 791 1508 13331
805 1445 919 1520 331331,
937 1453 1094 1525 tamquam

346 1539 567 1618 superstitione
589 1538 727 1600 imbutis.

386 1631 538 1696 Similiter
559 1648 615 1694 nec
637 1649 704 1694 3333
725 1631 971 1711 permittendum
993 1631 1025 1694 in
1047 1647 1097 1693 33-

346 1726 435 1788 31333
456 1725 610 1799 (13313311,
633 1742 711 1804 quae
732 1741 769 1787 eo
786 1725 933 1803 appellari
947 1724 1096 1788 dicuntur

346 1818 495 1882 vocabulo
509 1835 571 1898 quo
586 1820 664 1898 apud
677 1819 765 1882 Sinas
776 1818 930 1880 idolorum
942 1817 1094 1897 templum

346 1912 500 1989 designari
521 1911 646 1986 dicitur,
663 1911 801 1974 exerceri
816 1929 849 1973 ac
863 1911 968 1989 peragi
983 1927 999 1970 3
1014 1911 1094 1972 3331-

345 2004 452 2067 3113313
482 2005 705 2079 caeremonias,
738 2005 817 2068 ritus
848 2011 879 2066 et
908 2003 1092 2078 oblationes,

346 2113 424 2176 quae
445 2097 477 2159 in
498 2097 653 2160 honorem
684 2097 824 2160 eiusdem
856 2096 998 2161 Conlucii
1026 2096 1094 2158 11331

346 2189 507 2265 31333133,
531 2197 598 2252 tum
620 2189 752 2265 singulis
773 2190 932 2252 mensibus
953 2189 985 2252 in
1007 2188 1096 2252 3331-

345 2283 433 2346 13313
453 2291 485 2346 31
506 2279 682 2362 plenilunio
702 2300 718 2344 a
739 2281 930 2346 mandariuis
956 2299 1011 2344 seu
1032 2283 1094 2361 pri-

344 2376 450 2440 mariis
478 2375 725 2454 magistratibus,
757 2375 886 2453 aliisque
913 2373 1094 2438 officialibus

345 2477 377 2532 et
398 2469 553 2544 litteratis,
569 2477 638 2532 turn
660 2468 821 2530 331133333
836 2468 1024 2532 mandarinis
1038 2484 1094 2530 seu

345 2561 615 2640 gubernatoribus,
628 2577 662 2624 ac
673 2561 915 2638 magistratibus,
928 2569 1095 2640 antequam

345 2653 529 2731 dignitatem
543 2655 663 2728 adeant,
679 2670 735 2716 seu
748 2654 858 2716 saltem
872 2661 940 2732 3331
955 2653 1094 2718 eiusdem

345 2747 570 2826 possessiouem
591 2747 744 2826 adeptam,
767 2753 836 2808 tum
856 2747 992 2825 denique
1013 2747 1093 2808 alit·

346 2841 463 2916 teretis,
486 2841 551 2920 qui,
574 2849 737 2919 postquam
758 2839 795 2900 33
816 2839 928 2915 gradus
948 2846 1023 2902 sunt
1043 2841 1093 2902 ad·

345 2933 444 3009 missi,
466 2933 635 3010 evestigio
656 2933 693 2996 33
719 2932 872 3012 templum
903 2947 959 2996 seu
987 2929 1094 2995 aedem

346 3026 487 3092 Conlucii
508 3043 542 3090 se
562 3025 739 3090 333133331.

384 3121 462 3183 ltem
483 3135 548 3182 non
569 3136 635 3183 esse
655 3120 904 3198 permittendum
920 3119 1095 3182 christianis

344 3215 379 3276 in
401 3212 525 3290 templis
545 3228 600 3275 seu
621 3213 747 3276 aedibus
778 3212 1028 3291 progenitoribus
1049 3211 1094 3272 di-

345 3306 420 3369 catis
440 3305 609 3368 oblationes
630 3305 735 3368 minus
753 3304 907 3368 solemnes
922 3304 1039 3366 eisdem
1053 3304 1095 3366 la·

345 3416 425 3472 cere,
448 3414 570 3461 necnon
592 3398 652 3460 illis
680 3399 870 3473 ministrare,
891 3407 945 3461 aut
966 3414 1095 3476 quomo-

345 3491 460 3554 dolibet
482 3491 647 3566 inservire,
669 3490 815 3552 33131133
842 3493 920 3554 31133
941 3501 972 3553 31
993 3507 1094 3554 33333·

344 3585 464 3646 3333133
486 3599 645 3663 peragere.

385 3678 518 3740 11333333
539 3692 596 3739 333
614 3694 680 3740 3333
694 3678 941 3756 permittendum
956 3677 1093 3742 christia-

345 3771 393 3832 nis
415 3770 561 3850 praelatas
582 3769 765 3846 oblationes,
794 3771 872 3833 ritus
892 3787 925 3832 ac
945 3771 1095 3834 caerimo-

345 3863 423 3938 nias,
438 3870 531 3942 prout
552 3861 584 3924 in
599 3863 746 3940 quaesitis
760 3864 875 3928 relatae
888 3871 974 3938 sunt,
989 3879 1093 3927 coram

345 3956 580 4035 progenitorum
602 3955 733 4030 tabellis,
750 3957 782 4018 in
798 3956 925 4035 privatis
939 3956 1092 4032 domibus

345 4065 403 4112 nec
418 4051 451 4111 in
467 4049 650 4110 eorumdem
662 4050 897 4126 progenitorum
908 4050 1091 4128 sepulchris,

345 4148 398 4205 aut
419 4149 586 4221 antequam
608 4143 746 4204 defuncti
773 4143 952 4220 sepulturae
973 4145 1093 4206 tradan-

345 4243 408 4310 tur,
439 4236 471 4296 13
500 4251 609 4297 eorum
640 4235 792 4298 honorem
824 4236 891 4298 heri
922 4244 1091 4312 consuetas,

345 4329 408 4390 unt
428 4344 501 4390 cum
522 4329 690 4404 gentilibus
711 4329 762 4390 331
783 4329 912 4391 seorsim
934 4345 1091 4408 peragere,

345 4424 451 4502 eisque
472 4422 650 4486 ministrare
670 4428 722 4485 aut
744 4423 912 4499 interesse;
929 4424 991 4486 imo
1007 4440 1093 4503 prae-

344 4517 423 4579 dicta
445 4515 559 4590 omnia,
588 4523 746 4593 tamquam
767 4533 783 4577 a
804 4515 1025 4593 superstitione
1045 4517 1092 4578 in·

343 4608 533 4687 separabilia,
555 4609 641 4670 13313
662 4624 696 4670 ea
717 4623 796 4685 quae
816 4608 850 4669 in
865 4609 1008 4686 quaesitis
1023 4625 1093 4686 pro-

343 4703 440 4779 posita
460 4709 546 4776 sunt,
569 4717 611 4763 33
632 4699 758 4779 quidem
789 4717 854 4762 esse
885 4702 1091 4778 permittenda

344 4794 520 4856 christianis
550 4794 716 4872 3333331333
746 4793 867 4872 3331133
898 4793 949 4855 331
975 4795 1093 4856 secreta

343 4887 566 4966 protestatione
585 4901 618 4948 se
640 4901 703 4947 uon
725 4886 869 4962 religioso
890 4886 943 4949 sed
961 4887 1093 4949 31311133

343 4978 469 5058 33111133
496 4985 620 5042 tantum
650 4979 738 5042 cultu
760 4993 830 5054 erga
857 4977 1019 5040 defunctos
1040 4979 1092 5040 1113

344 5079 509 5150 praestare,
531 5088 588 5134 nec
609 5071 646 5133 33
667 5071 711 5134 313
732 5071 901 5150 quidquam
919 5080 1025 5149 petere
1040 5079 1092 5133 aut

343 5180 477 5242 sperare.
680 5226 682 5230 ,

384 5260 531 5322 Ceterum
562 5273 618 5336 per
649 5273 793 5336 responsa
822 5257 1001 5320 huiusmodi
1027 5273 1092 5320 non

344 5353 530 5416 censendam
549 5365 617 5413 esse
638 5353 814 5414 damnatam
835 5351 1042 5430 praesentiam
1057 5351 1092 5412 il·

344 5445 406 5507 lam
437 5460 492 5507 seu
524 5445 730 5508 assistentiam
762 5460 848 5506 mere
878 5443 1090 5520 materialem,

343 5552 437 5617 quam
453 5554 524 5601 cum
536 5537 705 5615 gentilibus
718 5537 930 5616 superstitiosa
942 5553 1092 5614 peragen-

342 5632 438 5709 tibus,
460 5633 536 5696 citra
557 5631 655 5694 ullam
674 5632 741 5692 3133
766 5645 941 5709 expressam
962 5631 1028 5694 3133
1049 5639 1091 5694 ta-

343 5724 437 5786 citam
459 5729 619 5801 gestorum
640 5723 904 5802 approbationem,
927 5740 961 5788 ac
981 5725 1091 5804 quouis

344 5816 519 5879 ministerio
544 5815 667 5894 penitus
694 5815 823 5890 secluso,
846 5817 962 5880 eisdem
983 5835 1092 5897 super-

343 5909 469 5972 stitiosis
499 5909 616 5972 actibus
647 5908 832 5988 quandoque
853 5910 1000 5989 praestari
1020 5925 1093 5974 con-

1153 709 1253 786 tingat
1274 726 1290 772 3
1311 708 1496 783 christianis,
1519 725 1589 772 curn
1610 709 1700 772 aliter
1714 709 1782 773 odia
1795 716 1828 772 31
1841 709 1900 772 131-

1152 801 1286 864 micitiae
1316 801 1408 864 311331
1435 817 1499 864 333
1528 807 1674 880 possunt,
1697 801 1774 864 13313
1795 808 1899 864 tamen

1151 893 1223 954 fidei
1238 893 1470 971 protestatione,
1483 901 1514 958 et
1528 901 1667 956 cessante
1678 893 1814 974 periculo
1829 895 1901 956 sub·

1151 1001 1313 1048 versronrs.

1192 1077 1343 1142 Similiter
1364 1094 1498 1157 333333
1519 1078 1626 1142 eadem
1651 1094 1795 1158 responsa
1816 1086 1899 1142 3313-

1151 1171 1189 1246 31,
1213 1172 1381 1250 quominus
1399 1188 1472 1250 erga
1487 1171 1648 1236 defunctos
1663 1174 1768 1251 peragi
1782 1174 1900 1252 3333131

1150 1265 1219 1339 3113,
1248 1265 1273 1326 31
1300 1281 1379 1343 quae
1407 1265 1469 1327 siut
1502 1266 1585 1328 iuxta
1618 1281 1725 1328 earum
1756 1267 1899 1342 gentium

1151 1373 1264 1432 mores,
1287 1373 1365 1436 quae
1391 1375 1465 1420 3333
1495 1359 1707 1438 superstitiosa
1732 1373 1797 1420 non
1823 1357 1899 1432 sint,

1151 1465 1209 1512 nec
1222 1450 1452 1528 superstitionis
1466 1451 1600 1529 speciem
1616 1451 1835 1530 praeseferant,
1847 1453 1900 1514 sed
2003 1495 2005 1506 .
2090 1421 2097 1496 :¹

1151 1542 1234 1604 intra
1246 1543 1360 1605 limites
1374 1543 1515 1606 civilium
1526 1560 1558 1606 33
1571 1543 1768 1622 politicorum
1779 1543 1900 1606 rituum

1150 1636 1383 1698 contineantur.
1406 1637 1502 1698 Porro
1523 1653 1674 1714 quaenam
1689 1635 1764 1698 haec
1778 1635 1853 1711 siut,
1869 1642 1901 1698 31

1150 1727 1262 1804 quibus
1283 1727 1428 1790 adhibitis
1459 1729 1586 1792 cautelis
1620 1729 1744 1791 tolerari
1764 1728 1898 1804 3313331,

1151 1827 1220 1882 tum
1246 1820 1366 1886 domini
1393 1821 1585 1884 Patriarchae
1610 1821 1796 1884 antiocheni
1818 1837 1900 1882 com·

1150 1912 1281 1974 missarii
1303 1919 1334 1974 31
1356 1914 1523 1977 visitatoris
1544 1914 1697 1992 generalis
1719 1915 1753 1975 in
1771 1914 1901 1992 imperio

1151 2005 1308 2082 Sinarum,
1325 2012 1393 2069 tum
1415 2007 1637 2086 Episcoporum
1657 2024 1690 2071 ac
1705 2007 1900 2070 vicariorum

1150 2099 1398 2178 Apostolicorum
1419 2099 1545 2162 illarum
1565 2101 1702 2178 partium
1724 2096 1836 2164 iudicio
1852 2117 1899 2164 33-

1150 2193 1358 2272 linquendum
1379 2209 1460 2270 esse,
1477 2194 1530 2271 qui
1545 2202 1649 2256 tamen
1665 2194 1794 2269 interea,
1811 2194 1900 2257 omni

1150 2303 1212 2366 quo
1242 2293 1389 2366 poterunt
1420 2286 1522 2349 studio
1542 2303 1575 2348 33
1596 2286 1768 2363 diligentia,
1791 2303 1900 2350 curare

1150 2378 1318 2452 debebunt,
1341 2385 1387 2452 ut,
1410 2379 1555 2454 gentium
1583 2379 1785 2441 caeremoniis
1813 2379 1899 2458 peni-

1151 2477 1200 2533 tus
1220 2470 1358 2543 sublatis,
1379 2470 1425 2532 1111
1445 2470 1563 2532 sensim
1577 2487 1593 2532 3
1608 2470 1783 2534 33313113313
1798 2477 1828 2532 31
1843 2487 1899 2549 333

1150 2563 1325 2626 christianis
1346 2563 1402 2624 333
1424 2563 1456 2624 13
1478 2578 1510 2624 33
1530 2580 1590 2626 333
1604 2563 1792 2641 recipiantur
1807 2564 1897 2638 ritus,

1150 2671 1227 2734 quos
1257 2654 1404 2718 catholica
1437 2654 1571 2716 Ecclesia
1598 2671 1653 2733 pro
1674 2655 1829 2719 defunctis
1850 2657 1900 2736 pie

1150 2748 1355 2828 praescripsit.

1317 2933 1419 3010 seper
1440 2934 1555 3012 331313
1576 2935 1731 2998 33113313.

1189 3119 1234 3183 dd
1257 3120 1312 3182 1313
1328 3121 1463 3198 quaesita
1477 3119 1570 3182 huius
1584 3120 1707 3184 articuli
1721 3138 1805 3184 sacra
1821 3121 1901 3186 Con·
1919 3134 2132 3238 aarussicfflss

1150 3213 1287 3292 gregatio
1316 3212 1492 3291 respondit:
1524 3213 1705 3292 Christianis
1727 3229 1790 3276 non
1812 3231 1901 3294 posse

1150 3306 1289 3386 permitti
1318 3305 1447 3368 tabellas
1478 3305 1715 3385 progenitorum
1746 3306 1899 3371 1331381-

1151 3399 1295 3462 33331313
1317 3413 1438 3460 morem
1459 3397 1492 3460 in
1514 3398 1641 3476 33133113
1663 3398 1805 3461 domibus
1827 3399 1901 3460 reti-

1150 3507 1226 3553 nere
1247 3507 1320 3554 cum
1341 3491 1543 3570 inscriptione
1562 3507 1622 3570 qua
1638 3491 1770 3554 thronus
1784 3508 1840 3555 seu
1854 3509 1900 3554 se-

1150 3586 1202 3646 des
1222 3584 1349 3663 spiritus
1370 3583 1420 3644 331
1442 3583 1563 3645 animae
1584 3583 1620 3645 N.
1645 3583 1794 3664 deluncti,
1810 3587 1900 3648 adeo·

1149 3694 1210 3756 que
1220 3693 1279 3757 qua
1294 3677 1439 3754 spiritum
1453 3691 1508 3738 seu
1520 3675 1656 3738 animam
1667 3675 1750 3738 111133
1762 3675 1899 3740 33133311

1150 3771 1264 3832 ibidem
1286 3769 1450 3848 aliquando
1471 3769 1537 3830 sisti
1558 3769 1608 3830 331
1629 3769 1765 3832 33313333
1781 3769 1899 3846 signill-

1149 3870 1255 3938 cetur;
1285 3862 1349 3924 imo
1377 3877 1435 3924 nec
1462 3876 1535 3924 cum
1563 3860 1619 3922 3113
1646 3878 1705 3940 qua
1730 3861 1818 3924 sedes
1843 3878 1899 3924 seu

1150 3957 1292 4029 thronus,
1315 3955 1452 4032 adeoque
1473 3955 1556 4015 idem
1577 3971 1610 4018 ac
1626 3953 1733 4033 priori,
1750 3952 1821 4016 licet
1837 3969 1898 4016 ma-

1150 4049 1196 4125 gis
1227 4047 1402 4122 contracta,
1436 4045 1637 4126 inscriptione
1667 4045 1822 4124 designari
1853 4048 1898 4110 31-

1150 4141 1270 4204 deutur.

1188 4233 1253 4308 Quo
1275 4247 1349 4292 vero
1370 4233 1406 4293 33
1423 4230 1548 4293 13331133
1562 4231 1626 4292 3313
1642 4231 1781 4296 33133311
1797 4233 1896 4296 nomi·
1944 4245 2093 4293 333333.

1149 4341 1190 4388 33
1211 4325 1382 4403 inscriptae,
1407 4323 1530 4386 tolerari
1549 4339 1637 4402 posse
1653 4323 1777 4386 illarum
1793 4343 1895 4402 usum,

1148 4416 1268 4480 secluso
1298 4414 1450 4491 scandalo,
1473 4417 1531 4478 hoc
1558 4423 1616 4490 331,
1640 4417 1820 4508 dummodo,
1843 4419 1897 4496 qui

1149 4509 1308 4573 christiani
1330 4525 1393 4571 non
1415 4515 1500 4583 sunt,
1523 4509 1665 4572 arbitrari
1694 4525 1758 4572 non
1781 4511 1898 4588 possint

1149 4603 1274 4666 tabellas
1295 4601 1474 4664 huiusmodi
1495 4618 1511 4662 3
1527 4601 1702 4662 christianis
1718 4602 1847 4666 retineri
1863 4605 1898 4666 33

1148 4704 1337 4774 mente'qua
1358 4694 1414 4773 ipsi
1429 4693 1495 4756 11133
1511 4693 1660 4770 retinent,
1677 4703 1708 4758 31
1724 4695 1899 4759 331331313-

1148 4805 1240 4868 super
1262 4787 1466 4851 declaratione
1486 4787 1522 4849 ad
1544 4786 1622 4849 latus
1644 4788 1896 4866 1333333313331-

1148 4883 1250 4944 larum
1271 4881 1462 4961 apponenda,
1484 4896 1544 4966 qua
1565 4888 1596 4940 et
1611 4883 1742 4958 quaesit
1757 4883 1898 4944 christia-

1148 4990 1264 5037 norum
1284 4975 1322 5036 de
1347 4971 1499 5035 defunctis
1529 4971 1614 5046 tides,
1637 4979 1668 5032 31
1694 4973 1793 5050 qualis
1818 4975 1896 5036 tilio-

1148 5083 1221 5129 rum
1235 5085 1268 5129 ac
1282 5073 1431 5144 nepotum
1446 5065 1479 5126 in
1494 5065 1708 5143 progenitores
1719 5065 1815 5144 pietas
1829 5081 1896 5130 esse

1148 5161 1266 5236 debeat,
1289 5159 1487 5222 enuntietur.

1327 5348 1429 5426 Super
1450 5349 1547 5413 tertio
1568 5349 1720 5412 33113313.

1187 5539 1234 5600 hd
1254 5538 1430 5618 quaesitum
1451 5537 1535 5600 tertii
1556 5538 1679 5601 articuli
1705 5539 1766 5602 huc
1787 5540 1895 5604 remis·
1942 5551 1976 5612 nc
1986 5549 2129 5599 33113333·

1147 5649 1229 5709 sum,
1251 5651 1334 5696 sacra
1356 5634 1563 5711 congregatio
1590 5635 1685 5696 satius
1707 5634 1795 5697 33311
1816 5635 1895 5696 nihil
1915 5601 1983 5650 ‘⁰⁰¹¹'

1147 5728 1350 5804 respondere3
1374 5744 1415 5789 ne
1442 5727 1514 5788 31133
1543 5727 1715 5807 apostolica
1746 5727 1838 5790 Sedes
1859 5728 1896 5790 ab

1147 5835 1194 5894 eo,
1218 5835 1311 5898 quem
1333 5821 1366 5882 in
1385 5819 1895 5883 3133333133313333331138131313

1147 5913 1295 5976 hactenus
1327 5915 1447 5990 tenuit,
1480 5914 1608 5993 antiquo
1636 5928 1725 5976 more
1751 5915 1896 5978 recedere

1821 573 1881 639 235
1931 573 1986 627 An.
2000 577 2030 631 0.
2052 579 2121 632 1704
