4836 6998
948 597 1157 646 innocenrlbs
1179 597 1248 642 lilii.

324 729 417 788 anno,
441 703 612 792 Adventus,
625 723 656 778 et
677 718 931 794 Quadragesimae
952 725 1069 796 tempo-

325 808 420 883 ribus,
444 815 507 870 1333
529 826 584 887 per
605 810 693 872 verbi
714 811 766 872 Uei
793 812 1014 889 praedicatores
1036 811 1068 872 in

323 901 387 962 suis
407 903 498 964 sacris
513 905 724 981 concionibus,
741 922 834 984 quam
850 907 883 968 in
900 905 1069 969 actionibus

323 1003 354 1056 et
365 995 577 1060 functionibus
589 999 728 1078 publicis,
739 1001 933 1064 necessitates
946 1015 1069 1062 eorum·

324 1088 395 1150 dem
409 1107 568 1154 sacrorum
579 1102 857 1156 monumentorum
873 1094 985 1172 populo
999 1109 1069 1172 pro·

324 1183 396 1260 poni
418 1191 448 1246 et
469 1187 678 1248 commendari
700 1195 846 1250 curarent
867 1199 898 1250 et
919 1187 1067 1260 lacerent,

324 1283 355 1336 et
375 1275 447 1338 alias
467 1287 559 1354 prout
581 1280 614 1342 in
637 1281 731 1359 ipsius
757 1281 871 1344 Urbani
893 1282 1067 1358 praedeces·

323 1369 400 1430 soris
421 1369 518 1432 literis
543 1374 674 1453 desuper
699 1374 731 1436 in
757 1375 852 1436 simili
874 1375 971 1436 lorma
996 1375 1067 1436 Bre-

325 1461 371 1522 vis
391 1462 440 1524 die
462 1467 552 1526 tertia
573 1467 720 1530 februarii
742 1483 918 1530 uncxxxrv.
947 1469 1067 1546 expedi-

324 1555 374 1630 tis,
396 1573 527 1634 quarum
550 1567 693 1622 tenorem
714 1563 925 1640 praesentibus
945 1577 999 1640 pro
1014 1577 1068 1622 ex-

324 1667 427 1728 presso
441 1653 546 1718 haberi
562 1657 716 1730 volumus,
734 1657 859 1719 uberius
875 1657 1065 1732 continetur3

107 1755 306 1800 3333333333-
324 1753 355 1807 3ῑ
375 1747 455 1808 sicut
481 1765 536 1827 pro
556 1757 643 1829 parte
674 1751 777 1812 dilecti
805 1751 862 1812 tilii
890 1749 1067 1812 Emanuelis

81 1810 305 1911 ἷίἷῑῗῗῖωῗὲἕῆῗῖ
323 1841 503 1903 Fernandez
524 1844 574 1906 del
595 1845 651 1906 llio
672 1845 794 1908 Ordinis
814 1845 947 1907 iratrum
970 1843 1067 1906 ilino·

81 1915 306 2016 gg„g„⁰,⁰g,¹g{¹,fg
324 1949 394 1995 rum
416 1934 518 1998 Sancti
540 1938 693 2000 Francisci
714 1938 752 1999 de
772 1937 970 2000 Obseruantia
987 1954 1069 1999 nnn-

81 2021 305 2122 cpssssitggutdonifff}
323 2035 505 2104 eupatorem
533 2029 654 2092 lectoris
683 2031 802 2093 iubilati
833 2049 866 2094 ac
894 2031 1067 2118 excustodis

84 2091 174 2178 133333.
323 2121 499 2198 provinciae
520 2124 695 2200 burgensis,
713 2143 834 2188 necnon
856 2127 952 2188 totius
966 2141 1066 2188 sacrae

321 2215 476 2276 custodiae
501 2233 534 2278 ac
562 2217 696 2279 familiae
731 2219 843 2280 Terrae
876 2219 1004 2281 Sanctae
1033 2220 1065 2280 in

321 2309 457 2370 Romana
472 2309 564 2372 Curia
585 2313 786 2374 commissarii
808 2320 839 2373 et
861 2314 1066 2392 procuratoris

321 2401 485 2477 generalis,
502 2403 588 2464 nobis
610 2419 712 2483 nuper
725 2407 899 2484 expositum
915 2405 986 2478 luit,
1003 2405 1066 2482 ipse

320 2510 382 2572 quo
402 2496 574 2573 praedictae
599 2496 715 2560 Urbani
737 2499 976 2576 praedecessoris
998 2497 1065 2560 lite·

320 2603 383 2660 rae,
411 2603 525 2666 quaea
554 2590 689 2652 recolen.
719 2609 779 2654 me.
804 2594 985 2656 innocentio
1011 2594 1064 2668 X.,

321 2679 482 2744 Clemente
505 2683 598 2744 etiam
620 2684 672 2756 X,
695 2685 876 2748 innocentio
905 2687 969 2761 xl,
997 2687 1066 2748 hlo-

321 2772 438 2835 xandro
460 2775 551 2850 lllll.,
569 2776 750 2840 innocentio
765 2779 844 2854 1111,
856 2795 890 2842 33
904 2780 1065 2842 clemente

321 2867 436 2946 pariter
457 2870 508 2932 Xl.
537 2872 684 2933 Romanis
711 2872 911 2934 Pontificibus
942 2875 1065 2952 praede·

320 2963 491 3026 cessoribus
512 2964 621 3026 itidem
643 2967 755 3027 nostris
780 2967 979 3028 confirmatae
1000 2966 1065 3029 lue·

136 3064 407 3131 continuaturum,
433 3058 570 3120 exactius
595 3059 813 3133 observentur,
844 3059 910 3120 illas
935 3077 988 3138 per
1008 3077 1065 3122 nos

93 3120 303 3219 Eissiddssffi},⁰⁰⁰'
321 3152 435 3228 pariter
462 3153 640 3214 confirmari
668 3161 698 3216 et
720 3155 862 3216 innovari
891 3155 1061 3218 desideret:

320 3242 381 3304 Nos
402 3247 585 3308 eorumdem
606 3263 763 3309 sacrorum
784 3257 1064 3310 monumentorum

320 3339 547 3400 conservationi
578 3349 609 3402 et
640 3341 872 3404 manutentioni
903 3341 1064 3404 consulere

320 3431 472 3506 volentes,
496 3433 663 3510 praedictas
689 3433 803 3496 Urbani
825 3435 1064 3512 praedecessoris

319 3526 422 3588 literas
443 3527 603 3604 apostolica
625 3529 824 3604 auctoritate,
848 3537 956 3590 tenore
978 3545 1063 3607 prae·

318 3620 468 3694 sentium,
489 3621 709 3683 confirmamus
731 3623 845 3700 pariter
867 3629 897 3684 et
919 3623 1063 3701 approba-

318 3727 399 3787 mus,
413 3713 542 3792 illasque
559 3713 744 3776 innovamus
758 3724 789 3778 et
803 3717 959 3776 observari
975 3731 1062 3777 man-

319 3807 437 3868 damns.
462 3804 615 3870 Volumus
643 3815 766 3883 autem,
795 3817 830 3869 ut
858 3809 1061 3884 Patriarcbae,

318 3897 545 3977 hrchiepiscopi
566 3907 596 3960 et
619 3899 759 3980 Episcopi
787 3904 932 3980 praedicti
960 3903 993 3964 in
1015 3921 1061 3966 re·

318 3989 432 4051 latione
452 3999 549 4052 status
567 3992 765 4055 ecclesiarum
786 4011 925 4070 suarum,
941 3999 1062 4074 quando

318 4083 488 4146 visitabunt
519 4084 626 4146 limina
656 4086 889 4166 Apostolorum,
912 4089 1059 4166 facienda,

318 4175 465 4252 celerant,
488 4194 520 4240 se
541 4179 703 4257 praedictis
715 4181 831 4242 Urbani
852 4185 1063 4261 praedecesso-

317 4271 359 4332 ris
374 4280 404 4332 et
425 4273 637 4349 praesentibus
659 4275 772 4335 nostris
794 4275 891 4337 literis
906 4278 1058 4354 paruisse,

316 4365 478 4426 contrariis
502 4381 566 4427 non
588 4367 780 4430 obstantibus
801 4369 1058 4449 quibuscumque.

356 4459 376 4532 5
390 4458 418 4518 2.
436 4457 588 4520 Volumus
602 4459 729 4538 insuper
741 4469 775 4522 ut
786 4465 964 4525 earumdem
977 4480 1062 4543 prae·

315 4551 454 4613 sentium
473 4552 631 4614 literarum
651 4557 866 4634 transumptis,
888 4557 982 4618 etiam
1004 4559 1059 4619 im-

316 4645 438 4722 pressis,
461 4661 557 4706 manu
579 4646 708 4708 alicuius
724 4649 838 4709 notarii
858 4649 972 4726 publici
990 4651 1061 4712 sub-

141 4459 210 4504 1113133
224 4465 299 4507 tran-

95 4517 256 4570 sumptorum.

315 4737 445 4816 scriptis,
469 4745 499 4799 et
520 4739 624 4815 sigillo
644 4755 793 4818 personae
808 4741 840 4802 in
860 4742 1060 4805 ecclesiastici

315 4829 467 4905 dignitate
488 4831 674 4894 constitutae
695 4833 837 4908 munitis,
854 4837 959 4896 eadem
975 4853 1059 4914 pror·

313 4940 366 4984 sus
387 4923 462 4985 sides
486 4923 682 5000 adhibeatur,
712 4943 790 5004 quare
818 4928 890 5006 ipsis
917 4947 1058 5008 praesen-

315 5016 397 5078 tibus
417 5017 626 5093 adhiberetur,
652 5018 676 5079 si
703 5019 806 5082 lorent
827 5022 981 5086 exhibitae
1009 5025 1059 5086 vel

314 5116 463 5172 ostensae.

353 5203 465 5266 Datum
490 5203 620 5280 Romae,
645 5207 725 5283 apud
754 5207 784 5272 S.
813 5209 939 5272 hiarium
968 5213 1059 5274 11313-

312 5313 393 5371 rem,
415 5298 472 5359 sub
493 5299 608 5360 annulo
636 5299 807 5376 Piscatoris,
840 5304 889 5364 die
916 5321 972 5366 xn.
1004 5323 1059 5368 no-

314 5390 449 5452 vembris
471 5407 639 5468 dcccxxx,
658 5393 767 5471 pontii.
792 5397 890 5457 nostri
910 5415 992 5460 anno
1013 5417 1034 5462 r.

819 5841 1022 5850 ---———.-

1792 578 1849 640 353
1901 578 1954 630 tin.
1969 579 1999 632 c.
2021 580 2089 630 1722

1472 715 1522 778 Vl.

1128 903 1275 966 Concedit
1297 919 1353 966 sec
1374 903 1497 982 produc
1519 901 1700 982 magisterii
1720 917 1777 978 pro
1801 917 1871 976 pro-

1165 995 1273 1058 ciociri
1299 995 1451 1058 Pernaco
1482 999 1628 1076 [sotrum
1660 995 1870 1058 credulorum

1167 1091 1198 1153 S.
1224 1089 1402 1170 Augustini
1424 1089 1436 1168 (
1457 1089 1478 1168 ).

1284 1259 1537 1330 innocentius
1557 1261 1617 1327 ΡΡ.
1637 1259 1706 1326 ltili.

1263 1384 1727 1452 mmmmmmm

1162 1563 1181 1637 ὅ
1205 1565 1231 1624 1.
1256 1563 1376 1641 Exponi
1396 1563 1482 1625 nobis
1498 1578 1598 1642 nuper
1613 1563 1752 1624 lecerunt
1766 1559 1869 1623 dilecti
1906 1623 1910 1632 ,
1942 1572 2028 1668 precs
2043 1580 2100 1626 oro-

1124 1657 1179 1718 tilii
1195 1657 1302 1719 iratres
1313 1657 1488 1736 provinciae
1499 1657 1655 1720 Peruanao
1666 1655 1788 1719 Ordinis
1802 1669 1868 1716 ere·
1888 1633 2101 1740 ἕὲὲωἷῗᾳξεὲιῆῗέ

1123 1751 1271 1812 mitarum
1293 1751 1323 1812 S.
1349 1752 1525 1826 Augustini,
1555 1751 1649 1828 quod,
1671 1765 1742 1811 cum
1764 1749 1797 1810 in
1818 1747 1869 1808 de·
1889 1741 2068 1776 ⁰⁰⁰⁰⁶⁵⁸¹⁰¹¹¹⁵·

1124 1843 1260 1905 finitorio
1282 1845 1418 1920 generali
1440 1845 1578 1908 eiusdem
1601 1841 1722 1906 Ordinis
1741 1842 1869 1904 novissi-

1122 1953 1173 1997 me
1193 1937 1345 2000 celebrato
1367 1939 1525 2000 decretum
1547 1938 1641 1998 luerit
1662 1945 1698 1998 ut
1715 1937 1747 1997 in
1763 1935 1867 1997 eidem

1122 2032 1291 2108 provincii,
1323 2048 1402 2110 quae
1433 2031 1545 2108 viginti
1576 2039 1709 2109 qrratuor
1734 2030 1766 2091 io
1787 2029 1869 2090 sacrai

1124 2124 1275 2200 theologii
1297 2126 1516 2202 magistrorum
1544 2125 1664 2186 indulto
1685 2123 1813 2195 fruitur,
1837 2129 1868 2182 et

1122 2218 1154 2280 in
1177 2235 1236 2295 qua
1258 2218 1344 2280 mille
1364 2225 1394 2280 et
1415 2219 1547 2296 amplius
1575 2217 1722 2294 religiosi,
1747 2231 1868 2278 necnon

1122 2329 1160 2372 ex
1181 2313 1228 2374 his
1250 2314 1373 2376 ducenti
1405 2313 1536 2386 iubilati,
1558 2319 1588 2373 et
1610 2313 1642 2372 in
1665 2309 1815 2374 cathedris
1836 2326 1869 2370 ac

1121 2405 1248 2468 lecturis
1269 2423 1302 2469 se
1322 2415 1513 2481 exercentes,
1537 2407 1598 2468 und
1625 2419 1697 2467 cum
1729 2403 1868 2482 quinque

1120 2499 1258 2576 collegiis
1280 2517 1357 2579 quae
1372 2500 1465 2562 studii
1480 2499 1633 2577 generalis
1649 2497 1867 2560 universitates

1121 2593 1275 2667 existunt,
1308 2601 1531 2668 numerantur,
1562 2592 1743 2654 eorumdem
1772 2589 1867 2665 magi-

1120 2693 1257 2747 strorum
1280 2703 1431 2750 numerus
1452 2689 1488 2750 ad
1511 2685 1710 2749 tricenarium
1740 2699 1866 2760 augere-

1123 2786 1185 2852 tur,
1198 2780 1222 2840 si
1238 2771 1486 2858 tamen'desuper
1501 2787 1646 2842 nostrast
1661 2779 1754 2840 huius
1770 2771 1800 2841 S.
1815 2777 1868 2840 Se-

1121 2873 1165 2934 dis
1188 2872 1312 2935 13331133
1333 2875 1501 2947 accederet,
1518 2873 1574 2952 ipsi
1596 2879 1785 2950 exponentes
1800 2869 1869 2950 plu·

1120 2967 1237 3028 rimum
1258 2967 1403 3044 expedire
1423 2967 1612 3042 existimant,
1629 2976 1664 3027 ut
1686 2965 1867 3026 tricenarius

1121 3059 1271 3122 eiusmodi
1293 3062 1514 3137 magistrorum
1536 3077 1685 3122 numerus
1701 3067 1864 3121 statuatur.

1121 3152 1214 3215 Nobis
1235 3161 1396 3234 propterea
1422 3153 1582 3216 humiliter
1602 3153 1767 3232 supplicari
1788 3151 1868 3214 iece-

1120 3256 1206 3320 runt,
1223 3255 1258 3309 ut
1279 3249 1311 3309 io
1327 3250 1501 3327 praemissis
1515 3256 1688 3326 opportune
1703 3246 1866 3325 providere

1120 3349 1150 3401 et
1172 3351 1207 3403 ut
1228 3341 1307 3403 inira
1335 3341 1499 3419 indulgere
1519 3341 1556 3404 de
1584 3341 1776 3417 benignitate
1797 3355 1865 3416 apo-

1118 3433 1221 3496 stolica
1242 3435 1452 3512 dignaremur.

1160 3531 1227 3605 §2
1252 3532 1313 3594 Nos
1345 3534 1452 3610 igitur,
1476 3535 1555 3613 ipsos
1586 3545 1777 3616 exponentes
1798 3555 1865 3616 spe·
1966 3547 2095 3592 concessio

1119 3624 1245 3686 cialibus
1270 3627 1425 3690 favoribus
1453 3635 1483 3689 et
1509 3631 1614 3705 gratiis
1638 3633 1780 3709 prosequi
1812 3649 1865 3694 vo·
1885 3611 1931 3708 {iii
1954 3601 2097 3700 {dssfffflf

1119 3717 1229 3792 lentes,
1244 3728 1276 3781 et
1296 3735 1405 3782 eornm
1422 3722 1594 3799 singulares
1608 3740 1753 3803 personas
1768 3741 1783 3785 a
1798 3727 1865 3803 qni·
1884 3707 1990 3754 ²⁰¹¹¹³¹¹⁸·

1118 3812 1222 3873 busvis
1243 3816 1582 3890 excommunicationis,
1603 3819 1813 3896 suspensionis
1835 3829 1865 3881 et

1117 3905 1286 3980 interdicti,
1308 3909 1435 3987 aliisque
1457 3911 1667 3972 ecclesiasticis
1687 3913 1863 3986 sententiis,

1117 4001 1255 4062 censuris
1276 4009 1306 4062 et
1328 4005 1445 4082 poenis,
1468 4021 1484 4063 a
1506 4004 1575 4065 iure
1596 4005 1645 4066 vel
1666 4005 1703 4067 ab
1724 4007 1863 4081 homine,

1117 4094 1224 4172 quavis
1245 4097 1403 4158 occasione
1424 4098 1474 4159 vel
1495 4100 1584 4160 causei
1604 4100 1684 4174 latis,
1706 4101 1731 4160 si
1752 4102 1864 4178 quilius

1117 4189 1346 4265 quomodolibet
1367 4191 1530 4254 innodatae
1551 4194 1701 4268 existunt,
1717 4195 1753 4256 ad
1775 4195 1863 4258 effec-

1117 4289 1185 4342 tum
1200 4284 1410 4360 praesentium
1426 4286 1586 4348 dumtaxat
1596 4289 1861 4367 consequendum,

1116 4374 1227 4435 harum
1249 4377 1328 4437 serie
1352 4377 1546 4440 absolventes
1571 4388 1601 4442 et
1622 4381 1773 4444 absolutas
1798 4382 1863 4444 lore

1116 4477 1288 4544 censentes,
1318 4471 1493 4534 huiusmodi
1520 4474 1793 4552 supplicationibus
1815 4476 1862 4536 in-

1115 4559 1231 4634 clinati,
1244 4561 1282 4622 de
1296 4564 1521 4626 venerabilium
1536 4565 1668 4628 fratrum
1683 4575 1863 4630 nostrorum

1117 4652 1147 4714 S.
1164 4653 1200 4713 ll.
1218 4653 1253 4715 U.
1272 4657 1481 4720 cardinalium
1507 4660 1638 4736 negotiis
1659 4670 1687 4724 et
1710 4662 1863 4724 consulta-

1117 4750 1252 4812 tionibus
1274 4751 1496 4831 Episcoporum
1512 4763 1544 4817 et
1558 4755 1762 4832 Regularium
1777 4773 1862 4834 prae·

1116 4845 1298 4921 positorum,
1321 4847 1374 4924 qui
1396 4846 1579 4910 relationem
1601 4849 1703 4911 dilecti
1727 4852 1863 4915 11111333-

1115 4939 1202 4999 demi
1225 4939 1429 5017 procuratoris
1462 4942 1614 5017 generalis
1640 4944 1712 5006 dicti
1741 4945 1862 5010 Ordinis

1114 5031 1230 5092 eisdem
1264 5033 1474 5096 cardinalibus
1506 5035 1615 5097 iactam
1643 5041 1859 5116 attenderunt,

1114 5125 1264 5200 consilio,
1296 5128 1471 5204 provinciae
1502 5129 1660 5192 Peruanae
1691 5134 1861 5210 praedictae

1114 5233 1168 5279 sex
1184 5220 1296 5290 gradus
1310 5229 1474 5299 perpetuos
1490 5225 1660 5300 magisterii
1676 5227 1712 5286 de
1728 5242 1860 5288 numero

1114 5321 1318 5390 nuncupatos,
1341 5331 1396 5394 pro
1416 5332 1471 5376 sex
1492 5317 1580 5378 verbi
1600 5318 1653 5380 Uei
1675 5321 1861 5396 praedicato-

1113 5407 1210 5481 ribus,
1233 5409 1412 5470 auctoritate
1438 5411 1611 5488 apostolici,
1638 5419 1747 5473 tenore
1775 5429 1860 5490 prae-

1113 5500 1260 5575 sentium,
1283 5503 1496 5564 concedimus:
1520 5504 1602 5566 solvi
1619 5513 1721 5566 tamen
1736 5522 1859 5585 semper

1114 5592 1146 5654 in
1160 5594 1334 5671 praemissis
1348 5597 1529 5658 auctoritate
1545 5598 1799 5674 congregationis
1810 5617 1860 5661 eo·

1113 5686 1257 5749 rumdam
1279 5687 1497 5752 cardinalium.

352 5921 382 5976 (lt
398 5921 434 5964 Ex
448 5923 551 5978 Regest.
567 5922 595 5966 in
609 5924 684 5968 hrch.
700 5924 830 5970 Breviurn.
847 5929 911 5970 Item
926 5931 1020 5974 :tuctus
1034 5928 1083 5974 fuit
1098 5940 1224 5976 rrrrmerus
1239 5930 1265 5975 in
1280 5929 1349 5978 dictat
1364 5931 1496 5990 provincial
1511 5945 1526 5979 3
1541 5935 1673 5980 clemente
1687 5939 1738 5992 xl,
1753 5937 1855 5983 constit.

311 5987 371 6032 edit.
388 5999 512 6042 nnccxx„
526 5988 567 6033 die
582 6001 625 6035 xx.
641 5991 762 6048 octobris,
777 5991 863 6049 pontii.
881 6003 923 6039 xx.

417 6111 469 6158 lor.
486 6111 555 6157 Porti.
571 6112 601 6158 da
614 6111 690 6174 Prop.
705 6113 767 6162 Fide
782 6115 863 6164 Partis
878 6118 896 6162 l.
911 6117 966 6164 Vol.
981 6119 1012 6164 ll.

1724 6130 1749 6172 ts
