4844 6990
331 557 383 610 An.
399 559 429 610 d.
450 555 518 610 1739
569 555 629 622 500

550 711 604 757 seu
627 693 801 770 Collegium
817 695 855 758 de
869 694 1024 772 gentilitio
1046 701 1152 762 nostro
1168 693 1297 758 nomine

551 787 718 850 Gorsinum
750 788 867 851 dictum
900 787 1094 850 excitandum
1130 788 1295 850 instituen-

549 879 688 959 dumque
707 881 894 942 curavimus.

319 981 531 1080 Anqriqtahe‘glatsriq
589 974 608 1048 ὅ
629 974 657 1035 2.
676 973 791 1036 Deinde
805 991 881 1036 vero
896 982 1193 1054 praeterrectorem‚
1210 976 1298 1037 alios-

318 1069 532 1152 mur''et‘cqao-
550 1081 610 1144 que
633 1067 798 1144 magistros
826 1075 856 1129 et
878 1069 1053 1144 Ministros,
1082 1071 1136 1148 qui
1157 1069 1297 1132 sedulam

319 1141 528 1240 ξθζξξξῃξζξξωβ·
549 1159 751 1223 alumnorum
782 1162 1061 1242 conviciorumque
1082 1163 1114 1226 in
1144 1163 1297 1242 praedicto

550 1251 723 1315 Seminario
743 1271 798 1316 seu
820 1255 957 1332 Collegio
982 1273 1038 1335 pro
1058 1265 1199 1335 tempore
1220 1256 1298 1318 exis-

550 1347 685 1408 tentium
705 1363 813 1409 curam
829 1357 954 1426 gerunt,
972 1366 1043 1412 ven.
1062 1351 1154 1412 etiam
1169 1349 1294 1412 fratrem

551 1438 727 1502 Samuelem
740 1441 929 1505 Bertiensem
944 1444 1227 1523 Archiepiscopum,
1244 1443 1297 1521 qui

548 1533 678 1596 huiusce
693 1536 736 1598 rei
753 1536 962 1600 instituendae
976 1537 1247 1616 conficiendaeque
1261 1537 1298 1598 ab

550 1625 639 1689 initio
661 1630 750 1710 nobis
777 1639 898 1707 auctor,
925 1647 964 1693 ex
990 1633 1142 1694 antedicta
1170 1633 1297 1694 natione

550 1720 749 1798 italo-graeci
775 1725 942 1800 oriundus,
965 1727 1131 1804 perlectam
1153 1725 1298 1787 omnium

550 1813 690 1876 eiusdem
722 1817 827 1892 gentis
854 1833 961 1880 rerum
993 1819 1137 1880 notitiam
1170 1821 1296 1891 doctus,

548 1905 629 1984 ipsos
651 1907 833 1984 instrueret,
854 1911 947 1974 sacris
968 1911 1116 1987 initiaret,
1132 1919 1297 1988 ceteraque

549 2001 586 2061 ad
607 2001 750 2064 divinum
765 2004 886 2066 cultum
902 2004 1119 2082 adaugendum
1134 2004 1297 2066 catholicae

550 2093 620 2156 fidei
642 2095 890 2160 stabilimentum
912 2107 943 2160 et
964 2099 1139 2161 animarum
1164 2099 1296 2160 salutem

550 2191 773 2265 procurandam
796 2200 968 2270 opportuna
990 2201 1021 2254 et
1042 2195 1211 2255 necessaria
1233 2191 1298 2252 obi·

548 2288 607 2356 ret,
630 2281 731 2344 eidem
751 2283 926 2346 seminario
947 2286 1139 2362 et·Collegio
1167 2286 1296 2364 Antisti·

547 2379 613 2434 tem
635 2382 666 2436 et
686 2392 870 2454 supremum
898 2379 1125 2442 moderatorem
1152 2379 1297 2458 praefeci-

549 2483 630 2543 mus,
655 2469 874 2533 constituimns
888 2480 919 2533 et
934 2474 1163 2550 deputavimus
1180 2479 1210 2534 et
1224 2471 1295 2533 alias

549 2568 641 2637 prout
664 2561 695 2622 in
723 2564 836 2626 nostris
858 2565 916 2630 sub
937 2566 1064 2644 plumbo
1090 2573 1221 2644 desuper
1243 2583 1294 2628 ex-

548 2653 659 2730 peditis
681 2655 778 2718 literis
800 2658 927 2719 uberius
948 2660 1139 2723 continetur.

334 2760 454 2807 cromano
470 2769 529 2814 suo·
587 2749 606 2822 g*
627 2746 656 2808 3.
682 2749 760 2812 Cum
789 2759 911 2826 autem,
935 2751 1014 2816 sicut
1039 2769 1095 2832 pro
1124 2763 1209 2832 parte
1230 2769 1297 2816 mo-

316 2816 529 2914 i'ssffiifflffigffitffj
548 2841 636 2904 demi
649 2843 775 2905 rectoris
790 2843 919 2922 Collegii
935 2847 1080 2925 praedicti
1093 2849 1181 2910 nobis
1194 2864 1295 2928 nuper

316 2921 529 3020 },f{,¹¹„}3{¹,⁰{{¹333‘,
547 2937 722 3013 expositum
745 2937 814 3014 fuit,
832 2938 951 3002 alumni
966 2943 1221 3021 convicturosque
1241 2943 1294 3022 qui

316 3029 528 3128 gliffgssssffll
547 3029 579 3091 in
592 3031 701 3092 eodem
712 3032 879 3095 seminario
892 3050 948 3095 seu
960 3035 1089 3111 collegio
1101 3051 1294 3098 commoran-

316 3137 430 3180 toranm.
548 3131 592 3184 tes
619 3122 828 3204 philosophiae
849 3143 882 3188 ac
908 3127 1081 3204 theologiae
1101 3143 1227 3206 operam
1242 3145 1294 3190 na·

547 3223 633 3292 vani,
643 3217 714 3279 inde
725 3225 832 3280 exacto
844 3219 1054 3298 philosophiae
1063 3237 1096 3282 ac
1107 3221 1292 3298 theologiae,

546 3317 581 3372 ut
602 3312 787 3389 praefertur,
808 3313 975 3389 curriculo,
991 3322 1141 3376 exeuntes
1157 3315 1294 3376 lauream

546 3403 727 3465 earumdem
736 3403 949 3481 scientiarum,
963 3421 1038 3484 quas
1050 3406 1127 3468 inibi
1139 3407 1292 3484 ediscunt,

546 3497 579 3558 in
601 3497 667 3558 aliis
689 3497 818 3575 publicis
845 3497 1105 3561 Universitatibus
1134 3500 1294 3563 laureandi

545 3589 724 3653 facultatem
745 3591 1025 3671 auctoritatemque
1042 3593 1237 3669 habentibus,
1261 3597 1293 3657 in

546 3686 658 3765 quibus
673 3685 792 3748 alumni
807 3686 1063 3765 convicturosque
1078 3688 1224 3766 praedicti
1237 3705 1293 3752 no-

545 3782 632 3842 mine
662 3781 805 3842 scientias
832 3779 1011 3844 huiusmodi
1039 3782 1197 3861 percipere
1225 3799 1293 3861 pos·

545 3881 631 3950 sunt,
654 3873 742 3936 nullo
764 3880 851 3953 pacto
873 3875 1020 3953 consequi
1041 3877 1178 3938 valeant:
1204 3877 1293 3939 nobis

545 3975 706 4046 propterea
728 3969 910 4032 eorumdem
932 3969 1060 4031 nomine
1084 3971 1293 4050 supplicatum

545 4069 603 4137 est,
627 4069 662 4124 ut
684 4063 818 4124 alumnis
840 4064 1146 4143 convictoribusque,
1171 4071 1233 4127 tam
1255 4065 1293 4126 de

545 4157 700 4236 praesenti
720 4173 814 4236 quam
834 4157 868 4218 iu
890 4157 1034 4220 futurum
1055 4158 1209 4221 ineodem
1226 4157 1294 4221 Col-

546 4251 626 4328 legio
648 4249 864 4325 existentibus,
887 4252 1027 4314 eamdem
1045 4252 1226 4330 apostolicae
1242 4252 1293 4314 be-

545 4345 708 4421 nignitatis
730 4345 878 4422 gratiam,
900 4360 992 4422 quam
1014 4344 1149 4407 alumnis
1170 4346 1294 4408 convio-

545 4437 727 4516 toribusque
745 4437 877 4498 aliorum
892 4437 1123 4518 pontificiorum
1142 4439 1310 4515 Corrago,

544 4547 628 4605 rum,
651 4548 684 4592 ac
706 4531 992 4609 praesertimhuius
1014 4531 1112 4593 almae
1133 4532 1222 4594 Urbis
1238 4549 1291 4594 no·

544 4632 638 4700 strae,
653 4624 784 4686 Romani
799 4624 961 4687 Pontifices
976 4624 1223 4703 praedecessores
1238 4641 1292 4686 no-

544 4717 601 4779 stri
623 4725 854 4792 concesserunt,
878 4719 915 4779 de
936 4718 1119 4796 apostolicae
1133 4720 1291 4796 potestatis

546 4811 741 4889 plenitudine
760 4810 888 4887 elargiri
908 4811 1121 4888 dignaremur.

585 4905 654 4978 §ln
678 4901 740 4964 Nos
766 4903 864 4980 igitur
888 4905 1030 4966 volentes
1055 4905 1128 4984 ipsis
1155 4905 1291 4968 alumnis

544 5013 600 5060 seu
619 4997 847 5060 convictoribus
868 4997 1117 5076 quibuscumque
1139 5005 1169 5060 et
1189 4999 1290 5061 cuius-

544 5091 592 5152 vis
613 5091 747 5152 nationis
769 5097 799 5152 et
827 5091 907 5153 ritus
933 5091 1137 5154 existentibus
1159 5091 1290 5168 gratiam

544 5186 643 5248 facere
656 5184 830 5264 specialem,
848 5200 1020 5264 eorumque
1034 5185 1208 5262 singulares
1222 5202 1291 5264 per-

543 5295 632 5340 sonas
653 5296 668 5340 a
690 5277 850 5357 quibusvis
869 5279 1209 5356 excommunicationis,
1225 5297 1290 5343 sus-

544 5373 701 5450 pensionis
733 5379 764 5433 et
792 5371 960 5446 interdicti,
992 5373 1121 5451 aliisque
1151 5374 1290 5436 ecclesia-

543 5465 626 5528 sticis
647 5465 824 5540 sententiis,
843 5467 983 5528 censuris
1004 5473 1036 5528 et
1057 5466 1175 5545 poenis,
1191 5483 1206 5526 a
1221 5467 1290 5530 iure

543 5557 593 5619 vel
614 5557 652 5646 ab
673 5558 813 5634 homine,
829 5559 937 5638 quavis
951 5560 1110 5622 occasione
1131 5560 1180 5621 vel
1201 5561 1289 5623 causa

543 5651 627 5726 latis,
662 5652 688 5712 si
716 5653 828 5732 quibus
858 5652 1090 5731 quomodolibet
1125 5653 1289 5715 innodatae

543 5745 698 5820 existunt,
725 5745 762 5806 ad
788 5745 934 5808 ellectum
964 5747 1176 5826 praesentium
1200 5746 1289 5808 dum·

544 5844 624 5899 taxat
645 5841 915 5918 consequendum,
947 5839 1058 5902 harum
1086 5840 1167 5902 serie
1191 5840 1285 5902 absol-

354 4927 466 4980 Benigne
482 4935 528 4970 an·

274 5005 276 5008 >
314 4981 372 5025 nuit
386 4979 510 5026 Pontifex.

543 5939 652 5998 ventes
679 5938 710 5994 et
736 5932 888 5995 absolutas
916 5932 981 5996 fore
1012 5941 1191 6011 censentes,
1217 5950 1289 6016 sup·

1073 573 1138 622 lUR·
1162 573 1253 621 PONT.
1277 573 1318 620 bn
1339 574 1368 620 P·
1393 573 1422 620 F·
1447 574 1530 620 PARS
1552 573 1574 620 1.

2133 557 2190 610 An.
2204 558 2240 610 C.
2265 556 2331 608 lece

1353 693 1568 772 plicationibus
1598 710 1708 756 eorum
1734 693 1862 758 nomine
1890 693 1980 758 nobis
2009 711 2103 773 super

1353 788 1411 851 hoo
1432 789 1595 852 humiliter
1620 789 1768 866 porrectis
1785 789 1936 864 inclinati,
1951 787 2103 850 moderno

1353 887 1384 944 et
1399 896 1453 960 pro
1469 889 1609 960 tempore
1624 881 1832 944 existentibus
1846 882 1919 944 dicti
1935 881 2103 944 Seminarii

1354 975 1544 1051 ltalograeci
1573 975 1695 1037 Gorsini
1723 975 1907 1050 rectoribus,
1928 982 1964 1036 ut
1986 975 2042 1053 ipsi
2064 976 2103 1036 de

1353 1075 1468 1143 cetero,
1491 1067 1528 1130 de
1549 1085 1703 1132 consensu
1725 1076 1756 1130 et
1778 1069 1960 1130 auctoritate
1975 1068 2102 1146 praefati

1354 1169 1385 1223 et
1405 1177 1460 1239 pro
1482 1170 1621 1241 tempore
1643 1162 1805 1224 existentis
1819 1161 1974 1224 Antistitis
1995 1161 2104 1222 huius·

1354 1253 1450 1329 modi,
1463 1263 1498 1318 ut
1512 1256 1735 1334 praemittitur,
1751 1255 1955 1317 moderatoris
1970 1261 2001 1315 et
2016 1267 2102 1331 prae-

1354 1348 1494 1423 sidentis,
1518 1350 1660 1412 alumnos
1675 1367 1731 1413 seu
1742 1351 1947 1421 convictores,
1964 1348 2018 1425 qui
2033 1347 2102 1424 phi-

1355 1440 1510 1519 losophiae
1530 1453 1561 1506 et
1586 1461 1688 1507 sacrae
1717 1445 1890 1521 theologiae
1919 1458 2046 1505 cursum
2069 1443 2100 1502 in

1355 1537 1463 1598 eodem
1485 1537 1660 1600 Seminario
1681 1539 1842 1614 integrum
1856 1553 1911 1616 per
1924 1553 1978 1598 sex
1992 1535 2101 1596 saltem

1354 1644 1452 1690 annos
1472 1631 1709 1710 compleverint,
1732 1638 1825 1710 atque
1838 1631 1873 1692 in
1889 1629 2000 1693 ulthno
2015 1628 2103 1690 bien-

1355 1723 1408 1784 nio
1436 1725 1529 1786 etiam
1557 1725 1683 1788 lectioni
1710 1742 1812 1788 sacrae
1843 1725 2021 1804 Scripturae
2047 1737 2102 1800 per

1354 1816 1460 1878 horam
1483 1817 1622 1898 quotidie
1644 1819 1837 1894 vacaverint,
1854 1833 1978 1882 necnon
2000 1815 2103 1877 omni-

1354 1908 1410 1970 bus
1439 1910 1637 1989 qualitatibus
1665 1914 1702 1975 ad
1724 1913 1765 1998 id·
1783 1912 1942 1991 requisitis
1971 1907 2102 1988 praediti

1353 2001 1483 2080 fuerint,
1506 2007 1541 2066 ad
1563 2006 1751 2068 doctoralem
1765 2015 1829 2068 tam
1844 2006 1876 2068 in
1892 2002 2102 2084 philosophiae

1354 2112 1446 2174 qoam
1458 2114 1558 2159 sacrae
1574 2099 1746 2176 theologiae
1760 2099 1872 2162 studiis
1883 2098 2020 2160 lauream
2032 2111 2102 2156 auc·

1356 2190 1479 2252 toritate
1500 2193 1604 2254 nostra
1628 2192 1790 2271 apostolica
1812 2187 2035 2270 promovendi,
2065 2188 2102 2248 il-

1353 2281 1453 2361 lisque
1482 2284 1570 2347 solita
1602 2285 1724 2348 laureae
1752 2284 1930 2348 huiusmodi
1966 2282 2099 2360 insignia

1352 2375 1545 2438 conferendi.

1391 2471 1410 2545 5
1425 2470 1454 2530 b.
1473 2471 1573 2548 thue
1588 2471 1632 2535 sic
1644 2473 1777 2550 promoti
1793 2480 1824 2534 et
1838 2451 1982 2534 declarati
1997 2468 2098 2530 omni·
2118 2471 2343 2573 125ss2⁵1¹ss⁸¹{0⁵„¹.

1352 2562 1408 2624 bus
1430 2571 1461 2625 et
1482 2565 1613 2642 singulis
1645 2566 1832 2644 privilegiis,
1865 2562 2097 2642 praerogativis,
2116 2580 2198 2626 centa.

1351 2659 1606 2735 praeeminentiis
1620 2667 1651 2721 et
1674 2659 1814 2733 indultis,
1831 2659 1943 2736 quibus
1965 2657 2027 2730 alii,
2043 2655 2098 2732 qui

1352 2748 1488 2812 lauream
1511 2751 1687 2814 huiusmodi
1710 2753 1741 2814 in
1765 2765 1961 2830 quacumque
1976 2749 2099 2827 publici

1351 2843 1445 2904 studii
1473 2845 1627 2920 generalis
1655 2847 1865 2908 Universitate
1892 2842 2096 2922 susceperint,

1353 2946 1415 3000 tam
1437 2939 1475 3000 de
1496 2939 1580 3014 iure,
1610 2957 1669 3001 usu
1690 2947 1721 3001 et.
1742 2938 1978 3013 consuetudine,
2004 2953 2096 3015 quaxn

1351 3033 1423 3095 elias
1451 3034 1683 3113 quomodolibet
1710 3042 1856 3108 utuntur,
1889 3033 2040 3094 fruuntur
2066 3039 2098 3092 et

1351 3127 1498 3204 gaudent,
1522 3145 1556 3190 ao
1576 3129 1635 3204 uti,
1665 3128 1726 3190 frui
1748 3135 1780 3189 et
1806 3126 1940 3205 gaudere
1969 3133 2098 3204 possunt

1351 3230 1382 3283 et
1403 3227 1551 3300 poterunt
1573 3222 1605 3283 in
1627 3221 1782 3297 futurum,
1798 3221 1862 3300 pari
1879 3221 2017 3282 modoet
2032 3217 2097 3280 abs-

1351 3329 1412 3394 que
1427 3315 1488 3397 uili
1503 3331 1628 3394 prorsus
1642 3315 1816 3378 differentia
1831 3315 1889 3388 uti,
1902 3313 1963 3375 frui
1978 3319 2009 3374 et
2023 3327 2095 3388 gau-

1350 3409 1423 3470 dere
1445 3407 1541 3469 libere
1562 3415 1593 3470 et
1614 3407 1698 3470 licite
1726 3408 1843 3488 possint
1863 3416 1895 3469 et
1920 3406 2043 3468 valeant
2064 3406 2096 3466 in

1351 3501 1495 3563 omnibus
1521 3509 1552 3564 et
1577 3518 1631 3580 per
1662 3503 1784 3578 omnia,
1813 3503 1848 3563 ad
1880 3499 2097 3563 ecclesiasticas

1350 3610 1474 3673 quoque
1496 3611 1706 3674 quascumque
1727 3597 1821 3657 etiam
1842 3595 1974 3656 maiores
1993 3595 2026 3654 in
2046 3610 2094 3655 ca-

1349 3687 2095 3767 thedralibusacmetropolitanisecclesiis‚etiam

1349 3780 1555 3857 Praesnlatus,
1578 3781 1756 3858 dignitates,
1780 3781 1909 3860 perinde
1930 3781 2010 3842 acsi
2031 3780 2095 3842 lau·

1350 3891 1434 3937 ream
1455 3875 1636 3938 huiusmodi
1659 3876 1690 3936 in
1713 3874 1987 3954 aliqntapprobata
2001 3872 2096 3936 studii

1350 3969 1502 4045 generalis
1524 3969 1644 4048 publiea
1658 3968 1870 4031 Universitate
1889 3969 2094 4046 susceperint,

1349 4061 1428 4124 dicta
1450 4062 1631 4124 auctoritate
1650 4061 1838 4124 concedendi
1859 4069 1890 4124 et
1912 4059 2096 4137 indulgendi

1349 4155 1474 4233 plenam
1496 4163 1527 4216 et
1547 4154 1682 4233 amplam
1697 4154 1875 4217 facultatem
1895 4154 2005 4216 eadem
2025 4170 2096 4216 auc-

1351 4247 1485 4323 toritate,
1502 4255 1613 4310 tenore
1637 4249 1859 4326 praesentium,
1876 4247 2042 4310 tribuimus
2064 4255 2095 4309 et

1348 4341 1560 4420 impertimur.

1387 4435 1406 4510 9
1427 4435 1456 4497 6.
1480 4435 1687 4497 Decernentes
1706 4436 1827 4497 easdem
1848 4441 2023 4513 praesentes
2044 4435 2093 4497 lit·
2112 4433 2334 4536 mg’ffinffl

1348 4537 1428 4591 teras
1453 4529 1572 4604 firmas,
1602 4527 1715 4590 validas
1740 4538 1772 4590 et
1797 4528 1931 4590 efficaces
1959 4531 2094 4592 existere
2110 4543 2160 4586 tas.

1348 4631 1378 4687 et
1399 4623 1481 4698 fore,
1502 4638 1636 4700 suosque
1665 4621 1817 4700 plenarios
1839 4629 1870 4683 et
1892 4622 2029 4700 integros
2049 4623 2092 4685 ef-

1347 4717 1444 4780 fectus
1458 4717 1563 4779 sortiri
1588 4724 1619 4778 et
1637 4717 1790 4791 obtinere,
1812 4733 1845 4777 ac
1866 4716 1937 4793 illis,
1959 4719 1994 4780 ad
2016 4733 2094 4797 quos

1347 4818 1479 4890 spectat,
1512 4811 1692 4890 plenissime
1717 4809 1896 4888 suffragari3
1924 4815 2030 4890 sicque
2060 4813 2093 4874 in

1347 4906 1519 4984 praemissis
1540 4921 1595 4984 per
1609 4919 1822 4983 quoscumque
1836 4905 1952 4966 iudices
1974 4905 2094 4968 ordina·

1347 4999 1408 5060 rios
1434 5006 1465 5060 et
1485 4997 1658 5074 delegatos,
1683 4997 1777 5059 etiam
1800 5013 1962 5060 causarum
1989 4999 2093 5076 palatii

1347 5091 1504 5170 apostolici
1525 5091 1691 5166 auditores,
1710 5091 1838 5153 iudicari
1852 5098 1883 5154 et
1898 5090 2022 5153 definiri
2043 5091 2095 5152 de·

1346 5185 1431 5261 bere,
1448 5201 1480 5247 ac
1503 5186 1629 5247 irritum
1652 5191 1683 5246 et
1704 5185 1813 5261 inane,
1835 5186 1860 5246 si
1888 5201 1976 5247 secus
2000 5201 2093 5264 super

1346 5278 1393 5340 his
1414 5295 1430 5338 a
1452 5293 1608 5356 quoquam
1630 5277 1737 5356 quavis
1752 5277 1944 5352 auctoritate,
1959 5278 2093 5340 scienter

1346 5375 1396 5438 vel
1412 5377 1602 5452 ignoranter,
1625 5375 1791 5451 contigerit
1812 5376 1966 5436 attentari.

1384 5469 1404 5543 5
1425 5468 1452 5530 7.
1477 5467 1547 5530 Non
1569 5467 1759 5530 obstantibus
1775 5468 2046 5532 constitutionibus
2060 5478 2092 5532 et
2123 5479 2333 5541 perorationes·

1344 5560 1591 5624 ordinationibus
1617 5559 1801 5638 apostoliois‚
1824 5561 1997 5640 ceterisque
2020 5579 2092 5625 con·
2109 5535 2267 5581 annorum.

1345 5655 1447 5715 trariis
1468 5653 1729 5732 quibuscumque.

1385 5749 1497 5810 Datum
1513 5747 1639 5823 Rornae,
1652 5746 1732 5824 apud
1749 5747 1778 5810 S.
1790 5747 1917 5809 Mariam
1932 5747 2089 5824 Maiorem,

1344 5841 1402 5903 sub
1429 5841 1546 5903 annulo
1579 5839 1738 5902 Piscatoris
1768 5839 1818 5902 die
1847 5856 1912 5903 xrv.
1943 5840 2091 5906 februarii

1345 5949 1560 6012 voccxxxrx,
1583 5933 1779 6015 pontificatus
1800 5933 1900 5997 nostri
1921 5949 2003 5998 anno
2024 5951 2068 5997 rx.
