4848 6990
84 585 142 640 An.
157 589 187 643 G.
209 584 278 640 1686

97 1097 245 1147 clausulae.

84 2402 288 2464 derogatiocon·

72 2463 218 2502 tremorum.

115 3905 189 3952 Fides
212 3913 284 3955 tran·

75 3965 240 4016 sumptorum

950 591 1159 646 lunocsurltts
1181 587 1225 642 xl.

1210 805 1213 809 -
1285 759 1538 830 innocentius
1556 761 1616 828 ΡΡ.
1635 759 1681 827 ll.

1231 903 1267 970 ad
1290 907 1462 985 perpetuam
1486 901 1529 966 rei
1556 901 1738 967 memoriam.

308 724 485 805 probamus,
512 721 636 802 illisque
661 719 847 782 inviolabilis
875 717 1057 798 apostolicae

308 819 463 882 firmitatis
481 817 577 880 robur
591 817 763 892 adiieimus,
779 831 812 878 ac
827 829 934 878 omnes
949 822 980 876 el
993 814 1056 876 sin-

309 913 397 990 gulos
419 913 494 974 iuris
516 919 547 973 et
568 911 638 972 iacti
652 909 800 986 delectus,
816 909 841 972 si
856 911 907 988 qui
925 911 1056 988 desuper

309 1004 541 1084 quomodolibet
562 1003 806 1078 intervenerint,
822 1004 1013 1082 supplemus.

347 1099 367 1173 ἓ
387 1097 416 1158 3.
440 1097 649 1160 Decernentes
677 1098 799 1158 easdem
827 1105 1004 1174 praesentes
1025 1106 1056 1158 et

308 1192 511 1272 praeinsertas
541 1197 682 1269 patentes
713 1191 831 1252 litteras
859 1207 983 1270 semper
1004 1192 1055 1252 sir-

307 1305 383 1362 mas,
405 1286 519 1350 validas
544 1291 575 1346 et
601 1285 736 1347 efficaces
767 1286 901 1347 existere
925 1293 956 1346 et
977 1284 1054 1360 lore,

306 1395 440 1458 suosque
460 1379 615 1457 plenarios
636 1385 666 1440 et
689 1377 827 1452 integ'ros
849 1378 976 1438 ellectus
990 1394 1056 1440 sor-

306 1474 357 1534 tiri
378 1481 410 1534 et
431 1472 585 1546 obtinere,
607 1489 640 1532 ac
662 1471 733 1545 illis,
750 1472 786 1532 ad
804 1486 881 1548 quos
895 1478 1010 1548 spectat
1024 1477 1054 1530 et

305 1582 360 1645 pro
381 1573 521 1643 tempore
544 1563 704 1642 spectabit,
729 1565 760 1624 in
783 1564 927 1624 omnibus
947 1573 979 1626 et
1001 1579 1052 1641 per

305 1659 407 1722 omnia
429 1659 608 1736 plenissime
628 1657 800 1732 suflragari,
816 1663 847 1716 et
869 1656 906 1716 ab
928 1657 971 1716 eis
992 1673 1056 1716 res-

305 1755 425 1833 pective
447 1751 669 1815 inviolabiliter
696 1752 866 1825 observari,
894 1751 1000 1829 sicque
1021 1751 1053 1811 in

305 1846 479 1924 praemissis
501 1861 555 1924 por
576 1861 788 1923 quoscumque
804 1844 918 1906 iudices
933 1843 1055 1904 ordina-

305 1939 367 2000 rios
388 1947 420 2000 et
440 1938 606 2014 delegatos,
636 1939 731 2000 etiam
762 1955 923 2000 causarum
952 1937 1054 2014 palatii

305 2032 461 2112 apostolici
483 2033 650 2106 auditores,
667 2032 796 2092 iudicari
818 2039 848 2092 et
866 2031 988 2093 deliniri
1003 2032 1053 2091 de-

305 2126 390 2200 bere,
408 2132 443 2186 ao¹
463 2125 589 2188 irritum
604 2132 636 2186 et
650 2125 744 2186 inane
758 2125 783 2184 si
798 2117 887 2186 secus
901 2140 994 2202 super
1009 2123 1054 2184 liis

306 2235 322 2280 a
339 2235 508 2298 quoquam,
524 2219 633 2297 quavis
647 2219 840 2292 auctoritate,
855 2218 990 2278 scienter
1005 2217 1054 2278 vel

306 2313 498 2388 ignoranter,
520 2312 687 2388 contigerit
707 2312 864 2372 attentari.

345 2408 365 2481 ἓ
385 2407 415 2467 l.
440 2403 510 2466 Non
530 2406 722 2466 obstantibus
738 2404 1009 2466 constitutionibus
1024 2412 1054 2464 et

305 2497 1054 2575 ordinationibusapostolicisac,quatenusopus

303 2592 355 2665 sit,
377 2591 450 2652 dicti
471 2592 606 2665 Ordinis
629 2592 758 2668 eiusque
777 2591 1008 2668 provinciarum
1022 2597 1054 2649 el

304 2692 520 2748 conventuum
549 2701 828 2763 quorumcumque,
858 2685 951 2744 etiam
974 2683 1053 2744 iura-

304 2788 422 2854 ment0,
438 2779 676 2840 confirmatione
691 2777 863 2857 apostolici,
881 2776 930 2837 rel
946 2776 1054 2854 quavis

304 2874 451 2935 firmitate
472 2873 529 2934 alia
551 2872 711 2946 roboratis,
733 2873 856 2934 statutis
877 2879 907 2931 et
925 2886 1053 2932 consuc-

303 2966 481 3040 tudinibus,
509 2966 680 3044 privilegiis
706 2981 845 3044 (purique,
871 2964 997 3025 irnlultis
1023 2973 1053 3025 et

304 3059 415 3120 litteris
429 3059 601 3138 apostolicis
616 3060 648 3120 in
664 3060 856 3120 contrarium
871 3058 1052 3136 praemisso·

303 3167 376 3214 rum
406 3152 638 3229 quomodolibet
669 3153 830 3224 concessis,
863 3151 1053 3212 confirmatis

302 3257 335 3308 et
356 3247 526 3322 innovatis;
550 3245 661 3324 quibus
689 3245 833 3306 omnibus
854 3253 886 3305 et
907 3243 1050 3320 singulis,

303 3339 432 3400 illorum
454 3349 577 3401 tenores
598 3339 811 3418 praesentibus
833 3353 888 3416 pro
909 3337 1001 3414 plene
1022 3343 1053 3396 et

302 3433 494 3494 sufficienter
519 3433 669 3510 expressis
690 3437 721 3492 et
743 3431 867 3492 insertis
891 3430 1051 3502 babentes,

303 3526 364 3588 illis
392 3526 464 3586 alias
486 3527 518 3587 in
540 3542 596 3586 suo
628 3526 738 3586 robore
771 3523 993 3602 permansuris,
1016 3524 1052 3585 ad

302 3620 544 3698 praemissorum
559 3619 716 3692 ellectum,
730 3619 784 3680 liae
801 3617 866 3678 vice
881 3619 1051 3688 dumtaxat,

302 3712 475 3790 specialiter
496 3721 527 3774 et
547 3728 691 3790 expresse
711 3713 911 3787 derogamus3
928 3709 1053 3772 ceteris·

303 3821 364 3883 qne
385 3803 547 3866 contrariis
568 3805 825 3883 quibuscumque.

343 3898 362 3972 ἓ
383 3899 412 3959 5.
430 3897 583 3960 Volumus
601 3903 707 3960 autem
722 3907 756 3960 ut
771 3897 951 3959 earumdem
967 3912 1054 3974 prae-

303 3992 441 4052 sentium
456 3991 633 4052 litterarum
650 3991 863 4068 transumptis,
878 4005 934 4052 seu
948 4005 1052 4051 exem·

304 4084 374 4162 plis,
396 4085 489 4146 etiam
509 4083 677 4162 impressis,
698 4099 794 4144 manu
816 4082 945 4145 alicuius
966 4089 1052 4144 notu-

303 4177 342 4238 rii
362 4177 478 4256 publici
502 4177 693 4254 subscriptis,
721 4183 751 4238 et
771 4176 874 4252 sigillo
904 4191 1053 4254 personae

304 4269 336 4330 in
357 4269 558 4332 ecclesiastica
580 4269 730 4345 dignitate
748 4269 935 4330 constitutae
950 4269 1054 4330 muni-

305 4364 362 4437 tis,
391 4364 499 4425 eadem
526 4377 650 4440 prorsus
676 4363 750 4422 lldes
776 4361 891 4438 ubique
912 4360 1053 4424 locorum

304 4463 369 4518 tam
388 4457 421 4518 in
443 4456 555 4518 iudicio
576 4470 672 4532 quam
693 4461 780 4516 extra
799 4455 875 4516 illud
890 4454 1051 4528 habeatur,

304 4565 382 4626 quae
404 4549 476 4626 ipsis
489 4548 702 4626 praesentibus
718 4547 893 4622 baberetur,
909 4546 1053 4608 silerent

304 4641 457 4704 exhibitae
478 4641 529 4702 rel
549 4648 700 4702 ostensae.

344 4735 457 4796 Datum
478 4735 604 4808 Romae,
627 4733 706 4813 apud
723 4733 753 4796 S.
771 4733 911 4808 Petrum,
927 4733 985 4795 sub
1000 4749 1055 4793 an-

305 4828 380 4890 nulo
402 4829 524 4903 Piscat,
547 4828 598 4890 die
612 4841 724 4888 xxrru.
743 4827 1051 4900 inniiuncnxxxv1.,

305 4922 500 4999 pontificatus
522 4920 621 4982 nostri
642 4935 725 4981 anno
748 4936 777 4980 x.

555 5077 806 5089 ...na—..n--u-nt

612 5203 748 5268 xxt‘lll.

309 5390 484 5470 Confirmat
513 5391 668 5469 quaedam
690 5391 816 5452 decreta
844 5387 984 5464 capitali
1005 5388 1054 5447 in·

346 5483 493 5546 termedii
509 5485 655 5562 fratrum
671 5484 706 5544 B.
723 5481 853 5544 loannis
869 5481 927 5540 Dei
943 5495 1054 5558 repso-

346 5593 420 5638 ram
442 5577 616 5654 Hispaniae
638 5583 668 5637 el
691 5575 861 5638 ludicram
883 5575 938 5654 (l).

348 5776 378 5832 (l)
393 5777 430 5820 ιιι
445 5777 507 5832 Reg.
524 5775 550 5820 in
565 5776 641 5820 arch.
656 5779 729 5822 Brer.
741 5777 819 5820 Extat
830 5774 1055 5820 revocatiocnius·

307 5843 366 5888 dam
386 5843 485 5888 decreti
503 5843 614 5900 capituli
628 5842 656 5886 in
671 5844 769 5888 Urbani
784 5846 846 5888 Vlll.
862 5843 976 5898 constit,
992 5843 1053 5888 edit.

307 5921 466 5964 uncxxvur,
485 5911 527 5955 die
547 5915 560 5956 8
578 5911 681 5968 aprilis,
704 5911 792 5966 pontis.
809 5921 843 5964 v.;
859 5914 885 5956 et
906 5911 933 5954 in
949 5912 1056 5955 Alexan·

307 5977 348 6022 dri
364 5981 425 6023 vlll.
441 5982 523 6024 corist.
539 5981 633 6032 Nuper
644 5989 699 6032 pro
714 5983 801 6032 perce.
818 5979 856 6024 ed.
868 5990 974 6035 mccxc,
988 5979 1030 6024 die
1043 5982 1056 6021 7

413 6103 467 6150 lar.
483 6101 555 6148 rora.
572 6101 602 6148 de
616 6101 691 6162 Prop.
707 6101 770 6148 Fide
784 6102 865 6149 Partis
879 6103 898 6148 1.
914 6101 968 6150 vol.
984 6103 1015 6149 ll.

1801 571 1838 638 81
1891 572 1944 627 ln.
1959 562 1989 628 o.
2011 569 2079 626 reso

1151 1103 1198 1164 Ex
1219 1102 1360 1164 iniuncto
1383 1100 1471 1162 nobis
1499 1097 1650 1160 divinitus
1679 1094 1860 1174 apostolicae
1905 1098 2050 1146 uxoratum.

1109 1196 1268 1258 servitutis
1299 1211 1433 1256 munere
1460 1193 1649 1271 peculiarem
1677 1190 1859 1252 christifide-

1111 1289 1200 1362 lium,
1229 1288 1322 1366 quie
1350 1287 1494 1348 {luctibus
1524 1285 1637 1347 saeculi
1669 1285 1702 1346 in
1734 1291 1859 1362 portum

1111 1382 1193 1441 vitae
1225 1379 1388 1456 religiosae
1421 1377 1650 1454 confugerunt,
1686 1375 1860 1452 uberesque

1110 1473 1264 1534 bonorum
1295 1487 1425 1550 operum
1454 1472 1573 1532 lruolus
1596 1469 1628 1530 in
1651 1469 1784 1532 Ecclesia
1805 1468 1859 1530 Ilei

1110 1565 1230 1626 assidue
1261 1565 1398 1642 prolerre
1429 1572 1584 1640 satagunt,
1616 1562 1859 1624 sollicitudinem

1111 1666 1266 1734 gerentes,
1290 1659 1362 1731 iliis,
1386 1675 1464 1736 quae
1484 1657 1633 1734 proseliti
1650 1671 1859 1734 prospereque

1111 1768 1220 1812 corum
1243 1751 1396 1828 regimine
1417 1760 1447 1812 et
1469 1751 1622 1826 gribernio
1644 1750 1772 1827 provide
1788 1766 1859 1828 prn-

1111 1844 1281 1922 denlerque
1313 1845 1479 1906 constituta
1510 1861 1577 1905 esse
1609 1852 1793 1919 noscuntur,
1824 1853 1859 1905 ut

1112 1939 1200 1998 firma
1221 1953 1344 2015 semper
1361 1947 1453 2015 atque
1469 1937 1581 2000 illibata
1597 1939 1774 2015 persistant,
1790 1953 1860 2014 apo-

1110 2031 1208 2092 stolici
1232 2031 1428 2104 muniminis,
1451 2047 1523 2092 cum
1545 2031 1605 2092 ida
1626 2031 1714 2092 nobis
1729 2031 1857 2109 petitur,

1110 2123 1245 2185 libenter
1266 2123 1466 2200 adiungimus
1488 2124 1679 2186 firmitatem.

1150 2219 1169 2290 5
1192 2219 1219 2278 l.
1245 2217 1364 2294 Exponi
1386 2217 1540 2295 siquidem
1563 2217 1650 2278 nobis
1673 2234 1774 2296 nuper
1788 2217 1859 2280 lecit
1905 2219 2092 2272 secrctamse-

1133 2311 1138 2320 .
1274 2313 1279 2326 ,
1298 2311 1303 2321 .
1878 2270 1947 2316 dicta
1957 2270 1983 2315 ln
1994 2272 2092 2326 eapitu-

1110 2311 1239 2372 drlectus
1262 2312 1344 2372 lilius
1366 2312 1495 2374 loannes
1518 2311 1704 2372 Emmanuel
1726 2313 1761 2372 de
1784 2313 1858 2374 Her·
1878 2323 1903 2368 ιο
1938 2324 2092 2370 rnrsrmeruo

1110 2421 1190 2479 reru,
1214 2413 1393 2480 procurator
1414 2405 1568 2482 generalis
1589 2406 1711 2466 llrdinis
1726 2403 1857 2468 iralrum
1877 2387 2090 2476 ppitpocmxxm.

1110 2499 1144 2558 B.
1168 2497 1291 2558 loannis
1313 2498 1366 2558 Dei
1388 2513 1559 2573 regnorum
1582 2498 1744 2575 Hispaniae
1764 2507 1795 2560 et
1810 2501 1859 2562 ln-

1109 2591 1242 2664 diarum,
1265 2591 1357 2667 quod,
1375 2607 1447 2652 cum
1462 2607 1517 2669 per
1531 2591 1769 2654 constitutiones
1785 2594 1858 2654 clicti

1109 2685 1230 2746 (liulinis
1251 2701 1266 2744 a
1289 2684 1384 2745 felicis
1411 2685 1631 2746 recordationis
1660 2685 1784 2747 Urbano
1807 2687 1859 2747 Pa-

1102 2778 1145 2856 'pa
1167 2775 1243 2838 l'lll.
1269 2778 1501 2855 praedecessore
1523 2787 1629 2854 nostro
1650 2780 1857 2854 confirmatas,

1109 2888 1171 2948 rap.
1196 2888 1266 2944 cru,
1290 2871 1431 2947 curticulis
1453 2873 1648 2946 generalibus
1664 2879 1695 2932 el
1712 2873 1858 2934 interme-

1108 2965 1165 3024 diis
1187 2965 1282 3042 ipsius
1303 2964 1425 3025 Ordinis
1445 2965 1683 3026 ‹constitutionos
1699 2967 1776 3044 ipsas
1790 2983 1860 3028 mu-

1109 3057 1192 3118 tandi
1215 3057 1264 3117 vel
1293 3057 1479 3132 declarandi,
1504 3073 1662 3136 novasque
1693 3060 1788 3119 etiam
1808 3061 1859 3121 ad-

1109 3150 1270 3226 iungendi,
1294 3159 1386 3227 preat
1408 3151 1481 3210 recti
1498 3151 1640 3226 gubernii
1656 3152 1733 3212 ratio
1749 3168 1858 3228 exege-

1108 3243 1165 3317 rit,
1199 3243 1323 3304 iaoultas
1354 3243 1524 3304 tribuatur:
1559 3243 1627 3305 ideo
1660 3246 1691 3306 in
1724 3246 1858 3323 capitulo

1109 3337 1295 3398 intermedio
1316 3336 1437 3398 Ordinis
1459 3337 1616 3412 praedicti,
1639 3337 1720 3414 quod
1742 3339 1792 3398 die
1807 3355 1855 3398 ιιι.

1108 3429 1180 3490 maii
1197 3445 1401 3490 unocxxxur.
1419 3428 1605 3490 celebratum
1622 3429 1693 3506 luit,
1706 3447 1761 3508 pro
1776 3431 1857 3494 ielici

1107 3538 1315 3601 prosperoque
1343 3522 1465 3585 Ordinis
1496 3523 1675 3586 liuiusrnodi
1704 3526 1858 3601 regimine

1110 3625 1141 3678 et
1163 3617 1326 3692 gubernio,
1346 3615 1421 3678 lacta
1438 3615 1565 3678 luerunt
1581 3617 1732 3679 nonnulla
1748 3626 1812 3679 acta
1827 3625 1857 3680 et

1107 3707 1229 3770 decreta
1251 3710 1366 3770 tenoris
1387 3709 1441 3787 qui
1461 3711 1614 3788 sequitur,
1638 3711 1800 3773 videlicet:

1148 3803 1256 3864 «Acta
1276 3811 1307 3863 et
1328 3801 1450 3864 decreta
1478 3819 1557 3881 quae
1583 3803 1693 3879 religio
1714 3805 1748 3864 B.
1773 3805 1858 3866 loan-

1108 3896 1156 3956 nis
1177 3895 1230 3956 Dei
1263 3911 1434 3973 regnorum
1465 3897 1626 3976 Hispaniae
1646 3903 1678 3958 et
1700 3897 1858 3961 indiarum

1107 3989 1178 4050 lecit
1200 3995 1231 4050 et
1253 3988 1409 4051 ordinavit
1429 3989 1466 4050 ad
1488 3989 1601 4052 melius
1621 3991 1689 4052 eius
1714 3992 1857 4067 regimen

1107 4081 1140 4142 in
1171 4080 1304 4160 capitulo
1335 4081 1521 4144 intermedio
1552 4083 1705 4146 celebrato
1736 4083 1787 4146 die
1808 4101 1855 4145 ιιι.

1108 4175 1180 4235 maii
1201 4175 1370 4253 praesentis
1391 4175 1464 4236 anni
1487 4191 1689 4238 unonxxxru.
1708 4177 1741 4239 in
1756 4178 1858 4257 bospi-

1108 4267 1162 4329 tali
1184 4268 1216 4328 B.
1242 4267 1379 4344 Virginis
1402 4269 1524 4330 Amoris
1546 4269 1599 4330 Dei
1626 4271 1729 4332 euriae
1755 4271 1859 4334 Hatri-

1109 4361 1216 4434 tensis,
1239 4361 1398 4422 videlicet:
1906 4427 1910 4432 ,

1148 4471 1169 4515 ι.
1194 4454 1228 4515 Ιιι
1260 4454 1379 4532 primis,
1412 4455 1483 4532 quia
1514 4455 1592 4518 (licta
1626 4457 1734 4534 religio
1766 4459 1858 4520 babet
1876 4452 1936 4550 „¹0³3
1949 4451 2090 4562 ³{2ss2'313‘

1107 4547 1263 4608 aerarium
1291 4553 1321 4608 et
1353 4563 1454 4608 arcam
1485 4549 1582 4609 trium
1614 4549 1748 4611 clavium
1779 4567 1859 4630 quae
1877 4569 1941 4605 rum.

1107 4647 1181 4702 sunt
1203 4641 1235 4702 in
1257 4647 1407 4719 potestate
1436 4641 1530 4717 patris
1563 4643 1714 4716 generalis
1736 4652 1768 4704 et
1788 4661 1857 4706 suo-

1109 4750 1181 4796 rum
1201 4733 1334 4795 duorum
1350 4733 1573 4809 assistentium,
1589 4735 1643 4796 ubi
1657 4745 1859 4814 apponuntur

1108 4833 1139 4886 et
1160 4832 1386 4888 conservantur
1416 4843 1525 4888 ornnes
1552 4829 1739 4905 quantitates
1768 4846 1859 4908 pecu·

1109 4919 1233 4982 uiarum
1248 4936 1326 4998 quae
1341 4921 1547 4997 acquiruntur
1558 4938 1613 4999 pro
1625 4923 1858 4986 canonizatione

1110 5014 1208 5074 nostri
1228 5013 1322 5092 patris
1344 5013 1377 5074 B.
1398 5014 1521 5075 loannis
1542 5015 1595 5077 Dei
1616 5014 1713 5077 dictae
1736 5017 1860 5093 religio·

1110 5106 1159 5167 nis
1190 5105 1372 5181 laudatoris,
1401 5115 1432 5168 et
1459 5107 1591 5170 aliorum
1617 5125 1783 5172 servorum
1804 5111 1859 5170 llei

1110 5199 1165 5276 qui
1192 5197 1321 5262 luerunt
1342 5200 1375 5261 in
1397 5200 1432 5261 ed
1459 5201 1623 5278 religione,
1646 5219 1679 5264 ao
1700 5195 1798 5264 etiarn
1817 5202 1858 5264 le·

1110 5292 1235 5368 gitimae
1258 5301 1288 5354 et
1308 5292 1403 5372 spolia
1431 5293 1648 5370 religiosorum
1670 5312 1742 5357 cum
1763 5312 1860 5374 quan-

1110 5385 1249 5447 titatibus
1270 5402 1344 5464 quas
1362 5387 1541 5465 provinciae
1555 5387 1712 5450 indiarum
1727 5389 1860 5450 mittunt

1110 5479 1143 5540 in
1165 5479 1341 5557 Hispaniam
1361 5481 1396 5542 ad
1420 5479 1489 5541 lites
1510 5487 1542 5542 et
1563 5482 1701 5558 negocia,
1717 5483 1808 5544 sicuti
1823 5481 1859 5542 ad

1110 5573 1178 5648 alia,
1194 5589 1272 5652 quae
1293 5574 1390 5636 diotae
1405 5574 1550 5650 religioni
1566 5591 1643 5654 opus
1657 5583 1703 5638 est
1719 5576 1751 5636 in
1766 5575 1859 5638 Curid

1109 5775 1231 5828 octobris,
1247 5775 1335 5831 pontif.
1349 5788 1374 5830 ι.,
1386 5775 1499 5820 liabetur
1514 5773 1681 5820 confirmatio
1692 5775 1789 5821 decreti
1800 5777 1859 5822 Car·

1110 5843 1207 5887 dinalis
1229 5847 1385 5900 protectoris
1406 5846 1437 5890 do
1459 5845 1519 5889 sede
1540 5846 1673 5900 gerraralis
1693 5849 1719 5888 et
1738 5857 1859 5890 convoca-

1112 5913 1182 5958 tione
1197 5911 1313 5968 capituli.

1728 6104 1752 6152 tt
