4844 6990
1008 565 1149 610 ctuuuus
1171 565 1228 610 llll.

346 685 482 764 partibus
498 684 624 762 suscipit
645 684 849 758 incrementa,
864 683 957 746 statui
979 673 1093 745 conve-

346 779 468 840 nientes
489 785 520 838 et
541 775 794 852 accommodatas,
817 793 851 837 ac
872 783 1032 855 propterea
1055 775 1092 836 ab

345 870 441 950 ipsios
462 869 584 934 Ordinis
605 869 878 932 constitutionibus
897 869 970 930 alids
990 875 1092 930 aucto·

345 965 436 1028 ritate
451 963 612 1042 apostolica
633 962 824 1025 confirmatis
838 963 938 1042 aliqua
953 977 991 1023 ex
1006 967 1093 1039 parte

345 1057 566 1136 discrepantes,
590 1057 639 1118 vel
662 1057 754 1118 etiam
780 1054 881 1117 forsan
903 1054 964 1116 illis
985 1057 1092 1118 adver-

345 1161 459 1226 santes,
483 1159 640 1214 reservato
661 1149 794 1228 desuper
815 1156 921 1212 uestro
944 1156 974 1209 et
996 1149 1093 1210 dictae

347 1245 434 1310 Sedis
455 1245 664 1324 beneplacito,
692 1244 871 1318 ediderunt,
903 1241 1018 1304 tenoris
1040 1241 1092 1320 qui

346 1339 499 1418 sequitur,
523 1339 684 1401 videlicet:

101 1533 291 1646 suffimgff
311 1531 329 1578 t·
388 1546 409 1590 ι.
434 1528 641 1607 lmpcsterum
669 1529 866 1608 expulsiones
895 1526 1025 1587 fratrum
1049 1525 1094 1584 in·

100 1639 196 1687 mone

347 1623 587 1702 corrigibilium,
610 1623 866 1701 quotiescumque
891 1636 976 1682 casus
997 1617 1096 1680 conti·

349 1718 441 1794 gerit,
455 1717 531 1778 fiant
546 1717 710 1778 reservatis
726 1721 831 1777 exacte
846 1709 1096 1791 dispositionibus

348 1812 546 1874 decretorum
578 1811 673 1873 felicis
700 1806 920 1872 recordationis
952 1805 1095 1868 Clemen-

351 1903 386 1964 tis
409 1903 502 1978 lllll.,
524 1904 640 1966 Urbani
666 1904 743 1968 lllll.
772 1911 803 1964 et
831 1898 1005 1962 innocentii
1027 1895 1093 1960 llll.

348 2012 544 2059 summorum
568 1998 753 2060 Pontificum
775 1994 952 2058 Sanctitatis
968 1992 1096 2056 Vestrae

349 2093 638 2170 praedecessorum
664 2091 783 2169 ipsique
805 2104 867 2168 pro
882 2095 1023 2165 ternpore
1044 2099 1095 2146 ex-

349 2184 429 2262 pulsi
450 2183 607 2246 certiorari
630 2189 661 2244 et
675 2180 834 2243 admoneri
856 2179 999 2252 debeant,
1016 2177 1096 2254 ipsos

349 2277 511 2340 obstrictos
532 2276 738 2338 nibilominus
764 2288 926 2337 remanere
949 2271 1029 2332 votis
1049 2285 1096 2330 so·

350 2370 506 2433 lemnibus
519 2370 551 2432 in
563 2371 628 2432 vim
643 2386 717 2431 suae
731 2367 883 2446 regularis
897 2363 1095 2444 professionis

350 2464 481 2539 emissis,
498 2463 595 2542 quoad
618 2480 652 2524 ea
674 2471 778 2526 tamen
793 2477 872 2540 quae
892 2475 965 2522 cum
986 2471 1094 2519 eorum

348 2563 430 2618 statu
451 2556 656 2635 competibilia
678 2562 781 2618 erunt.

111 2651 332 2752 rfiiesviffisssgg
390 2668 425 2712 ιι.
449 2649 529 2713 Cum
551 2651 705 2725 maxima,
729 2658 763 2711 ut
786 2657 894 2710 notum
927 2654 990 2722 est,
1014 2645 1097 2707 inter

112 2761 332 2862 frfss⁰e⁰3s⁰a⁰affriaf⁰ff
351 2746 512 2822 utriusque
528 2745 618 2820 regni
629 2752 803 2806 conventus
814 2741 967 2814 distantia,
984 2747 1015 2800 et
1030 2755 1096 2800 rara

350 2839 517 2901 admodum
538 2847 632 2914 atque
652 2835 834 2898 difficillima
856 2836 892 2896 ab
913 2850 976 2897 uno
998 2835 1033 2894 ad
1055 2832 1097 2892 al·

352 2939 454 2994 terum
474 2931 514 2992 sit
537 2930 758 2993 transfretatio:
793 2927 1016 3005 vicegeneralis
1043 2941 1098 3004 pre

352 3032 492 3103 ternpore
513 3024 598 3086 illius
621 3023 721 3100 regni,
739 3023 770 3083 in
786 3037 848 3100 quo
861 3020 1031 3100 praefectus
1046 3034 1099 3094 ge·

351 3119 463 3180 neralis
490 3135 553 3179 non
582 3119 707 3190 residet,
737 3125 845 3177 contra
873 3111 1098 3190 incorrigibiles

350 3213 487 3290 aliosque
508 3211 727 3288 delinquentes
741 3225 835 3287 super
849 3208 1098 3286 quibuscumque

350 3305 526 3368 excessibus
537 3305 713 3383 procedere,
724 3317 837 3380 eosque
849 3316 1016 3374 carcerare,
1030 3314 1100 3377 pro-

350 3413 453 3460 cessus
468 3397 645 3475 compilare,
663 3403 704 3468 et,
721 3396 762 3456 ita
777 3391 974 3468 exigentibus
989 3405 1097 3451 eorum

349 3490 545 3564 criminibus,
569 3505 607 3551 ex
627 3489 725 3566 capite
746 3484 1023 3562 incorrigibilitatis
1045 3481 1099 3544 eii-

350 3601 420 3647 cere
435 3584 529 3662 possit
550 3589 580 3644 et
602 3581 713 3656 valeat,
730 3596 800 3643 cum
816 3579 933 3642 eisdem
947 3577 1100 3640 facultati-

351 3677 407 3738 bus
419 3693 493 3755 quas
510 3675 599 3736 babet
611 3675 741 3753 ipsemet
756 3672 929 3752 praefectus
944 3670 1099 3747 generalis

351 3771 446 3833 totius
478 3767 612 3842 Ordinis,
637 3768 768 3829 servatis
791 3775 893 3828 tamen
916 3765 1047 3828 decretis
1068 3771 1099 3824 et

351 3861 625 3926 constitutionibus
645 3860 817 3940 apostolicis
837 3875 929 3938 supra
953 3857 1100 3920 enuncia-

351 3957 402 4031 tis,
425 3970 483 4017 nec
497 3956 564 4016 eius
578 3969 739 4016 assensum
755 3961 784 4014 et
800 3953 976 4014 facultatem
992 3967 1100 4029 expec-

352 4059 417 4114 tare
439 4059 593 4125 teneatur,
611 4068 650 4114 ne
673 4051 813 4128 inquisiti
835 4049 929 4110 nimis
951 4049 1100 4111 diuturno

352 4145 466 4208 carceri
487 4145 701 4207 sublimantur.
726 4145 829 4224 thue
844 4145 876 4205 in
893 4160 927 4205 re
941 4143 1019 4204 ‘tanti
1035 4159 1099 4203 mo·

352 4239 454 4302 menti
469 4239 528 4300 rite
543 4245 689 4316 recteque
704 4237 897 4317 procedatur,
914 4238 998 4298 iuxta
1014 4253 1101 4314 prae-

353 4333 412 4394 lata
434 4332 596 4410 apostolica
608 4333 731 4394 decreta
753 4332 784 4392 in
807 4329 938 4407 singulis
960 4330 1101 4408 capitulis

354 4425 548 4504 generalibus
570 4423 732 4487 duodecim
755 4440 791 4485 ex
815 4425 1009 4502 gravioribus
1030 4423 1101 4483 reli-

354 4521 448 4598 giosis
468 4519 541 4596 eligi
563 4519 692 4580 omnino
718 4506 859 4593 debeant,
883 4533 937 4578 sex
958 4517 1101 4579 videlicet

354 4629 410 4691 pro
426 4627 524 4689 regno
536 4611 641 4673 Novae
655 4611 828 4690 Hispaniae,
843 4611 1035 4690 totidemque
1047 4626 1101 4688 pro

354 4709 512 4780 Pcruano,
535 4707 572 4768 de
593 4721 728 4784 quorum
753 4705 882 4767 consilio
903 4713 934 4768 et
956 4721 1100 4780 assensn,

355 4809 417 4864 tam
438 4817 454 4860 a
476 4798 610 4878 praefato
635 4800 772 4876 generali
802 4800 833 4861 in
861 4815 959 4874 regno
981 4799 1013 4860 in
1040 4815 1102 4878 quo

355 4893 514 4966 resederit,
538 4907 632 4970 quam
653 4892 685 4953 in
708 4892 805 4952 altero
828 4909 844 4952 a
865 4891 1101 4969 vice-praefecto

355 4986 509 5064 generali,
532 4987 567 5048 ad
595 4985 855 5062 incorrigibilium
885 4985 1101 5064 expulsionem

354 5083 550 5143 deveniatur.
573 5080 697 5156 Quoties
713 5095 787 5140 vero
804 5087 942 5157 tempore
954 5079 1102 5140 interme-

355 5174 405 5236 dio
425 5175 509 5236 inter
530 5190 629 5234 unum
652 5181 682 5234 et
703 5175 835 5233 alterum
858 5171 1027 5250 capitulum
1049 5187 1101 5248 ge-

356 5268 461 5329 nerale
481 5268 617 5344 aliquem
639 5268 703 5328 sive
725 5266 841 5344 aliquos
864 5282 901 5326 ex
924 5265 1102 5326 memoratis

355 5360 516 5422 duodecim
545 5359 698 5435 religiosis
719 5361 755 5421 ab
784 5361 838 5420 bac
860 5360 923 5420 vita
954 5359 1101 5435 migrare,

355 5454 406 5515 vel
428 5453 509 5514 ultra
533 5461 595 5514 tres
616 5452 712 5512 dietas
733 5453 874 5514 absentes
891 5454 940 5516 vel
962 5454 1102 5530 legitime

355 5547 519 5625 impeditos
534 5545 664 5623 reperiri
687 5547 858 5620 contingat,
873 5555 948 5608 tunc
969 5547 1102 5628 praefec-

355 5647 406 5702 tus
427 5639 579 5718 generalis
603 5639 633 5698 in
660 5655 758 5715 regno
780 5641 811 5700 in
834 5657 895 5718 quo
917 5643 1048 5716 residet,
1072 5649 1103 5702 et

355 5743 388 5803 in
411 5739 507 5800 altero
528 5734 762 5814 vicegeneralis,
785 5735 880 5797 alium
903 5737 953 5798 vel
974 5737 1047 5798 alios
1070 5739 1102 5799 in

355 5830 696 5904 deficientiumloeum‚
719 5830 931 5908 unnsquisque
954 5845 1027 5891 cum
1051 5845 1103 5890 vo·

357 5935 388 5989 te
409 5925 607 6006 propriorum
628 5923 801 6002 respective
822 5923 1043 5998 assistentium,
1066 5924 1101 5985 ad

464 6071 514 6117 lor.
532 6071 601 6116 Paul.
617 6068 647 6114 de
664 6069 737 6129 drop.
752 6067 815 6114 Fide
829 6033 911 6116 Partis
925 6070 943 6116 l.
958 6068 1011 6114 llol¹
1027 6071 1056 6116 ll.

1815 540 1872 602 473
1923 535 1977 590 An.
1993 538 2023 590 G.
2044 537 2113 590 1736

1146 685 1294 745 eumdem
1324 684 1468 746 effectum
1496 697 1652 744 assumere
1671 689 1703 743 et
1724 678 1893 752 subrogare

1148 777 1242 854 possit
1264 783 1295 839 et
1316 777 1435 840 debeat.

1188 885 1235 930 ιιι.
1260 870 1294 932 ln
1317 869 1523 934 celebratione
1537 867 1743 947 capitulorum
1766 879 1893 942 genera·
1945 866 2125 968 agricultum

1148 962 1224 1024 lium
1246 980 1301 1042 pro
1323 964 1473 1028 electione
1489 962 1632 1042 praefecti
1648 959 1801 1038 generalis
1822 973 1895 1020 eon·
1913 933 2021 1023 ifflsfu
2045 932 2126 978 μηθ’

1148 1075 1273 1124 currere
1295 1059 1427 1122 debeant
1449 1058 1653 1139 personaliter
1674 1055 1724 1116 vel
1749 1069 1803 1132 per
1824 1067 1895 1130 pro·

1148 1161 1324 1216 curatorem
1346 1169 1456 1216 omncs
1478 1153 1523 1214 illi
1551 1150 1671 1214 vocales
1692 1149 1744 1226 qui
1768 1147 1799 1208 in
1823 1160 1894 1207 con·

1149 1246 1364 1308 stitutionibus
1389 1246 1522 1322 Ordinis,
1551 1261 1614 1323 cap.
1640 1259 1698 1318 rx.,
1728 1243 1747 1318 5
1768 1241 1799 1314 5,
1822 1249 1895 1302 sunt

1150 1343 1312 1418 designati,
1329 1360 1365 1405 eo
1386 1341 1478 1404 modo
1493 1349 1525 1402 et
1539 1339 1637 1402 formai
1659 1339 1771 1416 quibus
1786 1335 1818 1396 in
1834 1335 1895 1396 dic-

1151 1436 1189 1498 lis
1218 1435 1493 1498 constitutionibus
1524 1441 1555 1496 et
1581 1433 1693 1495 litteris
1724 1427 1896 1508 apostolicis

1151 1530 1282 1606 desuper
1303 1530 1453 1590 emanatis
1474 1527 1704 1606 praescribitur,
1728 1523 1896 1587 dummodo

1150 1622 1293 1702 praelecti
1306 1631 1337 1686 et
1347 1623 1537 1702 antiquiores
1549 1621 1671 1685 discreti
1682 1621 1896 1684 conventuum

1151 1733 1235 1780 nunc
1249 1719 1454 1780 existentium
1470 1725 1501 1778 et
1516 1717 1718 1795 imposterum
1736 1713 1895 1774 aedifican-

1151 1813 1263 1874 dorum
1284 1812 1348 1873 sint
1363 1811 1487 1872 illarum
1503 1811 1666 1872 domorum
1681 1807 1747 1868 sive
1761 1819 1898 1868 conven-

1153 1913 1254 1977 tuum,
1277 1905 1331 1982 qui
1353 1904 1439 1982 prius
1460 1921 1476 1964 a
1497 1903 1650 1982 praefecto
1672 1899 1810 1976 generali
1825 1913 1897 1960 cum

1150 2013 1206 2060 suo
1228 1997 1404 2059 definitorio
1426 1995 1568 2058 declarati
1591 1993 1708 2056 fuerint
1722 1997 1896 2054 conventus

1151 2090 1311 2167 formales;
1334 2106 1391 2153 nec
1413 2089 1488 2152 tales
1510 2087 1656 2152 declarari
1681 2086 1812 2166 possint,
1837 2084 1897 2146 nisi

1152 2186 1184 2247 in
1202 2185 1245 2246 eis
1259 2183 1410 2246 continno
1425 2189 1692 2264 manuteneantur
1704 2179 1814 2240 saltem
1830 2184 1898 2239 octo

1152 2279 1288 2355 religiosi
1310 2276 1450 2357 professi,
1474 2275 1658 2353 computatis
1678 2273 1770 2336 etiam
1795 2270 1898 2334 tertia-

1151 2374 1204 2436 riis
1219 2371 1373 2450 professis,
1386 2370 1481 2447 vulgo
1493 2369 1632 2432 dou-otis.
1647 2367 1774 2430 Praelati
1790 2383 1899 2430 omnes

1152 2482 1257 2530 vocem
1280 2467 1412 2528 babeant
1439 2465 1570 2528 activam
1592 2471 1622 2527 et
1648 2465 1816 2542 passivam,
1840 2462 1900 2523 dis-

1152 2561 1227 2624 creti
1249 2576 1323 2645 vero
1345 2565 1376 2630 et
1398 2559 1589 2620 novitiorum
1613 2557 1763 2634 magistri,
1787 2557 1838 2634 qui
1853 2573 1898 2617 sa-

1152 2655 1290 2718 cerdotes
1311 2653 1441 2728 fuerint,
1465 2652 1597 2714 activam
1619 2658 1750 2712 tanturn.

1193 2766 1234 2810 ιιι.
1257 2747 1377 2810 Nedum
1394 2747 1604 2808 assistentium
1620 2745 1814 2822 generalium
1831 2759 1899 2806 mu·
1918 2749 2055 2846 g,.„¹,{',⁰⁰¹,}¹
2076 2744 2130 2844 gitis·

1153 2857 1224 2916 nus,
1247 2855 1358 2903 verum
1381 2841 1473 2903 etiarn
1500 2839 1710 2902 assistentium
1732 2835 1898 2899 cuiuslibet
1917 2864 1982 2899 rum.

1154 2935 1331 3013 provinciae
1361 2949 1483 3012 semper
1510 2941 1542 2994 et
1570 2935 1828 3012 quandocumque
1859 2931 1898 2992 sit

1155 3027 1384 3105 incompatibile
1412 3034 1476 3087 tam
1508 3043 1577 3088 curn
1611 3025 1709 3086 officio
1741 3023 1898 3086 secretarii

1154 3121 1305 3198 generalis
1327 3137 1419 3198 quam
1435 3136 1506 3183 cum
1522 3119 1621 3181 allicio
1636 3118 1781 3197 praefecti
1796 3118 1900 3179 cuius·

1153 3229 1288 3294 cumque
1308 3221 1495 3288 conventus,
1512 3222 1543 3275 et
1557 3228 1574 3272 e
1589 3227 1738 3274 converso
1758 3211 1813 3272 ista
1828 3225 1898 3271 cunr

1152 3309 1231 3383 illis3
1254 3315 1296 3382 et,
1312 3307 1338 3367 si
1352 3306 1516 3384 aliquando
1538 3305 1691 3377 evenerit,
1705 3303 1898 3378 religiosum,

1153 3401 1255 3480 aliquo
1277 3417 1315 3461 ex
1337 3399 1498 3479 praedictis
1520 3399 1626 3461 albatis
1648 3399 1707 3458 ianr
1729 3396 1898 3470 fruentem,

1154 3495 1189 3556 ad
1212 3493 1344 3556 alterum
1367 3492 1555 3572 promoveri,
1580 3499 1653 3552 tunc
1677 3489 1813 3551 olbcium
1834 3488 1900 3548 sive

1155 3603 1283 3660 munus,
1299 3588 1380 3666 quod
1396 3587 1481 3664 prius
1496 3585 1663 3658 obtinebat,
1676 3589 1763 3645 vacet
1774 3599 1811 3644 eo
1822 3582 1899 3660 ipso,

1155 3681 1294 3759 illudque
1306 3680 1349 3742 sic
1364 3697 1484 3754 vacans,
1497 3679 1585 3740 alteri
1598 3677 1742 3754 religioso
1754 3673 1899 3754 professo,

1155 3773 1208 3852 qui
1229 3774 1263 3835 ad
1280 3773 1309 3834 id
1324 3773 1513 3834 sufficienter
1536 3771 1664 3832 idoneus
1680 3775 1821 3847 repertus
1835 3767 1902 3829 fue-

1155 3867 1208 3940 rit,
1231 3866 1420 3928 conferatnr.
1451 3865 1582 3940 Quodsi
1609 3863 1772 3939 religiosus
1797 3861 1832 3922 ad
1855 3877 1902 3922 se-

1156 3961 1293 4022 cundum
1315 3975 1431 4020 munus
1452 3966 1624 4036 promotus,
1648 3956 1723 4018 illud
1746 3963 1901 4033 acceptare

1157 4055 1303 4128 noluerit,
1327 4052 1499 4132 praefectus
1521 4050 1674 4128 generalis
1689 4065 1758 4112 cum
1774 4066 1828 4110 suo
1850 4051 1902 4110 de·

1157 4153 1294 4216 finitorio
1316 4149 1452 4226 generali
1478 4163 1581 4209 causas
1610 4145 1812 4207 recusationis
1835 4143 1901 4206 dili·

1157 4254 1269 4323 genter
1289 4249 1456 4316 scratetur‚
1473 4241 1702 4319 compertisque
1717 4238 1836 4301 nullius
1850 4243 1903 4298 aut

1158 4341 1234 4402 levis
1244 4336 1410 4410 momenti,
1423 4334 1457 4396 ad
1474 4349 1590 4396 munus
1604 4333 1800 4394 subeundum
1815 4348 1903 4394 euru-

1157 4433 1228 4498 dem
1250 4430 1431 4507 religiosum
1457 4427 1637 4505 compellat:
1661 4427 1684 4487 si
1709 4441 1784 4487 vero
1805 4427 1903 4487 iustae

1158 4533 1188 4587 et
1214 4525 1370 4601 legitimae
1399 4521 1612 4599 reperiantur,
1636 4527 1712 4581 tunc
1739 4519 1771 4579 in
1803 4517 1902 4580 olfacio

1157 4623 1238 4702 quod
1261 4617 1505 4691 administrabat,
1528 4624 1684 4695 quatenus
1704 4614 1733 4676 id
1758 4615 1835 4676 utile
1856 4629 1904 4674 re-

1158 4714 1267 4792 ligioni
1298 4711 1405 4786 fnerit,
1429 4711 1584 4788 usquead
1609 4717 1730 4787 tempus
1759 4707 1904 4786 praefini-

1159 4819 1227 4871 tum
1248 4812 1438 4885 perseveret.
1452 4803 1601 4880 Denique,
1618 4803 1687 4880 quia
1705 4803 1787 4864 iuxta
1804 4802 1904 4878 dispo-

1157 4903 1212 4963 sita
1236 4901 1267 4960 in
1289 4899 1513 4961 constitutione
1528 4913 1592 4975 cap.
1610 4911 1668 4969 rx.,
1682 4897 1700 4970 ἓ
1714 4895 1744 4970 9,
1762 4895 1903 4956 assisten-

1159 5003 1204 5056 tes
1225 4993 1403 5071 provinciae
1434 4991 1519 5052 illius
1545 4990 1645 5066 regni,
1673 4990 1703 5048 in
1730 5004 1792 5066 quo
1818 5003 1904 5065 prae-

1159 5086 1255 5148 fectus
1276 5084 1431 5162 generalis
1452 5083 1578 5156 residet,
1605 5081 1765 5159 proprium
1787 5095 1903 5140 munus

1157 5195 1303 5241 exercere
1325 5185 1503 5255 nequeunt3
1527 5175 1639 5237 idcirco
1662 5181 1734 5235 tunc
1758 5173 1904 5250 temporis

1159 5274 1273 5351 possint
1294 5271 1367 5346 eligi
1389 5271 1419 5330 in
1442 5270 1618 5348 superiores
1641 5267 1749 5328 locales
1772 5267 1905 5343 bospite-

1159 5366 1247 5438 lium,
1263 5372 1295 5424 el
1312 5365 1342 5425 in
1365 5363 1425 5424 illis
1447 5363 1542 5422 etiam
1564 5377 1707 5420 exercerc
1728 5360 1783 5420 alia
1807 5359 1903 5419 oflicia

1159 5457 1374 5521 conventualia
1397 5458 1526 5516 durante
1543 5455 1636 5530 ipsius
1653 5451 1796 5530 praefecti
1812 5467 1906 5527 gene-

1159 5551 1230 5612 ralis
1251 5549 1429 5612 residentis.
1453 5547 1511 5608 Isti
1533 5563 1607 5606 vero
1633 5553 1781 5618 cessante,
1806 5559 1905 5623 eoque

1159 5645 1196 5705 ab
1211 5660 1274 5705 uno
1290 5645 1324 5704 ad
1340 5643 1474 5704 alterum
1489 5656 1622 5716 regnum
1638 5655 1670 5700 se
1686 5638 1902 5712 transferente,

1159 5737 1214 5798 uni
1242 5743 1294 5798 aut
1324 5736 1413 5798 alteri
1439 5733 1538 5797 otbcio
1566 5732 1750 5794 renunciare
1778 5739 1904 5792 tenean-

1161 5839 1226 5904 tur,
1257 5845 1313 5890 nec
1341 5837 1473 5906 utraque
1501 5826 1595 5888 simul
1624 5825 1761 5886 retinere
1782 5841 1904 5903 praesn-

1160 5932 1256 5985 malli.

1773 6067 1800 6110 ⁶0
