4836 6998
124 550 183 606 An.
199 553 229 606 Ο.
250 554 320 654 l724
1821 561 1880 627 365
1931 563 1985 618 An.
1999 563 2029 618 0.
2051 563 2120 620 1724

903 787 1222 872 eentntcvus
1251 787 1347 870 ΧΙΙΙ.

571 1073 826 1138 donsrlrdrlo
848 1076 868 1136 l.
1151 1074 1234 1138 sticis
1258 1075 1433 1149 sententiis,
1450 1075 1588 1138 censuris
1608 1082 1638 1137 et
1658 1075 1807 1154 poenis,a
1830 1075 1898 1138 iure

1152 1167 1201 1228 vel
1223 1167 1261 1229 ab
1284 1167 1423 1242 homine,
1446 1169 1554 1246 quavis
1568 1169 1726 1232 occasione
1746 1168 1797 1230 vel
1811 1171 1901 1232 causa

350 1261 511 1338 Speculum
533 1261 762 1340 procirvciutem
787 1260 1014 1324 hetthaeorum
1034 1261 1095 1323 Zu-
1152 1260 1237 1335 latis,
1267 1260 1292 1320 si
1324 1260 1436 1338 quibus
1473 1260 1703 1340 quomodolibet
1732 1261 1897 1326 innodatus

387 1354 876 1419 mtosctachutitumuuuccxx.
891 1363 1094 1434 torroreprue-
1151 1354 1267 1428 existit,
1290 1353 1325 1416 ad
1347 1354 1492 1416 ellectum
1515 1355 1725 1433 praesentium
1740 1355 1898 1419 dumtaxat

387 1451 527 1511 sentirem
551 1451 717 1529 corvfirmut
740 1449 794 1530 (l).
1151 1446 1423 1526 consequendum,
1451 1448 1563 1510 irarum
1590 1449 1671 1510 serie
1702 1449 1898 1512 absolventes

1151 1548 1182 1601 et
1203 1539 1380 1603 absolutum
1405 1539 1471 1601 iore
1498 1548 1679 1616 censentes,
1702 1541 1898 1620 supplicatio·

514 1616 757 1688 BENEDlGTUS
782 1621 841 1687 ΡΡ.
857 1620 924 1688 titt
1150 1631 1242 1695 nibus
1263 1633 1328 1696 eius
1343 1634 1472 1696 nomine
1487 1633 1575 1696 nobis
1589 1651 1682 1712 super
1697 1635 1754 1698 hoc
1771 1635 1898 1698 humili·

486 1745 523 1812 aq
544 1743 675 1811 puppam
698 1744 741 1810 „ej
771 1745 952 1811 memoriam,
1153 1733 1199 1787 ter
1213 1727 1363 1805 porrectis
1380 1727 1531 1802 inclinati,
1544 1734 1607 1789 tam
1622 1729 1659 1790 de
1671 1729 1898 1791 venerabilium

1150 1818 1282 1882 fratrum
1305 1828 1486 1884 nostrorum
1511 1821 1542 1886 S.
1563 1821 1600 1883 ll.
1624 1821 1658 1882 E.
1687 1821 1897 1884 cardinalium

386 1921 582 2000 apostolatus
602 1923 755 1998 cilicium,
778 1923 858 2003 quod
886 1918 1094 1983 inscrutabilis
1150 1912 1623 1994 negotiisdeP1·0pagandaFide
1638 1915 1895 1994 praepositorum,

345 2015 469 2078 divinae
490 2016 657 2093 sapientiae
678 2024 770 2094 atque
798 2015 943 2077 bonitatis
964 2012 1093 2074 altitudo
1149 2022 1243 2084 quam
1266 2007 1382 2070 Concili
1406 2009 1581 2071 Tridentini
1603 2010 1823 2088 interpretum,
1843 2009 1897 2087 qui

346 2108 514 2171 humilitati
537 2116 659 2170 nostrae
675 2109 870 2171 committere
890 2108 1012 2184 dignata
1035 2111 1092 2178 est,
1150 2098 1495 2177 Synodumltuthenam
1506 2103 1692 2181 praedictam
1701 2103 1898 2184 praevioma·

347 2201 512 2264 salubriter
532 2203 671 2280 exsequi,
696 2203 862 2264 adiuvante
883 2201 1026 2274 Domino,
1048 2199 1093 2260 iu·
1151 2199 1222 2256 turo
1241 2194 1385 2256 examine
1396 2195 1575 2273 plenissime
1589 2197 1808 2276 approbarunt,
1823 2211 1896 2259 con-

347 2295 427 2372 giler
447 2302 632 2374 satagentes,
657 2295 708 2358 illa
730 2313 808 2375 quae
823 2313 838 2356 a
854 2293 1009 2358 catholicis
1031 2293 1093 2354 hn-
1148 2285 1228 2361 silio,
1245 2286 1406 2364 synodum
1429 2288 1605 2352 huiusmodi
1621 2307 1636 2350 a
1652 2291 1731 2354 dicto
1745 2291 1897 2352 moderno

346 2389 493 2450 tistitibus
522 2389 554 2451 in
579 2397 697 2468 partem
726 2387 942 2451 sollicitudinis
970 2392 1093 2450 nostrae
1149 2378 1340 2460 Metropolim
1373 2381 1557 2444 celebratam
1584 2383 1640 2462 (ut
1664 2384 1896 2463 praetenditur)

345 2483 461 2544 vocatis
476 2499 531 2560 pro
546 2481 626 2544 ielici
648 2481 797 2544 dominici
820 2481 924 2558 gregis
938 2480 995 2542 sibi
1011 2494 1094 2542 com-
1150 2473 1315 2552 omniaque
1336 2483 1368 2536 et
1390 2475 1512 2551 singula
1541 2477 1572 2538 in
1594 2477 1628 2538 ed
1655 2477 1735 2538 edita
1763 2483 1894 2550 statuta,

345 2575 431 2636 missi
452 2574 607 2652 regimine
621 2591 654 2636 ac
668 2575 850 2637 christianae
871 2573 1032 2650 religionis
1046 2589 1094 2634 ca·
1149 2566 1357 2628 ordinationes
1379 2577 1410 2630 et
1425 2570 1558 2644 decreta,
1574 2571 1756 2632 auctoritate
1777 2577 1895 2648 aposto-

344 2668 539 2748 tholicaeque
557 2667 627 2730 tidei
649 2668 868 2748 propagatione
883 2677 913 2729 et
928 2683 1092 2746 progressu
1150 2658 1205 2720 lici
1233 2668 1343 2723 tenore
1373 2663 1584 2740 praesentium
1615 2664 1836 2726 confirmamus
1865 2670 1896 2724 et

345 2759 492 2836 prudenti
504 2759 693 2838 providaque
710 2759 824 2837 pictate
842 2757 1007 2820 salubriter
1022 2773 1094 2819 con·
1149 2754 1363 2832 approbamus,
1379 2755 1502 2834 illisque
1517 2755 1702 2818 inviolabilis
1716 2756 1897 2836 apostolicae

344 2851 452 2914 stituta
473 2860 505 2913 et
519 2852 656 2914 ordinata
672 2869 738 2914 esse
753 2859 937 2926 noscuntur,
953 2859 988 2914 ut
1004 2853 1092 2912 firma
1150 2848 1305 2909 firmitatis
1327 2848 1422 2911 robur
1444 2850 1615 2924 adiicimus,
1632 2850 1672 2913 ita
1688 2858 1792 2912 tamen
1813 2850 1896 2928 quod

346 2951 438 3022 atque
469 2945 587 3006 stabilia
608 2945 789 3024 persistant,
812 2946 968 3025 apostolici
991 2946 1093 3008 muni·
1149 2955 1204 3018 per
1225 2948 1363 3003 nostram
1392 2941 1563 3020 praedictae
1589 2943 1707 3022 Synodi
1732 2945 1895 3006 confirma·

345 3037 440 3100 minis
455 3038 550 3099 nostri
567 3038 738 3116 patrocinio
752 3039 885 3100 libenter
898 3038 1090 3100 roboramus.
1150 3035 1268 3098 tionem
1279 3033 1359 3096 nihil
1373 3036 1556 3111 derogatum
1567 3052 1634 3098 esse
1648 3043 1810 3100 censeatur
1823 3051 1895 3098 con·

385 3131 404 3206 ἓ
427 3131 453 3191 l.
479 3131 599 3209 Exponi
620 3131 773 3209 siquidem
791 3131 885 3194 Nobis
907 3148 1007 3210 nuper
1022 3133 1093 3194 lecit
1148 3127 1361 3190 stitutionibus
1382 3128 1594 3190 Romanorum
1609 3130 1795 3192 Pontificum
1809 3145 1895 3208 prae·

345 3224 532 3286 venerabilis
567 3223 662 3286 irater
693 3225 861 3288 modernus
899 3225 1091 3304 lletropolita
1148 3218 1344 3283 decessorum
1358 3229 1539 3284 nostrorum
1554 3228 1586 3283 et
1599 3222 1729 3286 decretis
1744 3222 1894 3286 Concilio-

344 3318 576 3396 Russiae,quod
600 3318 664 3395 ipse
685 3335 748 3381 una
769 3333 840 3381 cum
862 3317 1092 3381 venerabilibus
1149 3329 1218 3374 rum
1252 3313 1444 3389 generalium
1476 3315 1626 3376 emanatis
1659 3330 1753 3393 super
1784 3315 1895 3377 ritibus

344 3411 493 3473 iratribus
504 3410 660 3490 Episcopis
672 3411 822 3474 fluthenis
834 3412 929 3473 unitis
938 3412 996 3474 sub
1007 3427 1092 3490 prae·
1147 3404 1346 3481 Graecorum,
1370 3423 1447 3484 quae
1469 3423 1533 3469 nou
1554 3408 1695 3472 obstante
1716 3408 1895 3472 huiusmodi

344 3503 475 3566 sidentia
489 3503 676 3566 venerabilis
697 3505 812 3582 pariter
826 3505 928 3568 fratris
943 3505 1092 3583 Hierony·
1147 3501 1383 3564 confirmatione
1410 3517 1534 3582 semper
1556 3502 1588 3563 in
1609 3519 1665 3565 suo
1687 3503 1798 3566 robore
1824 3519 1893 3581 per-

344 3598 387 3660 mi
409 3597 636 3676 Archiepiscopi
660 3598 819 3674 Edesseni,
843 3606 918 3662 tunc
940 3599 972 3660 in
994 3615 1092 3676 regno
1148 3609 1276 3656 manere
1297 3594 1438 3670 debeant,
1462 3611 1495 3657 ac
1515 3595 1598 3657 salva
1619 3612 1742 3676 semper
1760 3598 1793 3660 in
1808 3613 1893 3677 prae

344 3689 487 3752 Poloniae
503 3691 588 3754 Sedis
602 3691 794 3770 spostolicae
810 3708 882 3754 cum
897 3692 1091 3755 facultatibus
1147 3689 1246 3750 missis
1268 3689 1450 3751 auctoritate
1471 3689 1757 3767 congregationum
1771 3707 1894 3755 eorum-

344 3781 451 3860 Legati
474 3784 511 3846 de
532 3783 629 3846 latere
649 3782 771 3860 Nuntii,
788 3801 843 3863 pro
858 3784 939 3847 ielici
961 3785 1091 3848 salubri·
1146 3781 1218 3844 dem
1241 3783 1459 3846 cardinalium.

342 3891 403 3954 que
435 3875 548 3939 Christi
577 3875 717 3938 fidelium
746 3877 925 3940 earumdem
954 3879 1089 3957 partium
1185 3879 1205 3953 ὃ
1226 3876 1256 3938 3.
1279 3877 1498 3954 decernentes,
1514 3880 1637 3942 easdem
1652 3886 1828 3959 praesentes
1844 3879 1894 3942 lit·

342 3985 433 4031 curae
457 3986 530 4032 suae
558 3969 699 4048 pastorali
723 3971 959 4034 commissarum
986 3973 1089 4034 invia
1147 3975 1225 4030 teras
1247 3987 1280 4032 ac
1302 3969 1462 4049 Synodum
1489 3973 1521 4033 in
1544 3973 1640 4051 eaque
1665 3973 1744 4036 edita
1765 3980 1890 4048 statuta,

343 4063 559 4125 mandatorum
575 4062 700 4124 Domini
723 4064 893 4126 directione
907 4074 938 4126 et
952 4065 1089 4127 christia·
1146 4063 1355 4126 ordinationes
1377 4071 1408 4126 et
1429 4067 1550 4128 decreta
1572 4067 1749 4129 huiusmodi
1769 4083 1893 4146 semper

341 4171 399 4218 nae
414 4154 485 4216 lldei
500 4173 534 4218 ac
549 4155 707 4232 religionis
722 4159 941 4236 propagatione
952 4159 1088 4236 piorum·
1146 4157 1245 4233 firma,
1273 4158 1370 4220 valida
1393 4167 1424 4220 et
1445 4158 1575 4221 ellicacia
1603 4159 1736 4222 existere
1762 4168 1793 4223 et
1813 4161 1890 4236 lore,

341 4264 402 4327 que
423 4264 554 4328 operum
572 4265 737 4328 progressu
751 4258 782 4312 et
798 4250 993 4313 incremento
1009 4250 1088 4330 Syn·
1144 4267 1277 4330 suosque
1288 4251 1443 4330 plenarios
1458 4258 1489 4314 et
1501 4253 1639 4330 integros
1650 4251 1776 4316 enectus
1786 4253 1892 4316 sortiri

341 4341 435 4406 odum
456 4341 681 4405 Provincialem
700 4343 876 4405 llutbenam
901 4343 934 4406 in
956 4345 1088 4407 civitate
1144 4351 1175 4404 et
1196 4344 1349 4420 obtinere,
1366 4363 1400 4406 ac
1421 4347 1458 4408 ab
1478 4347 1623 4409 omnibus
1644 4353 1675 4407 et
1696 4345 1839 4422 singulis,
1855 4346 1890 4408 ad

341 4435 512 4498 Zamosciae
527 4451 608 4498 anuo
625 4451 769 4498 unccxx.
784 4436 963 4512 celebravit,
975 4437 1087 4500 multa·
1144 4453 1220 4514 quos
1234 4447 1351 4516 spectat
1365 4447 1396 4500 et
1411 4455 1467 4518 pro
1480 4447 1618 4520 tempore
1632 4440 1892 4519 quandocumque

339 4545 400 4606 que
421 4529 453 4590 in
475 4528 526 4591 illa
547 4536 673 4606 statuta,
697 4532 818 4594 decreta
834 4538 864 4592 et
878 4531 1086 4593 ordinationes
1143 4530 1301 4607 spectabit,
1325 4531 1357 4593 in
1382 4533 1526 4594 omnibus
1541 4542 1572 4595 et
1590 4549 1645 4612 per
1663 4532 1768 4594 omnia
1793 4532 1891 4594 invio-

339 4621 443 4686 edidit.
1143 4622 1277 4686 labiliter
1298 4631 1329 4685 et
1350 4624 1532 4689 inconcusse
1554 4626 1722 4701 observari,
1738 4625 1843 4704 sicque
1858 4625 1890 4687 in

377 4717 396 4792 ὃ
417 4719 446 4780 2.
471 4721 551 4782 Cum
572 4725 688 4794 autem,
711 4719 791 4782 sicut
812 4720 920 4782 eadem
935 4719 1085 4799 expositio
1142 4719 1316 4798 praemissis
1332 4734 1386 4798 per
1400 4735 1615 4798 quoscumque
1636 4719 1752 4782 iudices
1770 4719 1890 4782 ordina·

337 4811 555 4890 subiungebat,
585 4811 758 4890 praedictus
780 4813 948 4876 modernus
974 4813 1085 4875 hietro·
1142 4811 1202 4872 rios
1223 4819 1254 4873 et
1276 4811 1443 4888 delegatos,
1460 4812 1553 4874 etiam
1574 4827 1737 4874 causarum
1751 4827 1891 4874 camerae

338 4905 430 4983 polita
451 4905 631 4985 praemissa,
647 4921 708 4984 quo
730 4906 850 4968 firmius
872 4906 1039 4968 subsistant
1054 4913 1085 4967 ct
1141 4903 1322 4984 apostolicae
1336 4906 1501 4981 auditores,
1516 4905 1641 4968 iudicari
1655 4912 1686 4967 et
1701 4905 1823 4968 deliniri
1839 4907 1889 4968 de-

336 5007 503 5062 serventur
518 5000 666 5074 exactius,
679 4999 862 5078 apostolicae
876 4999 1085 5072 condrmatio·
1140 4997 1224 5072 bere,
1241 5015 1274 5060 ac
1288 4999 1414 5060 irritum
1429 5007 1461 5061 et
1476 4999 1568 5062 inane
1583 4999 1609 5060 si
1624 5015 1710 5062 secus
1732 5015 1825 5078 super
1841 4998 1889 5059 his

337 5093 385 5154 nis
408 5100 529 5156 nostrae
550 5093 720 5172 patrocinio
737 5093 925 5156 communiri
947 5109 1084 5156 summo·
1140 5107 1156 5150 a
1180 5107 1336 5170 quoquam
1359 5092 1467 5170 quavis
1488 5093 1670 5154 auctoritate
1691 5093 1824 5156 scienter
1839 5091 1888 5154 vel

336 5197 410 5262 pere
431 5185 595 5260 desideret,
619 5201 674 5246 nos
695 5185 753 5264 piis
773 5184 913 5247 eiusdem
932 5185 1083 5263 lletropo-
1141 5183 1322 5259 ignoranter
1347 5184 1514 5262 contigerit
1535 5185 1693 5247 attentari.
1987 5187 1990 5192 '

337 5277 408 5339 litae
422 5278 502 5340 votis
517 5278 572 5339 hac
587 5279 619 5340 in
635 5295 680 5352 re,
698 5283 850 5358 quantum
865 5293 936 5340 cum
952 5278 1084 5339 Domino
1179 5277 1241 5352 §le
1259 5275 1329 5340 Non
1341 5278 1535 5340 obstantibus
1545 5277 1715 5357 apostolicis
1726 5295 1760 5340 ac
1774 5279 1806 5339 in
1819 5279 1887 5340 uni·

335 5386 516 5450 possumus,
549 5370 758 5433 favorabiliter
789 5385 928 5433 annuere
948 5385 1082 5450 eumque
1139 5371 1310 5433 versalibus
1331 5371 1634 5450 provincialibusque
1645 5379 1677 5434 et
1690 5371 1888 5450 synodalibus

335 5464 515 5543 specialibus
530 5463 687 5527 favoribus
702 5471 733 5526 et
747 5464 853 5541 gratiis
871 5464 1015 5544 prosequi
1030 5481 1081 5525 vo
1139 5463 1285 5528 Conciliis
1307 5465 1397 5527 editis
1419 5465 1616 5541 generalibus
1633 5465 1684 5526 vel
1704 5465 1887 5543 specialibus

336 5556 446 5633 lentes,
466 5565 498 5620 et
519 5575 534 5618 u
556 5557 716 5638 quibusvis
738 5557 1080 5632 excommunicationis,
1138 5556 1388 5620 costitutionibus
1403 5566 1434 5620 et
1445 5557 1701 5634 ordinationibus,
1714 5559 1887 5636 ceterisque

334 5649 545 5730 suspensionis
567 5657 598 5713 et
615 5650 782 5728 interdicti,
795 5649 923 5730 aliisque
943 5649 1081 5712 ecclesia·
1138 5651 1303 5713 contrariis
1324 5651 1581 5730 quibuscumque.

375 5893 405 5950 (l)
421 5895 458 5940 Ex
472 5887 627 5940 collectione
648 5893 755 5942 Laconsi
776 5899 839 5941 Acta
859 5900 884 5940 et
905 5896 1012 5942 Decreta
1026 5899 1080 5942 Suc.
1137 5895 1200 5942 vide
1221 5906 1288 5954 quae
1310 5907 1389 5954 supra
1411 5893 1442 5942 de
1461 5895 1486 5942 h.
1503 5894 1606 5953 synodo
1627 5903 1685 5954 pag.
1701 5893 1741 5938 aad
1754 5891 1886 5942 adnotavi·

336 5965 430 6010 conat.
453 5966 635 6010 recentiorum
656 5964 705 6012 rol.
727 5967 767 6022 lh,
789 5974 846 6022 pag.
869 5967 902 6022 10,
923 5963 1009 6013 collat.
1033 5967 1080 6012 etc.
1136 5974 1202 6012 mus.
