4878 6982
124 542 165 594 ut.
181 528 279 586 curor
1779 515 1836 581 207
1887 519 1985 572 unc.
2007 521 2075 573 1701

977 535 1118 585 ctbubus
1141 535 1184 580 xl.

116 685 173 735 unua
195 681 241 726 sut
266 675 291 720 tn
309 680 511 742 promovere,
540 682 573 727 ac
599 662 730 742 proinde
757 662 875 724 dictum
907 660 1054 722 loannem
1110 657 1232 732 stolicd,
1262 658 1294 719 in
1321 672 1436 734 genere
1462 657 1513 718 vel
1533 656 1566 718 in
1591 655 1708 734 specie,
1738 671 1772 716 ac
1793 661 1857 717 tam

116 728 292 840 ,lgdgfi‘ussssssssfffl
309 767 539 834 procuratorem
562 757 739 834 generalem
761 773 794 818 ac
814 755 941 818 dilectos
962 754 1053 816 etiam
1112 752 1303 814 coniunctim
1330 767 1423 828 quam
1446 749 1587 825 divisim,
1618 757 1670 812 aut
1691 749 1762 810 aliis
1783 764 1859 826 quo-

52 929 53 934 *
116 839 293 946 {iiiiiissssii'ei}
312 849 389 912 lilios
404 848 513 912 iratres
528 849 786 926 Congregationis
797 846 973 910 huiusmodi
989 861 1056 924 spe-
1112 844 1280 907 modolibet
1311 852 1463 916 utuntur,
1497 843 1665 917 fruuntur,
1694 843 1858 921 potiuntur

52 937 54 1016 ξ
116 953 142 998 ru
158 950 292 1012 ,congrega-
310 942 438 1004 cialibus
453 942 610 1003 favoribus
626 950 656 1004 et
671 941 777 1017 gratiis
789 941 932 1018 prosequi
949 938 1055 1000 volen—
1113 947 1144 1001 et
1166 940 1311 1014 gaudent,
1333 953 1367 1000 ac
1388 939 1446 1012 uti,
1462 938 1535 1012 lrui,
1558 938 1649 1015 potiri
1671 945 1703 999 et
1724 937 1857 1012 gaudere

52 1021 53 1096 ἶ
115 1009 179 1052 ”⁰⁰¹⁵
314 1041 368 1108 tes,
392 1041 424 1095 et
445 1050 555 1096 eorum
577 1033 750 1109 singulares
771 1049 916 1110 personas
952 1033 1055 1110 aqui·
1083 1055 1086 1135 p
1113 1037 1243 1110 possunt
1266 1039 1296 1092 et
1318 1037 1467 1108 poterunt
1488 1031 1520 1092 in
1544 1030 1697 1104 luturum,
1716 1031 1750 1092 ad
1772 1044 1859 1107 prae-

310 1128 417 1190 busvis
439 1125 784 1200 excommunicationis,
800 1125 1010 1204 suspensionis
1025 1132 1058 1185 et
1084 1142 1086 1159 ¹
1114 1125 1224 1186 dictam
1253 1124 1533 1200 congregationem
1557 1123 1715 1197 Caritatis,
1738 1129 1769 1184 et
1796 1123 1859 1182 siu·

317 1219 485 1294 interdicti,
502 1219 632 1296 aliisque
653 1217 863 1280 ecclesiasticis
882 1217 1056 1288 sententiis,
1115 1217 1187 1294 gula
1219 1217 1302 1278 itlius
1323 1216 1500 1294 hospitalia,
1533 1216 1639 1278 domos
1660 1224 1691 1277 et
1718 1215 1774 1276 alia
1796 1214 1860 1276 loca

311 1312 451 1375 censuris
472 1319 503 1374 et
528 1310 649 1390 poeuis,
667 1328 682 1372 a
698 1311 767 1372 iure
787 1311 838 1372 rel
859 1311 896 1372 ab
916 1310 1057 1384 bomine,

312 1405 421 1482 quavis
443 1403 603 1465 occasione
620 1403 670 1464 vel
692 1405 780 1464 causa
802 1402 881 1476 latis,
904 1400 1060 1479 siquibus

312 1496 545 1574 quomodolibet
566 1494 729 1557 innodatae
750 1495 899 1570 existunt,
916 1495 952 1555 ad
971 1493 1059 1555 edec-

1115 1309 1281 1386 regularia,
1305 1309 1494 1388 illorumque
1508 1309 1694 1388 superiores,
1711 1307 1860 1386 praelatos

1116 1411 1147 1464 et
1168 1417 1377 1480 quascumque
1397 1400 1555 1477 regulares
1577 1416 1736 1478 personas,
1759 1405 1861 1462 aucto-

1117 1496 1208 1556 ritate
1229 1493 1403 1571 apostolica,
1428 1501 1535 1554 tenore
1558 1493 1778 1571 praesentium,
1794 1509 1862 1570 per-

314 1597 383 1652 tum
396 1587 606 1668 praesentium
621 1589 781 1650 dumtaxat
793 1588 1058 1665 consequendum,
1117 1595 1210 1666 petuo
1232 1586 1440 1658 extendimus,
1465 1586 1579 1663 illaque
1595 1586 1639 1647 eis
1654 1586 1862 1647 communica·

315 1681 425 1742 bamm
451 1679 533 1740 serie
555 1677 749 1740 absolventes
771 1685 801 1739 et
823 1677 975 1739 absolutas
997 1675 1061 1737 lore
1119 1697 1200 1752 mus,
1213 1685 1244 1740 et
1262 1678 1299 1739 de
1315 1695 1397 1740 noro
1412 1680 1623 1748 concedimus,
1646 1694 1679 1740 ac
1700 1677 1862 1754 suliragari

316 1779 490 1846 censentes,
502 1769 775 1849 supplicationibus
790 1769 929 1830 eiusdem
940 1767 1062 1830 loannis
1119 1771 1274 1834 volumus.
1307 1771 1530 1844 decernentes,
1567 1771 1687 1831 easdem
1721 1785 1863 1847 praeseu-

316 1863 522 1944 procuratoris
545 1863 698 1939 generalis
719 1863 846 1924 nomine
861 1863 949 1924 nobis
969 1877 1063 1939 super
1121 1873 1165 1927 tes
1187 1865 1304 1926 litteras
1319 1879 1441 1942 semper
1456 1872 1487 1926 et
1508 1872 1658 1942 perpetuo
1681 1865 1795 1938 firmas,
1813 1881 1864 1926 va-

315 1959 374 2020 boo
395 1957 559 2020 humiliter
579 1957 727 2035 porrectis
749 1955 901 2029 inclinati,
917 1955 955 2016 de
970 1969 1065 2015 vene·
1090 1956 1093 2043 l
1121 1957 1196 2019 lidas
1216 1963 1248 2018 et
1269 1957 1403 2018 ellicaces
1424 1957 1558 2018 existere
1578 1963 1607 2018 et
1629 1956 1706 2030 lore,
1732 1972 1865 2034 suosque

317 2050 462 2114 rabilium
484 2050 616 2112 fratrum
637 2057 815 2112 nostrorum
838 2048 869 2112 S.
887 2048 923 2111 ll.
941 2047 976 2109 ld.
992 2047 1064 2108 Car·
1090 2046 1094 2131 Ι
1120 2051 1275 2129 plenarios
1295 2056 1325 2110 et
1347 2051 1486 2126 integros
1499 2049 1627 2112 euectus
1642 2051 1746 2111 sortiri
1768 2058 1799 2111 et
1813 2049 1866 2110 ob-

318 2144 470 2206 diualium
492 2143 627 2219 negotiis
649 2150 678 2204 et
699 2140 978 2204 consultationibus
993 2138 1065 2216 Epi·
1091 2135 1093 2158 '
1123 2144 1244 2216 tinere,
1276 2159 1310 2204 ac
1336 2143 1418 2216 illis,
1441 2142 1476 2202 ad
1506 2159 1581 2220 quos
1609 2149 1724 2220 spectat
1753 2150 1784 2203 et
1810 2158 1865 2220 pro

318 2251 482 2312 scoporum
518 2245 549 2296 et
580 2234 784 2310 Regularium
819 2233 1063 2312 praepositorum
1091 2192 1094 2294 Ι
1122 2243 1262 2313 tempore
1278 2236 1537 2313 quandocumque
1550 2235 1709 2312 spectabit,
1725 2234 1755 2296 iu
1767 2235 1868 2294 omni-

319 2327 458 2403 cousilio,
475 2337 505 2389 et
520 2329 635 2389 attenti
650 2327 801 2389 relatione
815 2327 916 2388 dilecti
940 2325 1066 2386 filiiuo·
1122 2329 1179 2390 bus
1194 2335 1224 2390 et
1245 2344 1301 2405 per
1321 2328 1423 2389 omnia
1446 2327 1627 2405 plenissime
1648 2327 1819 2404 suflragari,
1836 2336 1866 2388 et

319 2421 375 2482 stri
398 2420 534 2481 Tbcmae
556 2419 668 2482 itariae
689 2418 820 2480 Ferrarii
844 2417 926 2480 tituli
949 2418 979 2482 S.
999 2417 1065 2480 Gle-
1122 2422 1160 2482 ab
1184 2422 1227 2482 eis
1253 2421 1422 2499 respective
1455 2420 1675 2482 inviolabiliter
1696 2421 1866 2495 observari,

321 2514 436 2574 mentis
446 2511 569 2574 eludem
579 2511 610 2574 S.
621 2511 656 2572 ll.
668 2511 884 2589 E.presbyteri
898 2511 1066 2574 cardinalis
1093 2486 1096 2591 i
1122 2515 1227 2592 sicque
1249 2514 1280 2574 iu
1302 2513 1476 2590 praemissis
1506 2530 1560 2590 per
1582 2529 1796 2591 quoscumque
1822 2514 1868 2574 iu-

322 2605 353 2668 S.
367 2604 538 2668 Clementis
553 2605 736 2682 nuncupati,
748 2605 920 2682 praedictae
931 2605 1068 2680 Congre-
1094 2598 1096 2635 ²
1124 2608 1205 2670 dices
1226 2604 1398 2668 ordinarios
1422 2615 1453 2668 et
1474 2605 1644 2682 delegatos,
1675 2606 1768 2668 etiam
1799 2623 1870 2668 cau-

322 2697 455 2774 gationis
467 2697 606 2762 Caritatis
617 2696 696 2776 apud
709 2713 764 2758 nos
775 2705 806 2759 et
817 2696 928 2760 Sedent
941 2698 1067 2774 Aposto·
1095 2642 1097 2743 ἱ
1123 2715 1227 2760 sarum
1250 2699 1352 2776 palatii
1373 2697 1529 2776 apostolici
1551 2697 1716 2772 auditores,
1740 2699 1867 2760 iudicari

323 2791 412 2852 licam
437 2791 635 2869 protectoris,
664 2807 757 2868 super
778 2791 952 2869 praemissis
979 2789 1068 2852 dictis
1095 2780 1097 2833 3
1124 2799 1156 2852 et
1177 2791 1300 2854 deliniri
1322 2793 1446 2866 debere,
1467 2809 1500 2851 ac
1522 2791 1646 2852 irritum
1671 2800 1702 2852 et
1728 2791 1820 2852 inane
1844 2793 1869 2852 si

324 2883 536 2946 Cardiualibus
547 2882 635 2958 iacta,
648 2883 753 2944 omnia
767 2891 798 2945 et
809 2882 931 2958 singula
943 2881 1067 2960 privile
1096 2910 1098 2973 ζ
1124 2900 1211 2946 secus
1231 2899 1325 2962 super
1344 2885 1393 2944 bis
1414 2900 1429 2942 a
1450 2897 1617 2960 quoquam,
1637 2884 1745 2961 quavis
1766 2890 1869 2945 aucto·

324 2977 382 3053 gia,
395 2975 633 3054 praerogativas,
649 2977 871 3048 concessiones,
884 2974 1015 3047 lavares,
1028 2973 1068 3034 la·
1095 2980 1098 3041 l
1125 2976 1226 3050 ritate,
1252 2977 1385 3038 scienter
1410 2976 1460 3038 vel
1486 2976 1676 3052 ignoranter,
1703 2977 1869 3053 contigerit

323 3067 464 3143 cultates,
485 3068 718 3143 declarationes,
736 3068 989 3140 conservatorias,
1013 3068 1069 3126 im·
1096 3092 1099 3150 p
1125 3070 1281 3131 attentari.

324 3161 503 3234 munitates,
516 3162 740 3239 exemptiones,
756 3161 924 3234 libertates,
940 3167 1071 3223 ceteras·
1096 3160 1099 3286 ἰ
1165 3163 1184 3236 5
1205 3161 1233 3222 3.
1256 3162 1401 3236 Quocirca
1416 3161 1643 3224 venerabilibus
1658 3161 1804 3225 iratribus
1820 3163 1872 3224 Pa·
1904 3177 2102 3222 consumuntur

324 3270 385 3332 que
406 3255 529 3330 gratias,
551 3254 810 3330 praeeminentias
832 3261 863 3314 et
877 3253 996 3314 indulta
1018 3267 1069 3314 cu·
1127 3255 1279 3330 triarcbis,
1303 3255 1545 3334 drcbiepiseopis
1559 3255 1767 3334 etllpiscopis,
1791 3257 1873 3318 aliis·
1891 3229 2103 3328 {issffiffiffiissj

324 3347 422 3408 iusvis
433 3346 557 3423 generis
571 3346 747 3420 existentia,
763 3346 932 3424 spiritualia
948 3353 979 3406 et
994 3353 1071 3407 tem·
1097 3318 1099 3392 4
1127 3364 1187 3426 que
1223 3348 1363 3410 locorum
1400 3348 1567 3410 Ordinariis
1602 3349 1870 3428 quibuscumque,
1891 3347 1936 3380 ΓΕΒ·

324 3439 452 3517 poralia,
474 3439 710 3517 qualiacumque
732 3439 782 3500 illa
804 3439 878 3512 sint,
902 3439 1071 3501 dummodo
1127 3455 1249 3502 necnon
1278 3440 1388 3502 dilecto
1410 3440 1474 3501 silio
1500 3457 1662 3503 causarum
1693 3443 1795 3504 euriae
1819 3444 1872 3506 Ca-

326 3540 431 3594 tamen
458 3533 576 3594 sintin
607 3549 665 3594 usu
687 3539 718 3594 et
740 3547 802 3594 uon
826 3533 889 3593 sint
917 3537 1070 3606 revocata,

326 3627 377 3688 vel
398 3626 457 3688 sub
483 3625 638 3703 aliquibus
666 3625 913 3690 revocationibus
934 3640 1072 3702 compre·

327 3721 433 3792 beusa,
455 3735 489 3780 ac
509 3717 602 3780 sacris
623 3717 792 3781 canonibus
806 3725 837 3780 et
853 3717 982 3780 concilii
1006 3716 1072 3778 Tri-

309 3811 448 3874 -dentiui
468 3809 600 3873 decretis
622 3817 675 3872 aut
695 3810 868 3888 apostolicis
879 3809 1072 3872 constitutio·
1100 3830 1102 3851 =

328 3905 420 3967 nibus
437 3910 467 3965 et
488 3901 733 3966 ordinationibus
755 3902 805 3964 vel
827 3903 1005 3964 memoratis
1026 3919 1073 3962 re-

329 3996 487 4074 gularibus
517 3997 614 4058 dictae
646 3995 904 4073 congregationis
933 3995 1074 4059 Caritatis

329 4089 480 4152 institutis
507 4103 570 4150 uon
592 4089 814 4164 adversentur,
839 4089 1000 4166 praedictis
1021 4089 1073 4152 Or-

329 4183 452 4247 dinibus
487 4181 728 4245 bleudicautium
765 4189 796 4243 et
833 4181 1073 4260 congregationi

331 4275 524 4338 Clericorum
545 4275 748 4350 Regularium
763 4274 1006 4336 blinistrautium
1028 4275 1077 4336 ln·

1129 3549 1232 3595 merae
1259 3535 1451 3611 Apostolicae
1477 3535 1616 3610 generali
1643 3535 1795 3610 auditori,
1817 3551 1873 3614 per

1128 3635 1303 3706 praesentes
1314 3627 1539 3689 committimus
1551 3635 1581 3688 et
1592 3629 1787 3704 mandamus,
1800 3643 1873 3706 qua-

1130 3731 1220 3783 tenus
1241 3720 1372 3798 quilibet
1392 3735 1520 3795 eorum,
1544 3736 1668 3799 perse,
1692 3720 1741 3782 vel
1764 3720 1872 3795 alium,

1129 3830 1184 3875 seu
1205 3814 1291 3887 alios,
1306 3820 1483 3891 praesentes
1505 3813 1632 3888 litteras,
1650 3821 1681 3876 et
1696 3814 1728 3875 iu
1744 3814 1786 3874 eis
1801 3829 1874 3875 con-

1131 3915 1216 3969 teuta
1247 3921 1476 3984 quaecumque,
1507 3905 1559 3966 ubi
1586 3913 1616 3968 et
1647 3907 1770 3984 quando
1798 3921 1875 3985 opus

1130 3999 1245 4074 luerit,
1274 4015 1306 4060 ac
1331 4000 1451 4077 quoties
1475 4013 1531 4076 pro
1558 4006 1644 4078 parte
1672 3999 1824 4075 generalis
1845 4007 1876 4059 et

1130 4093 1263 4154 lratrum
1275 4092 1374 4153 dictae
1390 4093 1643 4169 Congregntiouis
1656 4091 1796 4155 Caritatis
1810 4091 1876 4154 lue-

1131 4187 1196 4248 rint
1217 4185 1370 4263 requisiti,
1392 4185 1574 4247 solemniter
1593 4185 1798 4263 publicantes,
1820 4185 1877 4245 eis-

1131 4293 1191 4356 que
1207 4277 1238 4339 in
1261 4277 1434 4355 praemissis
1449 4275 1577 4338 efficacis
1592 4275 1778 4341 defensionis
1793 4291 1878 4354 prae·

330 4368 440 4442 firmis,
462 4383 635 4446 eorumque
656 4367 873 4441 conventibus,
889 4367 1031 4430 domibus
1045 4376 1076 4430 et
1132 4369 1207 4432 sidio
1231 4369 1417 4444 assistentes,
1440 4368 1551 4430 laciant
1572 4367 1753 4431 auctoritate
1774 4369 1878 4430 nostra

330 4459 397 4522 aliis
418 4460 492 4522 locis
512 4459 718 4536 regularibus,
735 4475 768 4521 ac
782 4459 935 4522 Ordiuum
950 4465 981 4521 et
996 4459 1077 4522 Gou-
1133 4463 1256 4524 easdem
1277 4461 1405 4539 plenum
1426 4473 1534 4522 earum
1556 4459 1701 4523 ellectum
1721 4461 1826 4523 sortiri
1847 4467 1878 4522 et

331 4551 520 4630 gregationis
534 4553 711 4615 huiusmodi
735 4552 942 4629 generalibus,
965 4553 1077 4631 praesi-
1133 4554 1287 4629 obtiuere,
1303 4554 1427 4631 illisque
1441 4569 1560 4628 omnes,
1577 4570 1653 4632 quos
1671 4561 1877 4629 concernunt,

331 4646 491 4720 dentibus,
514 4653 545 4706 et
566 4644 727 4722 quibusvis
749 4644 817 4705 aliis
845 4645 1075 4723 superioribus,
1134 4647 1256 4726 pacidce
1278 4647 1341 4708 lrui
1355 4654 1386 4708 et
1407 4649 1555 4723 gaudere,
1579 4663 1641 4710 non
1662 4648 1879 4726 permittentes

331 4738 473 4818 praelatis
494 4743 524 4800 et
556 4738 708 4817 capitulis,
740 4739 841 4822 etiam,
865 4739 1076 4816 generalibus,
1105 4730 1107 4833 l
1134 4755 1323 4818 quemquam
1351 4741 1482 4817 desuper
1504 4747 1611 4802 contra
1638 4740 1764 4804 illarum
1793 4751 1879 4804 teuo

332 4830 585 4910 provincialibus,
608 4847 663 4893 seu
685 4831 891 4906 intermediis,
908 4847 1078 4910 eorumque
1106 4846 1108 4915 ;
1135 4849 1216 4908 rem,
1232 4833 1289 4894 sub
1309 4833 1420 4910 quovis
1442 4839 1602 4911 praetextu
1618 4840 1648 4895 et
1664 4835 1762 4908 causa,
1785 4835 1879 4896 etiam

333 4921 558 4998 definitoribus,
581 4922 748 5001 prioribus,
765 4923 903 4998 novitiis,
920 4922 1077 4998 iratribus,
1106 4948 1109 5009 p
1136 4924 1256 4988 delectu
1278 4924 1462 4988 intentionis
1484 4934 1623 5000 nostrae,
1646 4941 1703 5005 per
1716 4943 1880 5006 quoscum·

333 5015 498 5090 conversis,
521 5016 652 5090 donatis,
674 5023 706 5077 et
727 5016 890 5094 quibusvis
907 5031 1016 5078 eorum
1032 5033 1080 5078 re·
1107 5072 1109 5080 ,
1135 5034 1196 5096 que
1210 5016 1441 5096 quomodolibet
1456 5018 1591 5081 indebite
1606 5019 1774 5094 molestari,
1792 5021 1880 5098 quiu-

334 5109 493 5187 gularibus
506 5109 645 5187 personis
659 5117 722 5172 tam
734 5111 767 5171 in
782 5109 864 5171 Urbe
879 5125 971 5187 quam
986 5109 1080 5172 etiam
1106 5090 1110 5191 i
1136 5111 1218 5184 imo,
1255 5109 1404 5189 quidquid
1436 5111 1468 5172 iu
1505 5111 1696 5174 contrarium
1734 5113 1881 5175 attentari

334 5203 368 5264 iu
390 5203 633 5282 quibuscumque
655 5203 766 5265 muudi
786 5203 924 5282 partibus
945 5203 1080 5265 existen·
1107 5198 1110 5287 l
1136 5204 1187 5266 vel
1208 5204 1275 5265 lieri
1297 5204 1469 5281 contingat,
1485 5204 1614 5267 omuino
1628 5221 1752 5283 semper
1773 5206 1806 5268 in
1820 5207 1883 5285 pri-

336 5295 428 5370 tibus,
452 5302 483 5358 et
503 5293 631 5357 illorum
659 5295 815 5372 instituto,
838 5302 891 5356 aut
912 5295 984 5356 alias
1006 5311 1081 5374 quo·
1108 5296 1110 5355 l
1137 5297 1256 5360 stinum
1278 5297 1403 5375 repoui3
1426 5299 1667 5360 contradictores
1683 5299 1836 5377 quoslibet
1851 5308 1882 5362 et

335 5387 515 5462 modolibet,
532 5403 587 5467 per
601 5403 815 5466 quoscumque
835 5387 990 5450 Romanos
1004 5387 1083 5450 Pou—
1108 5396 1111 5463 !
1138 5390 1269 5452 rebelles
1290 5391 1383 5452 etiam
1405 5407 1460 5469 per
1481 5407 1702 5471 quascumque,
1719 5393 1883 5472 dequibus

337 5481 435 5543 tidces
455 5481 704 5558 praedecessores
725 5488 858 5556 nostros,
879 5496 935 5543 seu
956 5497 1082 5559 pernes
1109 5468 1113 5600 'q
1138 5483 1183 5544 eis
1203 5483 1371 5558 videbitur,
1394 5499 1539 5546 censuras
1559 5491 1591 5546 et
1611 5501 1724 5564 poenas
1745 5485 1882 5548 ecclesia-

337 5581 368 5635 et
388 5589 577 5637 successores
598 5581 731 5648 nostros,
750 5581 804 5635 aut
824 5573 899 5635 alios
919 5575 1083 5648 auctorita·
1110 5601 1111 5604 ¹
1138 5575 1237 5649 sticas,
1260 5583 1290 5636 et
1314 5575 1373 5638 alia
1395 5585 1568 5656 opportuna
1594 5578 1671 5641 iuris
1692 5587 1723 5640 et
1744 5577 1815 5642 lacti
1835 5595 1885 5641 re-

338 5673 403 5728 tem
424 5666 584 5743 babentes,
606 5682 747 5730 concessa
767 5673 841 5729 suut
863 5673 894 5729 et
914 5666 1083 5729 conceden·
1139 5667 1251 5744 media,
1275 5668 1480 5748 appellatione
1494 5671 1669 5749 postposita,
1686 5687 1883 5751 compescen·

338 5769 401 5835 tur,
424 5776 458 5822 ac
478 5761 590 5838 quibus
618 5761 656 5823 de
680 5760 760 5836 iure,
789 5777 848 5822 usu
869 5767 900 5822 et
921 5767 1084 5822 consuetu·
1140 5761 1193 5838 do;
1210 5758 1421 5840 legitimisque
1431 5777 1524 5841 super
1536 5762 1583 5824 bis
1593 5762 1741 5824 habendis
1755 5764 1885 5826 servatis

339 5853 423 5930 dine,
445 5853 496 5916 rel
517 5853 692 5934 privilegio,
715 5869 770 5916 seu
795 5853 994 5916 concessione
1013 5867 1083 5932 apo·
1114 5928 1117 5936 Ι
1140 5853 1342 5932 processibus,
1358 5871 1503 5918 censuras
1524 5863 1556 5917 et
1571 5869 1684 5934 poenas
1699 5856 1778 5936 ipsas
1792 5856 1885 5920 etiam
