<?xml version="1.0" encoding="UTF-8"?>
<!DOCTYPE html PUBLIC "-//W3C//DTD XHTML 1.0 Transitional//EN"
    "http://www.w3.org/TR/xhtml1/DTD/xhtml1-transitional.dtd">
<html xmlns="http://www.w3.org/1999/xhtml" xml:lang="en" lang="en">
 <head>
  <title>
</title>
<meta http-equiv="Content-Type" content="text/html;charset=utf-8" />
  <meta name='ocr-system' content='tesseract 3.04.00' />
  <meta name='ocr-capabilities' content='ocr_page ocr_carea ocr_par ocr_line ocrx_word'/>
</head>
<body>
  <div class='ocr_page' id='page_1' title='image "./iurispontificii04martgoog_0357.png"; bbox 0 0 4836 6998; ppageno 0'>
   <div class='ocr_carea' id='block_1_1' title="bbox 950 607 1251 652">
    <p class='ocr_par' dir='ltr' id='par_1_1' title="bbox 950 607 1251 652">
     <span class='ocr_line' id='line_1_1' title="bbox 950 607 1251 652; baseline 0.01 -3"><span class='ocrx_word' id='word_1_1' title='bbox 950 607 1159 652; x_wconf 68' lang='lat' dir='ltr'>innocencius</span> <span class='ocrx_word' id='word_1_2' title='bbox 1182 607 1251 652; x_wconf 85' lang='lat' dir='ltr'>xltt.</span> 
     </span>
    </p>
   </div>
   <div class='ocr_carea' id='block_1_2' title="bbox 325 725 1078 3954">
    <p class='ocr_par' dir='ltr' id='par_1_2' title="bbox 325 725 1075 2942">
     <span class='ocr_line' id='line_1_2' title="bbox 326 725 1072 804; baseline 0 -16"><span class='ocrx_word' id='word_1_3' title='bbox 326 734 485 804; x_wconf 80' lang='lat' dir='ltr'><strong>gravetur,</strong></span> <span class='ocrx_word' id='word_1_4' title='bbox 498 734 534 789; x_wconf 91' lang='lat' dir='ltr'>ut</span> <span class='ocrx_word' id='word_1_5' title='bbox 555 728 680 788; x_wconf 91' lang='lat' dir='ltr'>nonnisi</span> <span class='ocrx_word' id='word_1_6' title='bbox 702 726 811 788; x_wconf 82' lang='lat' dir='ltr'>iratres</span> <span class='ocrx_word' id='word_1_7' title='bbox 833 725 969 802; x_wconf 87' lang='lat' dir='ltr'>regulari</span> <span class='ocrx_word' id='word_1_8' title='bbox 984 727 1072 789; x_wconf 90' lang='lat' dir='ltr'>disci-</span> 
     </span>
     <span class='ocr_line' id='line_1_3' title="bbox 325 820 1070 899; baseline 0 -19"><span class='ocrx_word' id='word_1_9' title='bbox 325 820 418 898; x_wconf 81' lang='lat' dir='ltr'>plina,</span> <span class='ocrx_word' id='word_1_10' title='bbox 431 821 583 899; x_wconf 74' lang='lat' dir='ltr'>probitate</span> <span class='ocrx_word' id='word_1_11' title='bbox 605 836 731 882; x_wconf 91' lang='lat' dir='ltr'>morum</span> <span class='ocrx_word' id='word_1_12' title='bbox 753 830 783 882; x_wconf 88' lang='lat' dir='ltr'>et</span> <span class='ocrx_word' id='word_1_13' title='bbox 799 820 864 881; x_wconf 87' lang='lat' dir='ltr'>zelo</span> <span class='ocrx_word' id='word_1_14' title='bbox 887 821 1001 896; x_wconf 88' lang='lat' dir='ltr'>gloriae</span> <span class='ocrx_word' id='word_1_15' title='bbox 1016 821 1070 882; x_wconf 87' lang='lat' dir='ltr'>Dei</span> 
     </span>
     <span class='ocr_line' id='line_1_4' title="bbox 325 914 1071 992; baseline 0 -18"><span class='ocrx_word' id='word_1_16' title='bbox 325 915 477 992; x_wconf 88' lang='lat' dir='ltr'>praeditos</span> <span class='ocrx_word' id='word_1_17' title='bbox 499 921 529 976; x_wconf 90' lang='lat' dir='ltr'>et</span> <span class='ocrx_word' id='word_1_18' title='bbox 551 916 586 976; x_wconf 89' lang='lat' dir='ltr'>ad</span> <span class='ocrx_word' id='word_1_19' title='bbox 608 915 785 976; x_wconf 90' lang='lat' dir='ltr'>animarum</span> <span class='ocrx_word' id='word_1_20' title='bbox 805 914 936 976; x_wconf 90' lang='lat' dir='ltr'>salutem</span> <span class='ocrx_word' id='word_1_21' title='bbox 959 914 1071 975; x_wconf 79' lang='lat' dir='ltr'>eximii</span> 
     </span>
     <span class='ocr_line' id='line_1_5' title="bbox 326 1007 1072 1084; baseline -0.001 -15"><span class='ocrx_word' id='word_1_22' title='bbox 326 1008 450 1069; x_wconf 87' lang='lat' dir='ltr'>caritate</span> <span class='ocrx_word' id='word_1_23' title='bbox 461 1023 603 1070; x_wconf 89' lang='lat' dir='ltr'>accensos</span> <span class='ocrx_word' id='word_1_24' title='bbox 615 1007 719 1082; x_wconf 90' lang='lat' dir='ltr'>eligat,</span> <span class='ocrx_word' id='word_1_25' title='bbox 732 1007 848 1084; x_wconf 90' lang='lat' dir='ltr'>quique</span> <span class='ocrx_word' id='word_1_26' title='bbox 862 1007 1072 1084; x_wconf 77' lang='lat' dir='ltr'>philosophiae</span> 
     </span>
     <span class='ocr_line' id='line_1_6' title="bbox 326 1099 1072 1176; baseline 0.001 -17"><span class='ocrx_word' id='word_1_27' title='bbox 326 1117 359 1160; x_wconf 89' lang='lat' dir='ltr'>ac</span> <span class='ocrx_word' id='word_1_28' title='bbox 382 1100 551 1174; x_wconf 87' lang='lat' dir='ltr'>theologiae</span> <span class='ocrx_word' id='word_1_29' title='bbox 577 1102 676 1162; x_wconf 85' lang='lat' dir='ltr'>studia</span> <span class='ocrx_word' id='word_1_30' title='bbox 709 1099 902 1161; x_wconf 88' lang='lat' dir='ltr'>landabiliter</span> <span class='ocrx_word' id='word_1_31' title='bbox 928 1099 1072 1176; x_wconf 85' lang='lat' dir='ltr'>expleve-</span> 
     </span>
     <span class='ocr_line' id='line_1_7' title="bbox 326 1193 1073 1272; baseline -0.004 -17"><span class='ocrx_word' id='word_1_32' title='bbox 326 1195 404 1256; x_wconf 91' lang='lat' dir='ltr'>rint:</span> <span class='ocrx_word' id='word_1_33' title='bbox 429 1202 527 1272; x_wconf 91' lang='lat' dir='ltr'>utque</span> <span class='ocrx_word' id='word_1_34' title='bbox 543 1194 674 1256; x_wconf 88' lang='lat' dir='ltr'>validius</span> <span class='ocrx_word' id='word_1_35' title='bbox 688 1193 806 1254; x_wconf 89' lang='lat' dir='ltr'>labores</span> <span class='ocrx_word' id='word_1_36' title='bbox 821 1193 1007 1255; x_wconf 82' lang='lat' dir='ltr'>missionum</span> <span class='ocrx_word' id='word_1_37' title='bbox 1022 1210 1073 1254; x_wconf 89' lang='lat' dir='ltr'>su-</span> 
     </span>
     <span class='ocr_line' id='line_1_8' title="bbox 325 1286 1071 1365; baseline -0.003 -17"><span class='ocrx_word' id='word_1_38' title='bbox 325 1288 444 1349; x_wconf 88' lang='lat' dir='ltr'>stinere</span> <span class='ocrx_word' id='word_1_39' title='bbox 467 1287 600 1365; x_wconf 76' lang='lat' dir='ltr'>possint,</span> <span class='ocrx_word' id='word_1_40' title='bbox 623 1303 686 1348; x_wconf 90' lang='lat' dir='ltr'>non</span> <span class='ocrx_word' id='word_1_41' title='bbox 708 1287 843 1347; x_wconf 87' lang='lat' dir='ltr'>minores</span> <span class='ocrx_word' id='word_1_42' title='bbox 868 1290 930 1348; x_wconf 89' lang='lat' dir='ltr'>sint</span> <span class='ocrx_word' id='word_1_43' title='bbox 959 1286 1071 1361; x_wconf 85' lang='lat' dir='ltr'>viginti</span> 
     </span>
     <span class='ocr_line' id='line_1_9' title="bbox 327 1377 1073 1460; baseline -0.008 -16"><span class='ocrx_word' id='word_1_44' title='bbox 327 1391 458 1460; x_wconf 91' lang='lat' dir='ltr'>quatuor</span> <span class='ocrx_word' id='word_1_45' title='bbox 479 1383 568 1442; x_wconf 91' lang='lat' dir='ltr'>annis</span> <span class='ocrx_word' id='word_1_46' title='bbox 590 1397 646 1442; x_wconf 90' lang='lat' dir='ltr'>nec</span> <span class='ocrx_word' id='word_1_47' title='bbox 668 1381 799 1441; x_wconf 86' lang='lat' dir='ltr'>maiores</span> <span class='ocrx_word' id='word_1_48' title='bbox 828 1379 956 1456; x_wconf 85' lang='lat' dir='ltr'>triginta</span> <span class='ocrx_word' id='word_1_49' title='bbox 983 1377 1073 1456; x_wconf 92' lang='lat' dir='ltr'>qnin-</span> 
     </span>
     <span class='ocr_line' id='line_1_10' title="bbox 327 1473 1072 1554; baseline -0.007 -17"><span class='ocrx_word' id='word_1_50' title='bbox 327 1493 400 1554; x_wconf 92' lang='lat' dir='ltr'>que,</span> <span class='ocrx_word' id='word_1_51' title='bbox 422 1493 455 1535; x_wconf 88' lang='lat' dir='ltr'>oc</span> <span class='ocrx_word' id='word_1_52' title='bbox 477 1475 600 1536; x_wconf 78' lang='lat' dir='ltr'>robusta</span> <span class='ocrx_word' id='word_1_53' title='bbox 631 1475 767 1550; x_wconf 87' lang='lat' dir='ltr'>corporis</span> <span class='ocrx_word' id='word_1_54' title='bbox 795 1473 974 1534; x_wconf 90' lang='lat' dir='ltr'>valetudine</span> <span class='ocrx_word' id='word_1_55' title='bbox 1000 1487 1072 1546; x_wconf 90' lang='lat' dir='ltr'>gau-</span> 
     </span>
     <span class='ocr_line' id='line_1_11' title="bbox 327 1564 1072 1643; baseline -0.009 -13"><span class='ocrx_word' id='word_1_56' title='bbox 327 1569 418 1630; x_wconf 88' lang='lat' dir='ltr'>deant</span> <span class='ocrx_word' id='word_1_57' title='bbox 440 1567 475 1627; x_wconf 88' lang='lat' dir='ltr'>ad</span> <span class='ocrx_word' id='word_1_58' title='bbox 498 1569 613 1643; x_wconf 87' lang='lat' dir='ltr'>iugiter</span> <span class='ocrx_word' id='word_1_59' title='bbox 635 1566 835 1628; x_wconf 74' lang='lat' dir='ltr'>laborantium</span> <span class='ocrx_word' id='word_1_60' title='bbox 859 1567 890 1626; x_wconf 95' lang='lat' dir='ltr'>in</span> <span class='ocrx_word' id='word_1_61' title='bbox 913 1564 1072 1625; x_wconf 74' lang='lat' dir='ltr'>vinealia-</span> 
     </span>
     <span class='ocr_line' id='line_1_12' title="bbox 326 1656 1073 1738; baseline -0.009 -16"><span class='ocrx_word' id='word_1_62' title='bbox 326 1660 416 1722; x_wconf 89' lang='lat' dir='ltr'>mini.</span> <span class='ocrx_word' id='word_1_63' title='bbox 440 1661 505 1734; x_wconf 84' lang='lat' dir='ltr'>Quo</span> <span class='ocrx_word' id='word_1_64' title='bbox 527 1659 795 1738; x_wconf 89' lang='lat' dir='ltr'>veroapostolicns</span> <span class='ocrx_word' id='word_1_65' title='bbox 816 1657 999 1718; x_wconf 90' lang='lat' dir='ltr'>missionum</span> <span class='ocrx_word' id='word_1_66' title='bbox 1014 1656 1073 1734; x_wconf 92' lang='lat' dir='ltr'>spi-</span> 
     </span>
     <span class='ocr_line' id='line_1_13' title="bbox 326 1748 1074 1830; baseline -0.009 -15"><span class='ocrx_word' id='word_1_67' title='bbox 326 1755 406 1815; x_wconf 91' lang='lat' dir='ltr'>ritns</span> <span class='ocrx_word' id='word_1_68' title='bbox 427 1767 481 1830; x_wconf 92' lang='lat' dir='ltr'>per</span> <span class='ocrx_word' id='word_1_69' title='bbox 502 1759 602 1814; x_wconf 91' lang='lat' dir='ltr'>totum</span> <span class='ocrx_word' id='word_1_70' title='bbox 613 1751 784 1830; x_wconf 86' lang='lat' dir='ltr'>praelatum</span> <span class='ocrx_word' id='word_1_71' title='bbox 799 1750 946 1814; x_wconf 82' lang='lat' dir='ltr'>Ordinem</span> <span class='ocrx_word' id='word_1_72' title='bbox 961 1748 1074 1810; x_wconf 86' lang='lat' dir='ltr'>dilian-</span> 
     </span>
     <span class='ocr_line' id='line_1_14' title="bbox 327 1841 1073 1921; baseline -0.005 -15"><span class='ocrx_word' id='word_1_73' title='bbox 327 1845 435 1916; x_wconf 86' lang='lat' dir='ltr'>datur,</span> <span class='ocrx_word' id='word_1_74' title='bbox 464 1843 547 1904; x_wconf 91' lang='lat' dir='ltr'>idem</span> <span class='ocrx_word' id='word_1_75' title='bbox 569 1847 655 1921; x_wconf 90' lang='lat' dir='ltr'>pater</span> <span class='ocrx_word' id='word_1_76' title='bbox 684 1841 837 1917; x_wconf 87' lang='lat' dir='ltr'>generalis</span> <span class='ocrx_word' id='word_1_77' title='bbox 862 1857 900 1902; x_wconf 83' lang='lat' dir='ltr'>ev</span> <span class='ocrx_word' id='word_1_78' title='bbox 929 1841 1073 1902; x_wconf 90' lang='lat' dir='ltr'>omnibns</span> 
     </span>
     <span class='ocr_line' id='line_1_15' title="bbox 327 1933 1073 2016; baseline -0.005 -18"><span class='ocrx_word' id='word_1_79' title='bbox 327 1937 496 2016; x_wconf 87' lang='lat' dir='ltr'>provinciis</span> <span class='ocrx_word' id='word_1_80' title='bbox 505 1944 536 1996; x_wconf 91' lang='lat' dir='ltr'>et</span> <span class='ocrx_word' id='word_1_81' title='bbox 551 1933 739 2010; x_wconf 89' lang='lat' dir='ltr'>nationibus,</span> <span class='ocrx_word' id='word_1_82' title='bbox 752 1951 831 2012; x_wconf 89' lang='lat' dir='ltr'>qnae</span> <span class='ocrx_word' id='word_1_83' title='bbox 841 1933 983 1995; x_wconf 88' lang='lat' dir='ltr'>eamdem</span> <span class='ocrx_word' id='word_1_84' title='bbox 995 1935 1073 1996; x_wconf 86' lang='lat' dir='ltr'>Con-</span> 
     </span>
     <span class='ocr_line' id='line_1_16' title="bbox 328 2027 1075 2108; baseline -0.003 -18"><span class='ocrx_word' id='word_1_85' title='bbox 328 2030 540 2106; x_wconf 88' lang='lat' dir='ltr'>gregationem</span> <span class='ocrx_word' id='word_1_86' title='bbox 555 2035 758 2105; x_wconf 88' lang='lat' dir='ltr'>componunt,</span> <span class='ocrx_word' id='word_1_87' title='bbox 775 2041 915 2105; x_wconf 88' lang='lat' dir='ltr'>quaeque</span> <span class='ocrx_word' id='word_1_88' title='bbox 934 2028 989 2108; x_wconf 93' lang='lat' dir='ltr'>ipsi</span> <span class='ocrx_word' id='word_1_89' title='bbox 1005 2027 1075 2088; x_wconf 89' lang='lat' dir='ltr'>ohe·</span> 
     </span>
     <span class='ocr_line' id='line_1_17' title="bbox 329 2121 1072 2198; baseline -0.005 -14"><span class='ocrx_word' id='word_1_90' title='bbox 329 2123 436 2198; x_wconf 86' lang='lat' dir='ltr'>diunt,</span> <span class='ocrx_word' id='word_1_91' title='bbox 469 2137 565 2184; x_wconf 90' lang='lat' dir='ltr'>novos</span> <span class='ocrx_word' id='word_1_92' title='bbox 595 2121 756 2182; x_wconf 83' lang='lat' dir='ltr'>studentes</span> <span class='ocrx_word' id='word_1_93' title='bbox 783 2135 940 2181; x_wconf 87' lang='lat' dir='ltr'>accersere</span> <span class='ocrx_word' id='word_1_94' title='bbox 968 2127 1072 2194; x_wconf 90' lang='lat' dir='ltr'>curet,</span> 
     </span>
     <span class='ocr_line' id='line_1_18' title="bbox 329 2213 1073 2292; baseline -0.007 -14"><span class='ocrx_word' id='word_1_95' title='bbox 329 2214 497 2278; x_wconf 90' lang='lat' dir='ltr'>dnmmodo</span> <span class='ocrx_word' id='word_1_96' title='bbox 525 2213 687 2292; x_wconf 89' lang='lat' dir='ltr'>praedictis</span> <span class='ocrx_word' id='word_1_97' title='bbox 715 2213 913 2290; x_wconf 88' lang='lat' dir='ltr'>qualitatihus</span> <span class='ocrx_word' id='word_1_98' title='bbox 944 2213 1073 2291; x_wconf 89' lang='lat' dir='ltr'>praediti</span> 
     </span>
     <span class='ocr_line' id='line_1_19' title="bbox 328 2306 1073 2384; baseline -0.003 -16"><span class='ocrx_word' id='word_1_99' title='bbox 328 2308 404 2369; x_wconf 90' lang='lat' dir='ltr'>sint:</span> <span class='ocrx_word' id='word_1_100' title='bbox 429 2313 616 2383; x_wconf 88' lang='lat' dir='ltr'>moneatque</span> <span class='ocrx_word' id='word_1_101' title='bbox 638 2307 765 2384; x_wconf 86' lang='lat' dir='ltr'>insuper</span> <span class='ocrx_word' id='word_1_102' title='bbox 787 2306 1001 2384; x_wconf 83' lang='lat' dir='ltr'>provinciales,</span> <span class='ocrx_word' id='word_1_103' title='bbox 1024 2323 1073 2366; x_wconf 90' lang='lat' dir='ltr'>sn-</span> 
     </span>
     <span class='ocr_line' id='line_1_20' title="bbox 328 2399 1072 2479; baseline -0.004 -17"><span class='ocrx_word' id='word_1_104' title='bbox 328 2401 476 2479; x_wconf 77' lang='lat' dir='ltr'>periotes,</span> <span class='ocrx_word' id='word_1_105' title='bbox 499 2399 672 2478; x_wconf 88' lang='lat' dir='ltr'>aliosqnesi</span> <span class='ocrx_word' id='word_1_106' title='bbox 689 2415 765 2476; x_wconf 88' lang='lat' dir='ltr'>opus</span> <span class='ocrx_word' id='word_1_107' title='bbox 786 2399 880 2460; x_wconf 85' lang='lat' dir='ltr'>iarerit</span> <span class='ocrx_word' id='word_1_108' title='bbox 902 2399 1072 2474; x_wconf 87' lang='lat' dir='ltr'>religiosos,</span> 
     </span>
     <span class='ocr_line' id='line_1_21' title="bbox 330 2492 1073 2566; baseline -0.005 -10"><span class='ocrx_word' id='word_1_109' title='bbox 330 2511 370 2556; x_wconf 92' lang='lat' dir='ltr'>ne</span> <span class='ocrx_word' id='word_1_110' title='bbox 393 2497 534 2556; x_wconf 88' lang='lat' dir='ltr'>accedere</span> <span class='ocrx_word' id='word_1_111' title='bbox 545 2493 686 2554; x_wconf 88' lang='lat' dir='ltr'>volentes</span> <span class='ocrx_word' id='word_1_112' title='bbox 707 2492 772 2554; x_wconf 93' lang='lat' dir='ltr'>ullo</span> <span class='ocrx_word' id='word_1_113' title='bbox 795 2494 885 2554; x_wconf 89' lang='lat' dir='ltr'>modo</span> <span class='ocrx_word' id='word_1_114' title='bbox 901 2494 1073 2566; x_wconf 81' lang='lat' dir='ltr'>retrahant,</span> 
     </span>
     <span class='ocr_line' id='line_1_22' title="bbox 329 2585 1074 2649; baseline -0.003 -1"><span class='ocrx_word' id='word_1_115' title='bbox 329 2593 359 2648; x_wconf 91' lang='lat' dir='ltr'>et</span> <span class='ocrx_word' id='word_1_116' title='bbox 380 2594 486 2649; x_wconf 88' lang='lat' dir='ltr'>contra</span> <span class='ocrx_word' id='word_1_117' title='bbox 519 2587 592 2648; x_wconf 89' lang='lat' dir='ltr'>tales</span> <span class='ocrx_word' id='word_1_118' title='bbox 613 2586 824 2648; x_wconf 86' lang='lat' dir='ltr'>dissuadentes</span> <span class='ocrx_word' id='word_1_119' title='bbox 845 2594 875 2646; x_wconf 88' lang='lat' dir='ltr'>et</span> <span class='ocrx_word' id='word_1_120' title='bbox 898 2585 976 2646; x_wconf 92' lang='lat' dir='ltr'>male</span> <span class='ocrx_word' id='word_1_121' title='bbox 1003 2602 1074 2648; x_wconf 91' lang='lat' dir='ltr'>con-</span> 
     </span>
     <span class='ocr_line' id='line_1_23' title="bbox 328 2678 1074 2758; baseline -0.005 -16"><span class='ocrx_word' id='word_1_122' title='bbox 328 2681 481 2755; x_wconf 87' lang='lat' dir='ltr'>sulentes,</span> <span class='ocrx_word' id='word_1_123' title='bbox 511 2695 622 2758; x_wconf 90' lang='lat' dir='ltr'>poenas</span> <span class='ocrx_word' id='word_1_124' title='bbox 651 2680 862 2740; x_wconf 87' lang='lat' dir='ltr'>comminetur</span> <span class='ocrx_word' id='word_1_125' title='bbox 892 2678 1074 2756; x_wconf 88' lang='lat' dir='ltr'>privationis</span> 
     </span>
     <span class='ocr_line' id='line_1_24' title="bbox 329 2771 1074 2851; baseline -0.003 -18"><span class='ocrx_word' id='word_1_126' title='bbox 329 2774 446 2835; x_wconf 87' lang='lat' dir='ltr'>activae</span> <span class='ocrx_word' id='word_1_127' title='bbox 466 2781 497 2834; x_wconf 90' lang='lat' dir='ltr'>et</span> <span class='ocrx_word' id='word_1_128' title='bbox 517 2773 654 2851; x_wconf 84' lang='lat' dir='ltr'>passivae</span> <span class='ocrx_word' id='word_1_129' title='bbox 675 2773 770 2846; x_wconf 85' lang='lat' dir='ltr'>vocis,</span> <span class='ocrx_word' id='word_1_130' title='bbox 794 2771 928 2849; x_wconf 88' lang='lat' dir='ltr'>aliasque</span> <span class='ocrx_word' id='word_1_131' title='bbox 949 2772 1074 2834; x_wconf 88' lang='lat' dir='ltr'>arbitrio</span> 
     </span>
     <span class='ocr_line' id='line_1_25' title="bbox 330 2867 652 2942; baseline -0.019 -12"><span class='ocrx_word' id='word_1_132' title='bbox 330 2867 362 2930; x_wconf 88' lang='lat' dir='ltr'>S.</span> <span class='ocrx_word' id='word_1_133' title='bbox 386 2867 652 2942; x_wconf 81' lang='lat' dir='ltr'>congregationis.</span> 
     </span>
    </p>

    <p class='ocr_par' dir='ltr' id='par_1_3' title="bbox 330 2957 1078 3954">
     <span class='ocr_line' id='line_1_26' title="bbox 371 2957 1077 3037; baseline -0.003 -17"><span class='ocrx_word' id='word_1_134' title='bbox 371 2977 418 3020; x_wconf 84' lang='lat' dir='ltr'>rvr.</span> <span class='ocrx_word' id='word_1_135' title='bbox 436 2959 471 3020; x_wconf 95' lang='lat' dir='ltr'>ln</span> <span class='ocrx_word' id='word_1_136' title='bbox 487 2959 549 3036; x_wconf 90' lang='lat' dir='ltr'>ipso</span> <span class='ocrx_word' id='word_1_137' title='bbox 565 2959 707 3034; x_wconf 89' lang='lat' dir='ltr'>ingressu</span> <span class='ocrx_word' id='word_1_138' title='bbox 722 2957 838 3034; x_wconf 82' lang='lat' dir='ltr'>singuli</span> <span class='ocrx_word' id='word_1_139' title='bbox 854 2957 1000 3020; x_wconf 82' lang='lat' dir='ltr'>exercitia</span> <span class='ocrx_word' id='word_1_140' title='bbox 1016 2959 1077 3037; x_wconf 90' lang='lat' dir='ltr'>spi-</span> 
     </span>
     <span class='ocr_line' id='line_1_27' title="bbox 330 3049 1075 3130; baseline -0.005 -15"><span class='ocrx_word' id='word_1_141' title='bbox 330 3051 452 3115; x_wconf 90' lang='lat' dir='ltr'>ritualia</span> <span class='ocrx_word' id='word_1_142' title='bbox 467 3059 615 3130; x_wconf 89' lang='lat' dir='ltr'>peragant</span> <span class='ocrx_word' id='word_1_143' title='bbox 630 3066 684 3130; x_wconf 92' lang='lat' dir='ltr'>per</span> <span class='ocrx_word' id='word_1_144' title='bbox 695 3051 802 3112; x_wconf 90' lang='lat' dir='ltr'>decem</span> <span class='ocrx_word' id='word_1_145' title='bbox 817 3059 870 3112; x_wconf 88' lang='lat' dir='ltr'>aut</span> <span class='ocrx_word' id='word_1_146' title='bbox 884 3049 993 3112; x_wconf 90' lang='lat' dir='ltr'>saltem</span> <span class='ocrx_word' id='word_1_147' title='bbox 1009 3059 1075 3112; x_wconf 90' lang='lat' dir='ltr'>octo</span> 
     </span>
     <span class='ocr_line' id='line_1_28' title="bbox 331 3143 1076 3222; baseline -0.004 -14"><span class='ocrx_word' id='word_1_148' title='bbox 331 3147 407 3220; x_wconf 89' lang='lat' dir='ltr'>dies,</span> <span class='ocrx_word' id='word_1_149' title='bbox 430 3161 501 3206; x_wconf 92' lang='lat' dir='ltr'>cum</span> <span class='ocrx_word' id='word_1_150' title='bbox 522 3161 616 3205; x_wconf 92' lang='lat' dir='ltr'>omne</span> <span class='ocrx_word' id='word_1_151' title='bbox 637 3143 743 3205; x_wconf 90' lang='lat' dir='ltr'>datum</span> <span class='ocrx_word' id='word_1_152' title='bbox 765 3145 918 3222; x_wconf 91' lang='lat' dir='ltr'>optimam</span> <span class='ocrx_word' id='word_1_153' title='bbox 937 3153 968 3206; x_wconf 88' lang='lat' dir='ltr'>et</span> <span class='ocrx_word' id='word_1_154' title='bbox 983 3161 1076 3205; x_wconf 90' lang='lat' dir='ltr'>omne</span> 
     </span>
     <span class='ocr_line' id='line_1_29' title="bbox 331 3237 1076 3316; baseline -0.004 -15"><span class='ocrx_word' id='word_1_155' title='bbox 331 3241 448 3303; x_wconf 92' lang='lat' dir='ltr'>donum</span> <span class='ocrx_word' id='word_1_156' title='bbox 471 3237 643 3316; x_wconf 85' lang='lat' dir='ltr'>perlectum</span> <span class='ocrx_word' id='word_1_157' title='bbox 656 3238 819 3298; x_wconf 88' lang='lat' dir='ltr'>desursum</span> <span class='ocrx_word' id='word_1_158' title='bbox 834 3239 874 3298; x_wconf 90' lang='lat' dir='ltr'>sit</span> <span class='ocrx_word' id='word_1_159' title='bbox 889 3237 1076 3299; x_wconf 91' lang='lat' dir='ltr'>descendens</span> 
     </span>
     <span class='ocr_line' id='line_1_30' title="bbox 331 3331 1076 3407; baseline -0.003 -13"><span class='ocrx_word' id='word_1_160' title='bbox 331 3351 347 3394; x_wconf 86' lang='lat' dir='ltr'>a</span> <span class='ocrx_word' id='word_1_161' title='bbox 368 3334 456 3395; x_wconf 87' lang='lat' dir='ltr'>Patre</span> <span class='ocrx_word' id='word_1_162' title='bbox 479 3332 652 3407; x_wconf 74' lang='lat' dir='ltr'>luminum,</span> <span class='ocrx_word' id='word_1_163' title='bbox 676 3339 707 3392; x_wconf 92' lang='lat' dir='ltr'>et</span> <span class='ocrx_word' id='word_1_164' title='bbox 722 3332 834 3392; x_wconf 89' lang='lat' dir='ltr'>deinde</span> <span class='ocrx_word' id='word_1_165' title='bbox 850 3331 1026 3392; x_wconf 89' lang='lat' dir='ltr'>immediate</span> <span class='ocrx_word' id='word_1_166' title='bbox 1043 3333 1076 3392; x_wconf 95' lang='lat' dir='ltr'>in</span> 
     </span>
     <span class='ocr_line' id='line_1_31' title="bbox 331 3423 1074 3504; baseline -0.004 -15"><span class='ocrx_word' id='word_1_167' title='bbox 331 3428 473 3490; x_wconf 86' lang='lat' dir='ltr'>manibus</span> <span class='ocrx_word' id='word_1_168' title='bbox 495 3425 589 3504; x_wconf 90' lang='lat' dir='ltr'>patris</span> <span class='ocrx_word' id='word_1_169' title='bbox 611 3423 762 3500; x_wconf 89' lang='lat' dir='ltr'>generalis</span> <span class='ocrx_word' id='word_1_170' title='bbox 783 3431 853 3498; x_wconf 89' lang='lat' dir='ltr'>aut,</span> <span class='ocrx_word' id='word_1_171' title='bbox 877 3441 913 3486; x_wconf 92' lang='lat' dir='ltr'>eo</span> <span class='ocrx_word' id='word_1_172' title='bbox 933 3425 1074 3500; x_wconf 89' lang='lat' dir='ltr'>absente,</span> 
     </span>
     <span class='ocr_line' id='line_1_32' title="bbox 331 3516 1077 3600; baseline -0.001 -19"><span class='ocrx_word' id='word_1_173' title='bbox 331 3521 425 3600; x_wconf 90' lang='lat' dir='ltr'>ipsius</span> <span class='ocrx_word' id='word_1_174' title='bbox 453 3517 653 3580; x_wconf 88' lang='lat' dir='ltr'>commissarii</span> <span class='ocrx_word' id='word_1_175' title='bbox 683 3516 733 3579; x_wconf 92' lang='lat' dir='ltr'>vel</span> <span class='ocrx_word' id='word_1_176' title='bbox 755 3517 882 3580; x_wconf 91' lang='lat' dir='ltr'>alterius</span> <span class='ocrx_word' id='word_1_177' title='bbox 910 3517 1004 3580; x_wconf 91' lang='lat' dir='ltr'>abeo</span> <span class='ocrx_word' id='word_1_178' title='bbox 1026 3519 1077 3580; x_wconf 91' lang='lat' dir='ltr'>de-</span> 
     </span>
     <span class='ocr_line' id='line_1_33' title="bbox 330 3609 1075 3692; baseline -0.005 -16"><span class='ocrx_word' id='word_1_179' title='bbox 330 3609 476 3692; x_wconf 83' lang='lat' dir='ltr'>putandi,</span> <span class='ocrx_word' id='word_1_180' title='bbox 505 3612 715 3674; x_wconf 85' lang='lat' dir='ltr'>iuramentum</span> <span class='ocrx_word' id='word_1_181' title='bbox 738 3611 822 3672; x_wconf 79' lang='lat' dir='ltr'>iaxta</span> <span class='ocrx_word' id='word_1_182' title='bbox 851 3610 1075 3690; x_wconf 77' lang='lat' dir='ltr'>infrascriptam</span> 
     </span>
     <span class='ocr_line' id='line_1_34' title="bbox 331 3703 1077 3783; baseline -0.003 -15"><span class='ocrx_word' id='word_1_183' title='bbox 331 3705 498 3768; x_wconf 85' lang='lat' dir='ltr'>turmulam</span> <span class='ocrx_word' id='word_1_184' title='bbox 524 3711 699 3782; x_wconf 89' lang='lat' dir='ltr'>praestent,</span> <span class='ocrx_word' id='word_1_185' title='bbox 723 3703 862 3783; x_wconf 92' lang='lat' dir='ltr'>illudque</span> <span class='ocrx_word' id='word_1_186' title='bbox 883 3706 919 3767; x_wconf 87' lang='lat' dir='ltr'>ad</span> <span class='ocrx_word' id='word_1_187' title='bbox 942 3705 973 3768; x_wconf 88' lang='lat' dir='ltr'>S.</span> <span class='ocrx_word' id='word_1_188' title='bbox 998 3705 1077 3768; x_wconf 84' lang='lat' dir='ltr'>Gon-</span> 
     </span>
     <span class='ocr_line' id='line_1_35' title="bbox 332 3799 1078 3876; baseline 0 -16"><span class='ocrx_word' id='word_1_189' title='bbox 332 3799 544 3876; x_wconf 86' lang='lat' dir='ltr'>gregationem</span> <span class='ocrx_word' id='word_1_190' title='bbox 565 3799 806 3860; x_wconf 87' lang='lat' dir='ltr'>transmittatur.</span> <span class='ocrx_word' id='word_1_191' title='bbox 829 3799 974 3860; x_wconf 82' lang='lat' dir='ltr'>Formula</span> <span class='ocrx_word' id='word_1_192' title='bbox 995 3799 1078 3860; x_wconf 92' lang='lat' dir='ltr'>iura-</span> 
     </span>
     <span class='ocr_line' id='line_1_36' title="bbox 332 3890 604 3954; baseline -0.011 0"><span class='ocrx_word' id='word_1_193' title='bbox 332 3891 431 3954; x_wconf 89' lang='lat' dir='ltr'>menti</span> <span class='ocrx_word' id='word_1_194' title='bbox 453 3890 520 3953; x_wconf 89' lang='lat' dir='ltr'>talis</span> <span class='ocrx_word' id='word_1_195' title='bbox 541 3897 604 3952; x_wconf 89' lang='lat' dir='ltr'>est:</span> 
     </span>
    </p>
   </div>
   <div class='ocr_carea' id='block_1_3' title="bbox 332 4052 1079 4716">
    <p class='ocr_par' dir='ltr' id='par_1_4' title="bbox 332 4052 1079 4716">
     <span class='ocr_line' id='line_1_37' title="bbox 374 4052 1078 4158; baseline -0.003 -16"><span class='ocrx_word' id='word_1_196' title='bbox 374 4078 439 4158; x_wconf 76' lang='lat' dir='ltr'>Eoo</span> <span class='ocrx_word' id='word_1_197' title='bbox 460 4080 504 4158; x_wconf 77' lang='lat' dir='ltr'>[r.</span> <span class='ocrx_word' id='word_1_198' title='bbox 529 4075 567 4140; x_wconf 88' lang='grc' dir='ltr'>Ν.</span> <span class='ocrx_word' id='word_1_199' title='bbox 591 4052 753 4158; x_wconf 69' lang='lat' dir='ltr'>professus</span> <span class='ocrx_word' id='word_1_200' title='bbox 776 4078 811 4138; x_wconf 88' lang='lat' dir='ltr'>iu</span> <span class='ocrx_word' id='word_1_201' title='bbox 834 4085 991 4140; x_wconf 88' lang='lat' dir='ltr'>concentu</span> <span class='ocrx_word' id='word_1_202' title='bbox 1006 4094 1078 4157; x_wconf 88' lang='lat' dir='ltr'>pro-</span> 
     </span>
     <span class='ocr_line' id='line_1_38' title="bbox 332 4169 1076 4235; baseline -0.004 0"><span class='ocrx_word' id='word_1_203' title='bbox 332 4173 460 4235; x_wconf 85' lang='lat' dir='ltr'>uinciae</span> <span class='ocrx_word' id='word_1_204' title='bbox 487 4171 526 4234; x_wconf 89' lang='lat' dir='ltr'>N.</span> <span class='ocrx_word' id='word_1_205' title='bbox 555 4169 685 4232; x_wconf 81' lang='lat' dir='ltr'>Ordinis</span> <span class='ocrx_word' id='word_1_206' title='bbox 714 4171 1076 4234; x_wconf 71' lang='lat' dir='ltr'>analemmatorum</span> 
     </span>
     <span class='ocr_line' id='line_1_39' title="bbox 334 4262 1079 4342; baseline -0.005 -14"><span class='ocrx_word' id='word_1_207' title='bbox 334 4265 441 4328; x_wconf 68' lang='lat' dir='ltr'>Setiae</span> <span class='ocrx_word' id='word_1_208' title='bbox 466 4263 642 4324; x_wconf 78' lang='lat' dir='ltr'>Trinitatis</span> <span class='ocrx_word' id='word_1_209' title='bbox 664 4262 902 4340; x_wconf 85' lang='lat' dir='ltr'>Redemptionis</span> <span class='ocrx_word' id='word_1_210' title='bbox 932 4262 1079 4342; x_wconf 83' lang='lat' dir='ltr'>Captivo-</span> 
     </span>
     <span class='ocr_line' id='line_1_40' title="bbox 333 4355 1078 4436; baseline -0.003 -15"><span class='ocrx_word' id='word_1_211' title='bbox 333 4373 407 4421; x_wconf 88' lang='lat' dir='ltr'>ruut</span> <span class='ocrx_word' id='word_1_212' title='bbox 439 4357 696 4436; x_wconf 74' lang='lat' dir='ltr'>congregationis</span> <span class='ocrx_word' id='word_1_213' title='bbox 732 4355 967 4435; x_wconf 80' lang='lat' dir='ltr'>Hispaniarum</span> <span class='ocrx_word' id='word_1_214' title='bbox 1004 4357 1078 4419; x_wconf 88' lang='lat' dir='ltr'>iura</span> 
     </span>
     <span class='ocr_line' id='line_1_41' title="bbox 332 4447 1079 4529; baseline -0.003 -16"><span class='ocrx_word' id='word_1_215' title='bbox 332 4459 363 4514; x_wconf 87' lang='lat' dir='ltr'>et</span> <span class='ocrx_word' id='word_1_216' title='bbox 385 4451 538 4529; x_wconf 86' lang='lat' dir='ltr'>promitto</span> <span class='ocrx_word' id='word_1_217' title='bbox 563 4449 599 4509; x_wconf 88' lang='lat' dir='ltr'>in</span> <span class='ocrx_word' id='word_1_218' title='bbox 625 4447 776 4511; x_wconf 79' lang='lat' dir='ltr'>evanidus</span> <span class='ocrx_word' id='word_1_219' title='bbox 802 4449 1010 4514; x_wconf 83' lang='lat' dir='ltr'>Reuerentiac</span> <span class='ocrx_word' id='word_1_220' title='bbox 1030 4468 1079 4512; x_wconf 89' lang='lat' dir='ltr'>ee-</span> 
     </span>
     <span class='ocr_line' id='line_1_42' title="bbox 333 4541 1077 4623; baseline -0.001 -16"><span class='ocrx_word' id='word_1_221' title='bbox 333 4553 421 4608; x_wconf 87' lang='lat' dir='ltr'>strae</span> <span class='ocrx_word' id='word_1_222' title='bbox 443 4545 496 4616; x_wconf 63' lang='lat' dir='ltr'>N„</span> <span class='ocrx_word' id='word_1_223' title='bbox 512 4544 577 4604; x_wconf 88' lang='lat' dir='ltr'>siue</span> <span class='ocrx_word' id='word_1_224' title='bbox 597 4541 775 4620; x_wconf 81' lang='lat' dir='ltr'>superioris</span> <span class='ocrx_word' id='word_1_225' title='bbox 797 4544 946 4623; x_wconf 76' lang='lat' dir='ltr'>detepuit,</span> <span class='ocrx_word' id='word_1_226' title='bbox 971 4563 1018 4606; x_wconf 89' lang='lat' dir='ltr'>rae</span> <span class='ocrx_word' id='word_1_227' title='bbox 1039 4544 1077 4608; x_wconf 83' lang='lat' dir='ltr'>uir</span> 
     </span>
     <span class='ocr_line' id='line_1_43' title="bbox 334 4637 1078 4716; baseline 0.001 -17"><span class='ocrx_word' id='word_1_228' title='bbox 334 4637 391 4699; x_wconf 88' lang='lat' dir='ltr'>itae</span> <span class='ocrx_word' id='word_1_229' title='bbox 423 4637 604 4700; x_wconf 81' lang='lat' dir='ltr'>seminaria</span> <span class='ocrx_word' id='word_1_230' title='bbox 632 4651 696 4696; x_wconf 91' lang='lat' dir='ltr'>nan</span> <span class='ocrx_word' id='word_1_231' title='bbox 724 4637 951 4710; x_wconf 86' lang='lat' dir='ltr'>discessurum,</span> <span class='ocrx_word' id='word_1_232' title='bbox 981 4655 1078 4716; x_wconf 90' lang='lat' dir='ltr'>neque</span> 
     </span>
    </p>
   </div>
   <div class='ocr_carea' id='block_1_4' title="bbox 333 4729 1080 6023">
    <p class='ocr_par' dir='ltr' id='par_1_5' title="bbox 333 4729 1080 6023">
     <span class='ocr_line' id='line_1_44' title="bbox 334 4729 1079 4806; baseline 0.003 -14"><span class='ocrx_word' id='word_1_233' title='bbox 334 4729 492 4792; x_wconf 84' lang='lat' dir='ltr'>discedere</span> <span class='ocrx_word' id='word_1_234' title='bbox 514 4735 769 4806; x_wconf 84' lang='lat' dir='ltr'>procuraturum</span> <span class='ocrx_word' id='word_1_235' title='bbox 797 4731 934 4794; x_wconf 86' lang='lat' dir='ltr'>mediate</span> <span class='ocrx_word' id='word_1_236' title='bbox 954 4731 1000 4793; x_wconf 85' lang='lat' dir='ltr'>uel</span> <span class='ocrx_word' id='word_1_237' title='bbox 1022 4737 1079 4794; x_wconf 86' lang='lat' dir='ltr'>im·</span> 
     </span>
     <span class='ocr_line' id='line_1_45' title="bbox 334 4822 1080 4902; baseline 0.005 -19"><span class='ocrx_word' id='word_1_238' title='bbox 334 4822 482 4893; x_wconf 85' lang='lat' dir='ltr'>mediate,</span> <span class='ocrx_word' id='word_1_239' title='bbox 499 4835 554 4899; x_wconf 87' lang='lat' dir='ltr'>per</span> <span class='ocrx_word' id='word_1_240' title='bbox 568 4838 615 4882; x_wconf 86' lang='lat' dir='ltr'>rue</span> <span class='ocrx_word' id='word_1_241' title='bbox 636 4822 684 4883; x_wconf 90' lang='lat' dir='ltr'>uel</span> <span class='ocrx_word' id='word_1_242' title='bbox 698 4837 754 4899; x_wconf 85' lang='lat' dir='ltr'>per</span> <span class='ocrx_word' id='word_1_243' title='bbox 767 4823 995 4900; x_wconf 84' lang='lat' dir='ltr'>interpositam</span> <span class='ocrx_word' id='word_1_244' title='bbox 1012 4841 1080 4902; x_wconf 87' lang='lat' dir='ltr'>per·</span> 
     </span>
     <span class='ocr_line' id='line_1_46' title="bbox 333 4916 1080 4994; baseline 0.003 -17"><span class='ocrx_word' id='word_1_245' title='bbox 333 4932 455 4987; x_wconf 82' lang='lat' dir='ltr'>sonant,</span> <span class='ocrx_word' id='word_1_246' title='bbox 478 4916 544 4976; x_wconf 88' lang='lat' dir='ltr'>nisi</span> <span class='ocrx_word' id='word_1_247' title='bbox 560 4933 600 4978; x_wconf 84' lang='lat' dir='ltr'>eu</span> <span class='ocrx_word' id='word_1_248' title='bbox 616 4917 762 4994; x_wconf 84' lang='lat' dir='ltr'>lepitimd</span> <span class='ocrx_word' id='word_1_249' title='bbox 784 4917 884 4980; x_wconf 79' lang='lat' dir='ltr'>causti</span> <span class='ocrx_word' id='word_1_250' title='bbox 905 4919 1080 4982; x_wconf 84' lang='lat' dir='ltr'>admitten-</span> 
     </span>
     <span class='ocr_line' id='line_1_47' title="bbox 335 5009 1078 5075; baseline 0.003 -3"><span class='ocrx_word' id='word_1_251' title='bbox 335 5010 375 5073; x_wconf 85' lang='lat' dir='ltr'>dd</span> <span class='ocrx_word' id='word_1_252' title='bbox 396 5029 416 5073; x_wconf 92' lang='lat' dir='ltr'>a</span> <span class='ocrx_word' id='word_1_253' title='bbox 439 5009 629 5073; x_wconf 76' lang='lat' dir='ltr'>Reuerentia</span> <span class='ocrx_word' id='word_1_254' title='bbox 651 5011 759 5074; x_wconf 83' lang='lat' dir='ltr'>uestri</span> <span class='ocrx_word' id='word_1_255' title='bbox 780 5013 827 5074; x_wconf 90' lang='lat' dir='ltr'>acl</span> <span class='ocrx_word' id='word_1_256' title='bbox 842 5030 862 5075; x_wconf 89' lang='lat' dir='ltr'>a</span> <span class='ocrx_word' id='word_1_257' title='bbox 877 5015 993 5075; x_wconf 86' lang='lat' dir='ltr'>uestris</span> <span class='ocrx_word' id='word_1_258' title='bbox 1008 5031 1078 5075; x_wconf 87' lang='lat' dir='ltr'>suc-</span> 
     </span>
     <span class='ocr_line' id='line_1_48' title="bbox 335 5103 1078 5178; baseline 0.003 -13"><span class='ocrx_word' id='word_1_259' title='bbox 335 5103 511 5166; x_wconf 82' lang='lat' dir='ltr'>caesaribus</span> <span class='ocrx_word' id='word_1_260' title='bbox 537 5105 688 5166; x_wconf 86' lang='lat' dir='ltr'>canonice</span> <span class='ocrx_word' id='word_1_261' title='bbox 715 5105 939 5178; x_wconf 83' lang='lat' dir='ltr'>intrantibus,</span> <span class='ocrx_word' id='word_1_262' title='bbox 962 5114 992 5169; x_wconf 90' lang='lat' dir='ltr'>et</span> <span class='ocrx_word' id='word_1_263' title='bbox 1015 5123 1078 5168; x_wconf 82' lang='lat' dir='ltr'>aare</span> 
     </span>
     <span class='ocr_line' id='line_1_49' title="bbox 334 5197 1080 5278; baseline 0.001 -17"><span class='ocrx_word' id='word_1_264' title='bbox 334 5197 429 5261; x_wconf 80' lang='lat' dir='ltr'>alitis.</span> <span class='ocrx_word' id='word_1_265' title='bbox 454 5197 589 5274; x_wconf 86' lang='lat' dir='ltr'>Insuper</span> <span class='ocrx_word' id='word_1_266' title='bbox 610 5212 667 5274; x_wconf 90' lang='lat' dir='ltr'>pro</span> <span class='ocrx_word' id='word_1_267' title='bbox 682 5197 754 5275; x_wconf 78' lang='lat' dir='ltr'>fidei</span> <span class='ocrx_word' id='word_1_268' title='bbox 777 5198 1080 5278; x_wconf 85' lang='lat' dir='ltr'>catholicaepropo-</span> 
     </span>
     <span class='ocr_line' id='line_1_50' title="bbox 334 5287 1079 5371; baseline 0 -17"><span class='ocrx_word' id='word_1_269' title='bbox 334 5291 458 5371; x_wconf 80' lang='lat' dir='ltr'>pendae</span> <span class='ocrx_word' id='word_1_270' title='bbox 480 5287 624 5352; x_wconf 75' lang='lat' dir='ltr'>deusdet</span> <span class='ocrx_word' id='word_1_271' title='bbox 640 5289 744 5352; x_wconf 87' lang='lat' dir='ltr'>sainte</span> <span class='ocrx_word' id='word_1_272' title='bbox 766 5291 945 5370; x_wconf 75' lang='lat' dir='ltr'>infidelium</span> <span class='ocrx_word' id='word_1_273' title='bbox 967 5305 1079 5370; x_wconf 89' lang='lat' dir='ltr'>pracu-</span> 
     </span>
     <span class='ocr_line' id='line_1_51' title="bbox 335 5381 1079 5460; baseline 0.001 -15"><span class='ocrx_word' id='word_1_274' title='bbox 335 5381 459 5453; x_wconf 83' lang='lat' dir='ltr'>reato,</span> <span class='ocrx_word' id='word_1_275' title='bbox 491 5383 532 5444; x_wconf 87' lang='lat' dir='ltr'>ad</span> <span class='ocrx_word' id='word_1_276' title='bbox 553 5397 625 5443; x_wconf 88' lang='lat' dir='ltr'>eum</span> <span class='ocrx_word' id='word_1_277' title='bbox 647 5381 770 5454; x_wconf 83' lang='lat' dir='ltr'>lactum,</span> <span class='ocrx_word' id='word_1_278' title='bbox 803 5383 1002 5460; x_wconf 82' lang='lat' dir='ltr'>prouinciam</span> <span class='ocrx_word' id='word_1_279' title='bbox 1023 5401 1079 5446; x_wconf 88' lang='lat' dir='ltr'>seu</span> 
     </span>
     <span class='ocr_line' id='line_1_52' title="bbox 336 5474 1079 5556; baseline 0.004 -20"><span class='ocrx_word' id='word_1_280' title='bbox 336 5491 469 5556; x_wconf 78' lang='lat' dir='ltr'>regnunt</span> <span class='ocrx_word' id='word_1_281' title='bbox 492 5476 560 5536; x_wconf 86' lang='lat' dir='ltr'>sine</span> <span class='ocrx_word' id='word_1_282' title='bbox 581 5474 693 5552; x_wconf 83' lang='lat' dir='ltr'>aliqud</span> <span class='ocrx_word' id='word_1_283' title='bbox 705 5475 924 5554; x_wconf 74' lang='lat' dir='ltr'>repugnantia</span> <span class='ocrx_word' id='word_1_284' title='bbox 945 5483 1005 5540; x_wconf 90' lang='lat' dir='ltr'>aut</span> <span class='ocrx_word' id='word_1_285' title='bbox 1026 5494 1079 5539; x_wconf 83' lang='lat' dir='ltr'>eu·</span> 
     </span>
     <span class='ocr_line' id='line_1_53' title="bbox 336 5567 1079 5648; baseline 0.003 -18"><span class='ocrx_word' id='word_1_286' title='bbox 336 5570 476 5646; x_wconf 88' lang='lat' dir='ltr'>ceptione</span> <span class='ocrx_word' id='word_1_287' title='bbox 496 5567 691 5640; x_wconf 70' lang='lat' dir='ltr'>iterumad</span> <span class='ocrx_word' id='word_1_288' title='bbox 713 5583 802 5646; x_wconf 83' lang='lat' dir='ltr'>quarn</span> <span class='ocrx_word' id='word_1_289' title='bbox 823 5585 878 5630; x_wconf 89' lang='lat' dir='ltr'>seu</span> <span class='ocrx_word' id='word_1_290' title='bbox 900 5571 981 5648; x_wconf 88' lang='lat' dir='ltr'>quod</span> <span class='ocrx_word' id='word_1_291' title='bbox 996 5589 1016 5634; x_wconf 91' lang='lat' dir='ltr'>a</span> <span class='ocrx_word' id='word_1_292' title='bbox 1030 5587 1079 5633; x_wconf 88' lang='lat' dir='ltr'>oe-</span> 
     </span>
     <span class='ocr_line' id='line_1_54' title="bbox 334 5661 1076 5726; baseline 0.005 -4"><span class='ocrx_word' id='word_1_293' title='bbox 334 5661 406 5724; x_wconf 81' lang='lat' dir='ltr'>stra</span> <span class='ocrx_word' id='word_1_294' title='bbox 420 5661 609 5723; x_wconf 79' lang='lat' dir='ltr'>Reuerentia</span> <span class='ocrx_word' id='word_1_295' title='bbox 630 5677 682 5722; x_wconf 91' lang='lat' dir='ltr'>ere</span> <span class='ocrx_word' id='word_1_296' title='bbox 705 5661 888 5724; x_wconf 90' lang='lat' dir='ltr'>destinatus</span> <span class='ocrx_word' id='word_1_297' title='bbox 903 5670 933 5724; x_wconf 87' lang='lat' dir='ltr'>et</span> <span class='ocrx_word' id='word_1_298' title='bbox 949 5665 1076 5726; x_wconf 86' lang='lat' dir='ltr'>rnissus.</span> 
     </span>
     <span class='ocr_line' id='line_1_55' title="bbox 336 5754 1080 5825; baseline 0.003 -8"><span class='ocrx_word' id='word_1_299' title='bbox 336 5754 389 5817; x_wconf 88' lang='lat' dir='ltr'>Sic</span> <span class='ocrx_word' id='word_1_300' title='bbox 409 5771 457 5816; x_wconf 88' lang='lat' dir='ltr'>me</span> <span class='ocrx_word' id='word_1_301' title='bbox 478 5756 563 5817; x_wconf 85' lang='lat' dir='ltr'>Deus</span> <span class='ocrx_word' id='word_1_302' title='bbox 584 5755 729 5825; x_wconf 87' lang='lat' dir='ltr'>adiuuet,</span> <span class='ocrx_word' id='word_1_303' title='bbox 746 5761 775 5816; x_wconf 91' lang='lat' dir='ltr'>et</span> <span class='ocrx_word' id='word_1_304' title='bbox 797 5755 872 5817; x_wconf 90' lang='lat' dir='ltr'>itaer</span> <span class='ocrx_word' id='word_1_305' title='bbox 893 5763 1008 5820; x_wconf 90' lang='lat' dir='ltr'>sancto</span> <span class='ocrx_word' id='word_1_306' title='bbox 1024 5757 1080 5819; x_wconf 87' lang='lat' dir='ltr'>Dei</span> 
     </span>
     <span class='ocr_line' id='line_1_56' title="bbox 336 5847 1079 5930; baseline 0.004 -18"><span class='ocrx_word' id='word_1_307' title='bbox 336 5847 524 5930; x_wconf 74' lang='lat' dir='ltr'>Evangelia.</span> <span class='ocrx_word' id='word_1_308' title='bbox 548 5847 615 5930; x_wconf 77' lang='lat' dir='ltr'>Epo</span> <span class='ocrx_word' id='word_1_309' title='bbox 636 5847 676 5912; x_wconf 91' lang='grc' dir='ltr'>Ν.</span> <span class='ocrx_word' id='word_1_310' title='bbox 688 5847 728 5912; x_wconf 89' lang='grc' dir='ltr'>Ν.</span> <span class='ocrx_word' id='word_1_311' title='bbox 753 5849 885 5930; x_wconf 77' lang='lat' dir='ltr'>affirmo,</span> <span class='ocrx_word' id='word_1_312' title='bbox 907 5857 1079 5930; x_wconf 85' lang='lat' dir='ltr'>utsupra,</span> 
     </span>
     <span class='ocr_line' id='line_1_57' title="bbox 335 5941 602 6023; baseline -0.015 -15"><span class='ocrx_word' id='word_1_313' title='bbox 335 5958 436 6008; x_wconf 86' lang='lat' dir='ltr'>manu</span> <span class='ocrx_word' id='word_1_314' title='bbox 456 5941 602 6023; x_wconf 83' lang='lat' dir='ltr'>proprii.</span> 
     </span>
    </p>
   </div>
   <div class='ocr_carea' id='block_1_5' title="bbox 1127 723 1912 5932">
    <p class='ocr_par' dir='ltr' id='par_1_6' title="bbox 1127 723 1874 1086">
     <span class='ocr_line' id='line_1_58' title="bbox 1168 723 1872 804; baseline -0.006 -16"><span class='ocrx_word' id='word_1_315' title='bbox 1168 745 1209 789; x_wconf 86' lang='lat' dir='ltr'>vv.</span> <span class='ocrx_word' id='word_1_316' title='bbox 1223 729 1257 790; x_wconf 96' lang='lat' dir='ltr'>ln</span> <span class='ocrx_word' id='word_1_317' title='bbox 1270 727 1444 792; x_wconf 87' lang='lat' dir='ltr'>Seminario</span> <span class='ocrx_word' id='word_1_318' title='bbox 1457 732 1656 804; x_wconf 89' lang='lat' dir='ltr'>permaneant</span> <span class='ocrx_word' id='word_1_319' title='bbox 1667 724 1763 802; x_wconf 91' lang='lat' dir='ltr'>spatio</span> <span class='ocrx_word' id='word_1_320' title='bbox 1777 723 1872 785; x_wconf 90' lang='lat' dir='ltr'>trium</span> 
     </span>
     <span class='ocr_line' id='line_1_59' title="bbox 1128 819 1872 897; baseline -0.008 -13"><span class='ocrx_word' id='word_1_321' title='bbox 1128 837 1283 884; x_wconf 88' lang='lat' dir='ltr'>annornm</span> <span class='ocrx_word' id='word_1_322' title='bbox 1304 829 1335 882; x_wconf 92' lang='lat' dir='ltr'>et</span> <span class='ocrx_word' id='word_1_323' title='bbox 1350 836 1414 882; x_wconf 93' lang='lat' dir='ltr'>non</span> <span class='ocrx_word' id='word_1_324' title='bbox 1436 821 1607 897; x_wconf 72' lang='lat' dir='ltr'>ultraque</span> <span class='ocrx_word' id='word_1_325' title='bbox 1629 819 1742 880; x_wconf 91' lang='lat' dir='ltr'>melius</span> <span class='ocrx_word' id='word_1_326' title='bbox 1764 833 1872 879; x_wconf 92' lang='lat' dir='ltr'>eornm</span> 
     </span>
     <span class='ocr_line' id='line_1_60' title="bbox 1128 911 1874 992; baseline -0.004 -18"><span class='ocrx_word' id='word_1_327' title='bbox 1128 918 1246 977; x_wconf 89' lang='lat' dir='ltr'>vocatio</span> <span class='ocrx_word' id='word_1_328' title='bbox 1268 915 1427 992; x_wconf 88' lang='lat' dir='ltr'>probetur,</span> <span class='ocrx_word' id='word_1_329' title='bbox 1451 920 1481 973; x_wconf 87' lang='lat' dir='ltr'>ot</span> <span class='ocrx_word' id='word_1_330' title='bbox 1503 912 1594 990; x_wconf 83' lang='lat' dir='ltr'>plene</span> <span class='ocrx_word' id='word_1_331' title='bbox 1618 913 1650 973; x_wconf 91' lang='lat' dir='ltr'>in</span> <span class='ocrx_word' id='word_1_332' title='bbox 1675 911 1783 973; x_wconf 89' lang='lat' dir='ltr'>studiis</span> <span class='ocrx_word' id='word_1_333' title='bbox 1805 927 1874 990; x_wconf 91' lang='lat' dir='ltr'>apo-</span> 
     </span>
     <span class='ocr_line' id='line_1_61' title="bbox 1127 1006 1712 1086; baseline -0.002 -19"><span class='ocrx_word' id='word_1_334' title='bbox 1127 1007 1295 1086; x_wconf 82' lang='lat' dir='ltr'>stolicique</span> <span class='ocrx_word' id='word_1_335' title='bbox 1317 1006 1474 1084; x_wconf 74' lang='lat' dir='ltr'>disciplinis</span> <span class='ocrx_word' id='word_1_336' title='bbox 1497 1007 1712 1067; x_wconf 89' lang='lat' dir='ltr'>instituantur.</span> 
     </span>
    </p>

    <p class='ocr_par' dir='ltr' id='par_1_7' title="bbox 1128 1099 1877 2202">
     <span class='ocr_line' id='line_1_62' title="bbox 1168 1099 1873 1184; baseline -0.001 -24"><span class='ocrx_word' id='word_1_337' title='bbox 1168 1117 1197 1160; x_wconf 95' lang='lat' dir='ltr'>v.</span> <span class='ocrx_word' id='word_1_338' title='bbox 1223 1101 1257 1162; x_wconf 96' lang='lat' dir='ltr'>ln</span> <span class='ocrx_word' id='word_1_339' title='bbox 1280 1100 1424 1161; x_wconf 90' lang='lat' dir='ltr'>omnibns</span> <span class='ocrx_word' id='word_1_340' title='bbox 1447 1099 1620 1184; x_wconf 85' lang='lat' dir='ltr'>collegiales</span> <span class='ocrx_word' id='word_1_341' title='bbox 1635 1099 1767 1172; x_wconf 90' lang='lat' dir='ltr'>subsint,</span> <span class='ocrx_word' id='word_1_342' title='bbox 1783 1105 1873 1177; x_wconf 85' lang='lat' dir='ltr'>prout</span> 
     </span>
     <span class='ocr_line' id='line_1_63' title="bbox 1128 1192 1872 1270; baseline -0.001 -17"><span class='ocrx_word' id='word_1_343' title='bbox 1128 1195 1220 1255; x_wconf 89' lang='lat' dir='ltr'>etiarn</span> <span class='ocrx_word' id='word_1_344' title='bbox 1244 1193 1384 1266; x_wconf 87' lang='lat' dir='ltr'>lectores,</span> <span class='ocrx_word' id='word_1_345' title='bbox 1403 1192 1595 1253; x_wconf 87' lang='lat' dir='ltr'>obedientiae</span> <span class='ocrx_word' id='word_1_346' title='bbox 1610 1192 1702 1270; x_wconf 89' lang='lat' dir='ltr'>patris</span> <span class='ocrx_word' id='word_1_347' title='bbox 1717 1192 1872 1269; x_wconf 89' lang='lat' dir='ltr'>praesidis,</span> 
     </span>
     <span class='ocr_line' id='line_1_64' title="bbox 1128 1284 1875 1365; baseline -0.005 -17"><span class='ocrx_word' id='word_1_348' title='bbox 1128 1287 1182 1365; x_wconf 93' lang='lat' dir='ltr'>qui</span> <span class='ocrx_word' id='word_1_349' title='bbox 1204 1303 1259 1363; x_wconf 93' lang='lat' dir='ltr'>pro</span> <span class='ocrx_word' id='word_1_350' title='bbox 1281 1285 1454 1348; x_wconf 84' lang='lat' dir='ltr'>Seminaria</span> <span class='ocrx_word' id='word_1_351' title='bbox 1469 1301 1484 1344; x_wconf 90' lang='lat' dir='ltr'>a</span> <span class='ocrx_word' id='word_1_352' title='bbox 1500 1293 1587 1362; x_wconf 88' lang='lat' dir='ltr'>patre</span> <span class='ocrx_word' id='word_1_353' title='bbox 1602 1285 1739 1360; x_wconf 88' lang='lat' dir='ltr'>generali</span> <span class='ocrx_word' id='word_1_354' title='bbox 1754 1284 1875 1348; x_wconf 85' lang='lat' dir='ltr'>Ordinis</span> 
     </span>
     <span class='ocr_line' id='line_1_65' title="bbox 1128 1378 1874 1456; baseline -0.004 -16"><span class='ocrx_word' id='word_1_355' title='bbox 1128 1379 1272 1456; x_wconf 81' lang='lat' dir='ltr'>eligetur,</span> <span class='ocrx_word' id='word_1_356' title='bbox 1287 1394 1358 1440; x_wconf 92' lang='lat' dir='ltr'>cum</span> <span class='ocrx_word' id='word_1_357' title='bbox 1380 1378 1611 1456; x_wconf 89' lang='lat' dir='ltr'>participatione</span> <span class='ocrx_word' id='word_1_358' title='bbox 1634 1387 1664 1439; x_wconf 90' lang='lat' dir='ltr'>et</span> <span class='ocrx_word' id='word_1_359' title='bbox 1687 1378 1874 1456; x_wconf 88' lang='lat' dir='ltr'>approbatio-</span> 
     </span>
     <span class='ocr_line' id='line_1_66' title="bbox 1130 1469 1873 1548; baseline -0.001 -16"><span class='ocrx_word' id='word_1_360' title='bbox 1130 1487 1171 1532; x_wconf 91' lang='lat' dir='ltr'>ne</span> <span class='ocrx_word' id='word_1_361' title='bbox 1193 1471 1223 1534; x_wconf 86' lang='lat' dir='ltr'>S.</span> <span class='ocrx_word' id='word_1_362' title='bbox 1243 1471 1497 1547; x_wconf 81' lang='lat' dir='ltr'>congregationis</span> <span class='ocrx_word' id='word_1_363' title='bbox 1521 1471 1550 1532; x_wconf 93' lang='lat' dir='ltr'>in</span> <span class='ocrx_word' id='word_1_364' title='bbox 1572 1471 1693 1548; x_wconf 90' lang='lat' dir='ltr'>scriptis</span> <span class='ocrx_word' id='word_1_365' title='bbox 1720 1469 1873 1546; x_wconf 78' lang='lat' dir='ltr'>lacienda3</span> 
     </span>
     <span class='ocr_line' id='line_1_67' title="bbox 1130 1563 1875 1627; baseline -0.004 0"><span class='ocrx_word' id='word_1_366' title='bbox 1130 1566 1226 1627; x_wconf 91' lang='lat' dir='ltr'>donec</span> <span class='ocrx_word' id='word_1_367' title='bbox 1247 1565 1280 1624; x_wconf 93' lang='lat' dir='ltr'>in</span> <span class='ocrx_word' id='word_1_368' title='bbox 1302 1565 1410 1626; x_wconf 89' lang='lat' dir='ltr'>eodem</span> <span class='ocrx_word' id='word_1_369' title='bbox 1426 1563 1599 1626; x_wconf 76' lang='lat' dir='ltr'>seminario</span> <span class='ocrx_word' id='word_1_370' title='bbox 1621 1563 1782 1624; x_wconf 90' lang='lat' dir='ltr'>commode</span> <span class='ocrx_word' id='word_1_371' title='bbox 1804 1563 1875 1625; x_wconf 90' lang='lat' dir='ltr'>suh·</span> 
     </span>
     <span class='ocr_line' id='line_1_68' title="bbox 1129 1657 1876 1734; baseline -0.001 -16"><span class='ocrx_word' id='word_1_372' title='bbox 1129 1658 1237 1718; x_wconf 88' lang='lat' dir='ltr'>sistere</span> <span class='ocrx_word' id='word_1_373' title='bbox 1251 1663 1282 1718; x_wconf 91' lang='lat' dir='ltr'>et</span> <span class='ocrx_word' id='word_1_374' title='bbox 1297 1657 1435 1718; x_wconf 89' lang='lat' dir='ltr'>hahitare</span> <span class='ocrx_word' id='word_1_375' title='bbox 1449 1658 1566 1734; x_wconf 85' lang='lat' dir='ltr'>possint</span> <span class='ocrx_word' id='word_1_376' title='bbox 1579 1662 1624 1718; x_wconf 90' lang='lat' dir='ltr'>tot</span> <span class='ocrx_word' id='word_1_377' title='bbox 1638 1657 1787 1732; x_wconf 82' lang='lat' dir='ltr'>religiosi,</span> <span class='ocrx_word' id='word_1_378' title='bbox 1801 1664 1876 1734; x_wconf 92' lang='lat' dir='ltr'>quot</span> 
     </span>
     <span class='ocr_line' id='line_1_69' title="bbox 1129 1749 1875 1826; baseline -0.003 -16"><span class='ocrx_word' id='word_1_379' title='bbox 1129 1749 1235 1824; x_wconf 83' lang='lat' dir='ltr'>regula</span> <span class='ocrx_word' id='word_1_380' title='bbox 1267 1750 1423 1826; x_wconf 90' lang='lat' dir='ltr'>primitiva</span> <span class='ocrx_word' id='word_1_381' title='bbox 1455 1749 1576 1812; x_wconf 88' lang='lat' dir='ltr'>Ordinis</span> <span class='ocrx_word' id='word_1_382' title='bbox 1607 1749 1785 1826; x_wconf 88' lang='lat' dir='ltr'>praescrihit</span> <span class='ocrx_word' id='word_1_383' title='bbox 1820 1764 1875 1826; x_wconf 93' lang='lat' dir='ltr'>pro</span> 
     </span>
     <span class='ocr_line' id='line_1_70' title="bbox 1129 1841 1874 1904; baseline 0 -1"><span class='ocrx_word' id='word_1_384' title='bbox 1129 1849 1286 1904; x_wconf 90' lang='lat' dir='ltr'>conventa</span> <span class='ocrx_word' id='word_1_385' title='bbox 1301 1841 1421 1903; x_wconf 88' lang='lat' dir='ltr'>lormali</span> <span class='ocrx_word' id='word_1_386' title='bbox 1444 1841 1673 1904; x_wconf 88' lang='lat' dir='ltr'>constituendo:</span> <span class='ocrx_word' id='word_1_387' title='bbox 1698 1849 1774 1903; x_wconf 91' lang='lat' dir='ltr'>tunc</span> <span class='ocrx_word' id='word_1_388' title='bbox 1789 1841 1874 1903; x_wconf 91' lang='lat' dir='ltr'>enim</span> 
     </span>
     <span class='ocr_line' id='line_1_71' title="bbox 1130 1935 1875 2015; baseline 0.005 -21"><span class='ocrx_word' id='word_1_389' title='bbox 1130 1951 1145 1994; x_wconf 92' lang='lat' dir='ltr'>a</span> <span class='ocrx_word' id='word_1_390' title='bbox 1160 1935 1292 2014; x_wconf 91' lang='lat' dir='ltr'>capitulo</span> <span class='ocrx_word' id='word_1_391' title='bbox 1307 1935 1446 2011; x_wconf 89' lang='lat' dir='ltr'>generali</span> <span class='ocrx_word' id='word_1_392' title='bbox 1461 1935 1600 2013; x_wconf 87' lang='lat' dir='ltr'>quolibet</span> <span class='ocrx_word' id='word_1_393' title='bbox 1616 1937 1752 1997; x_wconf 91' lang='lat' dir='ltr'>triennio</span> <span class='ocrx_word' id='word_1_394' title='bbox 1768 1937 1875 2015; x_wconf 88' lang='lat' dir='ltr'>praeii-</span> 
     </span>
     <span class='ocr_line' id='line_1_72' title="bbox 1130 2027 1877 2108; baseline 0 -18"><span class='ocrx_word' id='word_1_395' title='bbox 1130 2029 1230 2090; x_wconf 90' lang='lat' dir='ltr'>cietur</span> <span class='ocrx_word' id='word_1_396' title='bbox 1252 2036 1338 2107; x_wconf 89' lang='lat' dir='ltr'>pater</span> <span class='ocrx_word' id='word_1_397' title='bbox 1358 2030 1500 2108; x_wconf 91' lang='lat' dir='ltr'>superior</span> <span class='ocrx_word' id='word_1_398' title='bbox 1522 2027 1636 2105; x_wconf 89' lang='lat' dir='ltr'>localis,</span> <span class='ocrx_word' id='word_1_399' title='bbox 1659 2031 1712 2108; x_wconf 92' lang='lat' dir='ltr'>qui</span> <span class='ocrx_word' id='word_1_400' title='bbox 1733 2031 1877 2092; x_wconf 87' lang='lat' dir='ltr'>minister</span> 
     </span>
     <span class='ocr_line' id='line_1_73' title="bbox 1130 2124 1720 2202; baseline -0.002 -17"><span class='ocrx_word' id='word_1_401' title='bbox 1130 2124 1167 2186; x_wconf 92' lang='lat' dir='ltr'>de</span> <span class='ocrx_word' id='word_1_402' title='bbox 1188 2139 1275 2184; x_wconf 91' lang='lat' dir='ltr'>more</span> <span class='ocrx_word' id='word_1_403' title='bbox 1296 2124 1456 2199; x_wconf 81' lang='lat' dir='ltr'>religionis</span> <span class='ocrx_word' id='word_1_404' title='bbox 1479 2124 1720 2202; x_wconf 90' lang='lat' dir='ltr'>nuncupabitur.</span> 
     </span>
    </p>

    <p class='ocr_par' dir='ltr' id='par_1_8' title="bbox 1129 2217 1912 4049">
     <span class='ocr_line' id='line_1_74' title="bbox 1168 2217 1876 2294; baseline 0.003 -17"><span class='ocrx_word' id='word_1_405' title='bbox 1168 2234 1210 2277; x_wconf 88' lang='lat' dir='ltr'>vr.</span> <span class='ocrx_word' id='word_1_406' title='bbox 1234 2218 1399 2294; x_wconf 84' lang='lat' dir='ltr'>Quousque</span> <span class='ocrx_word' id='word_1_407' title='bbox 1414 2217 1588 2293; x_wconf 84' lang='lat' dir='ltr'>Collegium</span> <span class='ocrx_word' id='word_1_408' title='bbox 1604 2235 1658 2279; x_wconf 90' lang='lat' dir='ltr'>sen</span> <span class='ocrx_word' id='word_1_409' title='bbox 1669 2218 1876 2280; x_wconf 88' lang='lat' dir='ltr'>seminarium</span> 
     </span>
     <span class='ocr_line' id='line_1_75' title="bbox 1130 2309 1877 2386; baseline 0.001 -16"><span class='ocrx_word' id='word_1_410' title='bbox 1130 2311 1325 2386; x_wconf 90' lang='lat' dir='ltr'>erigendum,</span> <span class='ocrx_word' id='word_1_411' title='bbox 1336 2311 1394 2371; x_wconf 82' lang='lat' dir='ltr'>lleo</span> <span class='ocrx_word' id='word_1_412' title='bbox 1407 2309 1542 2385; x_wconf 87' lang='lat' dir='ltr'>invente,</span> <span class='ocrx_word' id='word_1_413' title='bbox 1551 2310 1706 2372; x_wconf 83' lang='lat' dir='ltr'>sufficiens</span> <span class='ocrx_word' id='word_1_414' title='bbox 1718 2312 1826 2374; x_wconf 89' lang='lat' dir='ltr'>habeat</span> <span class='ocrx_word' id='word_1_415' title='bbox 1838 2328 1877 2372; x_wconf 80' lang='lat' dir='ltr'>ea</span> 
     </span>
     <span class='ocr_line' id='line_1_76' title="bbox 1130 2403 1912 2481; baseline 0 -17"><span class='ocrx_word' id='word_1_416' title='bbox 1130 2403 1260 2481; x_wconf 91' lang='lat' dir='ltr'>propriis</span> <span class='ocrx_word' id='word_1_417' title='bbox 1282 2403 1431 2465; x_wconf 87' lang='lat' dir='ltr'>reditibus</span> <span class='ocrx_word' id='word_1_418' title='bbox 1452 2403 1712 2477; x_wconf 82' lang='lat' dir='ltr'>fundamentum,</span> <span class='ocrx_word' id='word_1_419' title='bbox 1735 2411 1877 2466; x_wconf 90' lang='lat' dir='ltr'>teneatur</span> <span class='ocrx_word' id='word_1_420' title='bbox 1911 2443 1912 2446; x_wconf 20' lang='grc' dir='ltr'><strong>κ</strong></span> 
     </span>
     <span class='ocr_line' id='line_1_77' title="bbox 1131 2496 1878 2574; baseline 0 -18"><span class='ocrx_word' id='word_1_421' title='bbox 1131 2505 1216 2574; x_wconf 88' lang='lat' dir='ltr'>pater</span> <span class='ocrx_word' id='word_1_422' title='bbox 1234 2497 1386 2571; x_wconf 86' lang='lat' dir='ltr'>generalis</span> <span class='ocrx_word' id='word_1_423' title='bbox 1407 2513 1478 2558; x_wconf 86' lang='lat' dir='ltr'>eum</span> <span class='ocrx_word' id='word_1_424' title='bbox 1493 2513 1549 2556; x_wconf 91' lang='lat' dir='ltr'>sua</span> <span class='ocrx_word' id='word_1_425' title='bbox 1564 2496 1743 2558; x_wconf 85' lang='lat' dir='ltr'>diffinitorio</span> <span class='ocrx_word' id='word_1_426' title='bbox 1759 2499 1795 2560; x_wconf 93' lang='lat' dir='ltr'>de</span> <span class='ocrx_word' id='word_1_427' title='bbox 1811 2513 1878 2558; x_wconf 90' lang='lat' dir='ltr'>cor-</span> 
     </span>
     <span class='ocr_line' id='line_1_78' title="bbox 1129 2589 1876 2666; baseline 0.003 -18"><span class='ocrx_word' id='word_1_428' title='bbox 1129 2605 1204 2666; x_wconf 95' lang='lat' dir='ltr'>pore</span> <span class='ocrx_word' id='word_1_429' title='bbox 1225 2589 1383 2664; x_wconf 90' lang='lat' dir='ltr'>religionis</span> <span class='ocrx_word' id='word_1_430' title='bbox 1404 2597 1434 2650; x_wconf 92' lang='lat' dir='ltr'>et</span> <span class='ocrx_word' id='word_1_431' title='bbox 1455 2589 1621 2651; x_wconf 81' lang='lat' dir='ltr'>sufficienti</span> <span class='ocrx_word' id='word_1_432' title='bbox 1647 2590 1876 2666; x_wconf 87' lang='lat' dir='ltr'>provinciarum</span> 
     </span>
     <span class='ocr_line' id='line_1_79' title="bbox 1129 2681 1877 2760; baseline 0.001 -18"><span class='ocrx_word' id='word_1_433' title='bbox 1129 2681 1359 2743; x_wconf 89' lang='lat' dir='ltr'>contributione</span> <span class='ocrx_word' id='word_1_434' title='bbox 1374 2681 1536 2760; x_wconf 87' lang='lat' dir='ltr'>providere</span> <span class='ocrx_word' id='word_1_435' title='bbox 1555 2682 1593 2743; x_wconf 81' lang='lat' dir='ltr'>tle</span> <span class='ocrx_word' id='word_1_436' title='bbox 1608 2683 1797 2756; x_wconf 89' lang='lat' dir='ltr'>necessariis,</span> <span class='ocrx_word' id='word_1_437' title='bbox 1816 2689 1877 2743; x_wconf 91' lang='lat' dir='ltr'>tam</span> 
     </span>
     <span class='ocr_line' id='line_1_80' title="bbox 1129 2773 1876 2854; baseline 0.001 -19"><span class='ocrx_word' id='word_1_438' title='bbox 1129 2773 1207 2835; x_wconf 89' lang='lat' dir='ltr'>circa</span> <span class='ocrx_word' id='word_1_439' title='bbox 1228 2791 1378 2852; x_wconf 80' lang='lat' dir='ltr'>expensas</span> <span class='ocrx_word' id='word_1_440' title='bbox 1400 2776 1430 2836; x_wconf 95' lang='lat' dir='ltr'>in</span> <span class='ocrx_word' id='word_1_441' title='bbox 1455 2774 1565 2836; x_wconf 78' lang='lat' dir='ltr'>fabrica</span> <span class='ocrx_word' id='word_1_442' title='bbox 1586 2773 1754 2850; x_wconf 85' lang='lat' dir='ltr'>iaciendas,</span> <span class='ocrx_word' id='word_1_443' title='bbox 1785 2791 1876 2854; x_wconf 89' lang='lat' dir='ltr'>qnam</span> 
     </span>
     <span class='ocr_line' id='line_1_81' title="bbox 1131 2867 1879 2945; baseline 0 -17"><span class='ocrx_word' id='word_1_444' title='bbox 1131 2867 1208 2928; x_wconf 88' lang='lat' dir='ltr'>circa</span> <span class='ocrx_word' id='word_1_445' title='bbox 1237 2885 1406 2945; x_wconf 88' lang='lat' dir='ltr'>congruam</span> <span class='ocrx_word' id='word_1_446' title='bbox 1434 2869 1694 2930; x_wconf 87' lang='lat' dir='ltr'>sustentationem</span> <span class='ocrx_word' id='word_1_447' title='bbox 1716 2875 1747 2929; x_wconf 90' lang='lat' dir='ltr'>et</span> <span class='ocrx_word' id='word_1_448' title='bbox 1770 2868 1879 2928; x_wconf 88' lang='lat' dir='ltr'>vestia-</span> 
     </span>
     <span class='ocr_line' id='line_1_82' title="bbox 1131 2960 1878 3039; baseline 0.003 -19"><span class='ocrx_word' id='word_1_449' title='bbox 1131 2962 1213 3022; x_wconf 92' lang='lat' dir='ltr'>rium</span> <span class='ocrx_word' id='word_1_450' title='bbox 1232 2961 1434 3023; x_wconf 88' lang='lat' dir='ltr'>alumnorum</span> <span class='ocrx_word' id='word_1_451' title='bbox 1448 2961 1644 3039; x_wconf 89' lang='lat' dir='ltr'>aliorumque</span> <span class='ocrx_word' id='word_1_452' title='bbox 1660 2960 1878 3022; x_wconf 89' lang='lat' dir='ltr'>ministrorum</span> 
     </span>
     <span class='ocr_line' id='line_1_83' title="bbox 1130 3051 1875 3116; baseline -0.001 -4"><span class='ocrx_word' id='word_1_453' title='bbox 1130 3053 1215 3114; x_wconf 77' lang='lat' dir='ltr'>iusta</span> <span class='ocrx_word' id='word_1_454' title='bbox 1243 3053 1425 3115; x_wconf 89' lang='lat' dir='ltr'>laudabilem</span> <span class='ocrx_word' id='word_1_455' title='bbox 1455 3051 1576 3116; x_wconf 90' lang='lat' dir='ltr'>Ordinis</span> <span class='ocrx_word' id='word_1_456' title='bbox 1604 3053 1875 3115; x_wconf 90' lang='lat' dir='ltr'>consuetudinem.</span> 
     </span>
     <span class='ocr_line' id='line_1_84' title="bbox 1132 3145 1879 3225; baseline 0 -19"><span class='ocrx_word' id='word_1_457' title='bbox 1132 3145 1305 3221; x_wconf 83' lang='lat' dir='ltr'>Collegium</span> <span class='ocrx_word' id='word_1_458' title='bbox 1317 3163 1372 3207; x_wconf 90' lang='lat' dir='ltr'>seu</span> <span class='ocrx_word' id='word_1_459' title='bbox 1383 3146 1587 3207; x_wconf 88' lang='lat' dir='ltr'>seminarium</span> <span class='ocrx_word' id='word_1_460' title='bbox 1599 3145 1788 3225; x_wconf 89' lang='lat' dir='ltr'>praedictum</span> <span class='ocrx_word' id='word_1_461' title='bbox 1804 3161 1879 3208; x_wconf 89' lang='lat' dir='ltr'>vero</span> 
     </span>
     <span class='ocr_line' id='line_1_85' title="bbox 1132 3238 1878 3317; baseline 0 -18"><span class='ocrx_word' id='word_1_462' title='bbox 1132 3238 1211 3299; x_wconf 92' lang='lat' dir='ltr'>nulli</span> <span class='ocrx_word' id='word_1_463' title='bbox 1237 3239 1359 3300; x_wconf 91' lang='lat' dir='ltr'>Ordinis</span> <span class='ocrx_word' id='word_1_464' title='bbox 1385 3239 1563 3317; x_wconf 91' lang='lat' dir='ltr'>provinciae</span> <span class='ocrx_word' id='word_1_465' title='bbox 1589 3247 1791 3315; x_wconf 83' lang='lat' dir='ltr'>aggregatum</span> <span class='ocrx_word' id='word_1_466' title='bbox 1813 3255 1878 3300; x_wconf 91' lang='lat' dir='ltr'>esse</span> 
     </span>
     <span class='ocr_line' id='line_1_86' title="bbox 1131 3331 1880 3410; baseline 0.001 -18"><span class='ocrx_word' id='word_1_467' title='bbox 1131 3331 1344 3408; x_wconf 88' lang='lat' dir='ltr'>intelligatur,</span> <span class='ocrx_word' id='word_1_468' title='bbox 1366 3349 1424 3394; x_wconf 91' lang='lat' dir='ltr'>nec</span> <span class='ocrx_word' id='word_1_469' title='bbox 1456 3333 1539 3394; x_wconf 92' lang='lat' dir='ltr'>ullus</span> <span class='ocrx_word' id='word_1_470' title='bbox 1570 3332 1766 3410; x_wconf 89' lang='lat' dir='ltr'>provincialis</span> <span class='ocrx_word' id='word_1_471' title='bbox 1788 3333 1820 3393; x_wconf 95' lang='lat' dir='ltr'>in</span> <span class='ocrx_word' id='word_1_472' title='bbox 1843 3347 1880 3393; x_wconf 93' lang='lat' dir='ltr'>eo</span> 
     </span>
     <span class='ocr_line' id='line_1_87' title="bbox 1132 3423 1879 3504; baseline 0 -19"><span class='ocrx_word' id='word_1_473' title='bbox 1132 3425 1377 3486; x_wconf 87' lang='lat' dir='ltr'>iurisdictionem</span> <span class='ocrx_word' id='word_1_474' title='bbox 1390 3441 1535 3488; x_wconf 75' lang='lat' dir='ltr'>exercere</span> <span class='ocrx_word' id='word_1_475' title='bbox 1550 3425 1661 3504; x_wconf 78' lang='lat' dir='ltr'>possit3</span> <span class='ocrx_word' id='word_1_476' title='bbox 1685 3423 1879 3487; x_wconf 89' lang='lat' dir='ltr'>solummodo</span> 
     </span>
     <span class='ocr_line' id='line_1_88' title="bbox 1132 3517 1880 3598; baseline -0.003 -18"><span class='ocrx_word' id='word_1_477' title='bbox 1132 3535 1222 3580; x_wconf 90' lang='lat' dir='ltr'>curae</span> <span class='ocrx_word' id='word_1_478' title='bbox 1239 3526 1271 3580; x_wconf 90' lang='lat' dir='ltr'>et</span> <span class='ocrx_word' id='word_1_479' title='bbox 1292 3520 1471 3596; x_wconf 89' lang='lat' dir='ltr'>vigilantiae</span> <span class='ocrx_word' id='word_1_480' title='bbox 1493 3521 1586 3598; x_wconf 86' lang='lat' dir='ltr'>patris</span> <span class='ocrx_word' id='word_1_481' title='bbox 1609 3520 1760 3596; x_wconf 89' lang='lat' dir='ltr'>generalis</span> <span class='ocrx_word' id='word_1_482' title='bbox 1782 3527 1812 3580; x_wconf 92' lang='lat' dir='ltr'>et</span> <span class='ocrx_word' id='word_1_483' title='bbox 1828 3517 1880 3580; x_wconf 88' lang='lat' dir='ltr'>Sa-</span> 
     </span>
     <span class='ocr_line' id='line_1_89' title="bbox 1132 3613 1881 3692; baseline 0.001 -19"><span class='ocrx_word' id='word_1_484' title='bbox 1132 3629 1201 3673; x_wconf 88' lang='lat' dir='ltr'>crae</span> <span class='ocrx_word' id='word_1_485' title='bbox 1222 3613 1477 3689; x_wconf 84' lang='lat' dir='ltr'>Oongregationis</span> <span class='ocrx_word' id='word_1_486' title='bbox 1499 3613 1682 3692; x_wconf 85' lang='lat' dir='ltr'>protectioni</span> <span class='ocrx_word' id='word_1_487' title='bbox 1697 3621 1728 3674; x_wconf 91' lang='lat' dir='ltr'>et</span> <span class='ocrx_word' id='word_1_488' title='bbox 1742 3613 1881 3692; x_wconf 91' lang='lat' dir='ltr'>superio-</span> 
     </span>
     <span class='ocr_line' id='line_1_90' title="bbox 1132 3705 1880 3783; baseline 0.005 -17"><span class='ocrx_word' id='word_1_489' title='bbox 1132 3705 1216 3767; x_wconf 91' lang='lat' dir='ltr'>ritati</span> <span class='ocrx_word' id='word_1_490' title='bbox 1243 3705 1461 3767; x_wconf 90' lang='lat' dir='ltr'>commissum:</span> <span class='ocrx_word' id='word_1_491' title='bbox 1486 3706 1629 3783; x_wconf 88' lang='lat' dir='ltr'>quinimo</span> <span class='ocrx_word' id='word_1_492' title='bbox 1655 3713 1803 3783; x_wconf 86' lang='lat' dir='ltr'>stegmata</span> <span class='ocrx_word' id='word_1_493' title='bbox 1825 3723 1880 3770; x_wconf 88' lang='lat' dir='ltr'>seu</span> 
     </span>
     <span class='ocr_line' id='line_1_91' title="bbox 1133 3799 1881 3878; baseline 0 -18"><span class='ocrx_word' id='word_1_494' title='bbox 1133 3799 1265 3876; x_wconf 90' lang='lat' dir='ltr'>insignia</span> <span class='ocrx_word' id='word_1_495' title='bbox 1286 3800 1422 3862; x_wconf 87' lang='lat' dir='ltr'>cuiusvis</span> <span class='ocrx_word' id='word_1_496' title='bbox 1443 3799 1590 3878; x_wconf 92' lang='lat' dir='ltr'>principis</span> <span class='ocrx_word' id='word_1_497' title='bbox 1612 3799 1773 3861; x_wconf 91' lang='lat' dir='ltr'>saecularis</span> <span class='ocrx_word' id='word_1_498' title='bbox 1789 3801 1821 3861; x_wconf 92' lang='lat' dir='ltr'>in</span> <span class='ocrx_word' id='word_1_499' title='bbox 1837 3803 1881 3862; x_wconf 92' lang='lat' dir='ltr'>di-</span> 
     </span>
     <span class='ocr_line' id='line_1_92' title="bbox 1131 3893 1881 3972; baseline -0.001 -18"><span class='ocrx_word' id='word_1_500' title='bbox 1131 3901 1180 3954; x_wconf 94' lang='lat' dir='ltr'>cto</span> <span class='ocrx_word' id='word_1_501' title='bbox 1202 3894 1376 3956; x_wconf 84' lang='lat' dir='ltr'>Seminane</span> <span class='ocrx_word' id='word_1_502' title='bbox 1397 3909 1453 3954; x_wconf 90' lang='lat' dir='ltr'>sen</span> <span class='ocrx_word' id='word_1_503' title='bbox 1475 3893 1601 3955; x_wconf 80' lang='lat' dir='ltr'>ecclesii</span> <span class='ocrx_word' id='word_1_504' title='bbox 1626 3907 1781 3972; x_wconf 86' lang='lat' dir='ltr'>apponere</span> <span class='ocrx_word' id='word_1_505' title='bbox 1802 3893 1881 3955; x_wconf 91' lang='lat' dir='ltr'>veti-</span> 
     </span>
     <span class='ocr_line' id='line_1_93' title="bbox 1133 3987 1271 4049; baseline 0.007 -2"><span class='ocrx_word' id='word_1_506' title='bbox 1133 3993 1200 4049; x_wconf 91' lang='lat' dir='ltr'>tum</span> <span class='ocrx_word' id='word_1_507' title='bbox 1222 3987 1271 4048; x_wconf 92' lang='lat' dir='ltr'>sit.</span> 
     </span>
    </p>

    <p class='ocr_par' dir='ltr' id='par_1_9' title="bbox 1133 4081 1884 5558">
     <span class='ocr_line' id='line_1_94' title="bbox 1173 4081 1880 4159; baseline 0 -17"><span class='ocrx_word' id='word_1_508' title='bbox 1173 4097 1228 4143; x_wconf 91' lang='lat' dir='ltr'>vn.</span> <span class='ocrx_word' id='word_1_509' title='bbox 1252 4081 1318 4142; x_wconf 91' lang='lat' dir='ltr'>Duo</span> <span class='ocrx_word' id='word_1_510' title='bbox 1338 4096 1462 4159; x_wconf 92' lang='lat' dir='ltr'>semper</span> <span class='ocrx_word' id='word_1_511' title='bbox 1476 4081 1512 4144; x_wconf 90' lang='lat' dir='ltr'>ad</span> <span class='ocrx_word' id='word_1_512' title='bbox 1534 4081 1639 4142; x_wconf 93' lang='lat' dir='ltr'>minus</span> <span class='ocrx_word' id='word_1_513' title='bbox 1660 4081 1694 4142; x_wconf 91' lang='lat' dir='ltr'>in</span> <span class='ocrx_word' id='word_1_514' title='bbox 1709 4081 1766 4143; x_wconf 89' lang='lat' dir='ltr'>boc</span> <span class='ocrx_word' id='word_1_515' title='bbox 1781 4081 1880 4146; x_wconf 90' lang='lat' dir='ltr'>Semi·</span> 
     </span>
     <span class='ocr_line' id='line_1_95' title="bbox 1133 4173 1881 4260; baseline 0.004 -26"><span class='ocrx_word' id='word_1_516' title='bbox 1133 4175 1219 4234; x_wconf 91' lang='lat' dir='ltr'>nario</span> <span class='ocrx_word' id='word_1_517' title='bbox 1234 4175 1334 4236; x_wconf 89' lang='lat' dir='ltr'>adsint</span> <span class='ocrx_word' id='word_1_518' title='bbox 1350 4174 1491 4248; x_wconf 89' lang='lat' dir='ltr'>lectores,</span> <span class='ocrx_word' id='word_1_519' title='bbox 1507 4173 1585 4234; x_wconf 91' lang='lat' dir='ltr'>alter</span> <span class='ocrx_word' id='word_1_520' title='bbox 1599 4175 1881 4260; x_wconf 88' lang='lat' dir='ltr'>controversiarum</span> 
     </span>
     <span class='ocr_line' id='line_1_96' title="bbox 1133 4266 1880 4346; baseline 0.005 -18"><span class='ocrx_word' id='word_1_521' title='bbox 1133 4275 1163 4328; x_wconf 90' lang='lat' dir='ltr'>et</span> <span class='ocrx_word' id='word_1_522' title='bbox 1178 4267 1256 4328; x_wconf 89' lang='lat' dir='ltr'>alter</span> <span class='ocrx_word' id='word_1_523' title='bbox 1269 4266 1395 4342; x_wconf 84' lang='lat' dir='ltr'>linguae</span> <span class='ocrx_word' id='word_1_524' title='bbox 1407 4267 1554 4341; x_wconf 89' lang='lat' dir='ltr'>arabicae,</span> <span class='ocrx_word' id='word_1_525' title='bbox 1570 4275 1614 4341; x_wconf 92' lang='lat' dir='ltr'>et,</span> <span class='ocrx_word' id='word_1_526' title='bbox 1630 4268 1656 4328; x_wconf 94' lang='lat' dir='ltr'>si</span> <span class='ocrx_word' id='word_1_527' title='bbox 1670 4269 1813 4346; x_wconf 89' lang='lat' dir='ltr'>possibile</span> <span class='ocrx_word' id='word_1_528' title='bbox 1828 4269 1880 4344; x_wconf 91' lang='lat' dir='ltr'>sit,</span> 
     </span>
     <span class='ocr_line' id='line_1_97' title="bbox 1133 4359 1881 4440; baseline 0.004 -19"><span class='ocrx_word' id='word_1_529' title='bbox 1133 4361 1262 4424; x_wconf 88' lang='lat' dir='ltr'>addatur</span> <span class='ocrx_word' id='word_1_530' title='bbox 1284 4359 1394 4422; x_wconf 91' lang='lat' dir='ltr'>tertius</span> <span class='ocrx_word' id='word_1_531' title='bbox 1418 4360 1542 4436; x_wconf 89' lang='lat' dir='ltr'>linguae</span> <span class='ocrx_word' id='word_1_532' title='bbox 1564 4360 1718 4440; x_wconf 80' lang='lat' dir='ltr'>illyricae,</span> <span class='ocrx_word' id='word_1_533' title='bbox 1741 4363 1795 4440; x_wconf 92' lang='lat' dir='ltr'>qui</span> <span class='ocrx_word' id='word_1_534' title='bbox 1817 4379 1881 4424; x_wconf 92' lang='lat' dir='ltr'>non</span> 
     </span>
     <span class='ocr_line' id='line_1_98' title="bbox 1134 4453 1882 4532; baseline 0.007 -19"><span class='ocrx_word' id='word_1_535' title='bbox 1134 4455 1337 4516; x_wconf 89' lang='lat' dir='ltr'>admittantur</span> <span class='ocrx_word' id='word_1_536' title='bbox 1359 4453 1419 4514; x_wconf 90' lang='lat' dir='ltr'>nisi</span> <span class='ocrx_word' id='word_1_537' title='bbox 1441 4454 1567 4532; x_wconf 88' lang='lat' dir='ltr'>praevio</span> <span class='ocrx_word' id='word_1_538' title='bbox 1593 4455 1736 4516; x_wconf 83' lang='lat' dir='ltr'>examine</span> <span class='ocrx_word' id='word_1_539' title='bbox 1757 4463 1788 4516; x_wconf 90' lang='lat' dir='ltr'>et</span> <span class='ocrx_word' id='word_1_540' title='bbox 1808 4473 1882 4518; x_wconf 89' lang='lat' dir='ltr'>aon·</span> 
     </span>
     <span class='ocr_line' id='line_1_99' title="bbox 1134 4545 1882 4628; baseline 0.008 -22"><span class='ocrx_word' id='word_1_541' title='bbox 1134 4547 1310 4608; x_wconf 86' lang='lat' dir='ltr'>firmatione</span> <span class='ocrx_word' id='word_1_542' title='bbox 1342 4545 1372 4608; x_wconf 88' lang='lat' dir='ltr'>S.</span> <span class='ocrx_word' id='word_1_543' title='bbox 1404 4545 1677 4622; x_wconf 81' lang='lat' dir='ltr'>Congregationis,</span> <span class='ocrx_word' id='word_1_544' title='bbox 1710 4547 1882 4628; x_wconf 85' lang='lat' dir='ltr'>iisdemque</span> 
     </span>
     <span class='ocr_line' id='line_1_100' title="bbox 1133 4637 1881 4715; baseline 0.005 -15"><span class='ocrx_word' id='word_1_545' title='bbox 1133 4640 1215 4701; x_wconf 91' lang='lat' dir='ltr'>serio</span> <span class='ocrx_word' id='word_1_546' title='bbox 1237 4640 1422 4715; x_wconf 86' lang='lat' dir='ltr'>iniungatur</span> <span class='ocrx_word' id='word_1_547' title='bbox 1449 4637 1595 4702; x_wconf 88' lang='lat' dir='ltr'>sedulitas</span> <span class='ocrx_word' id='word_1_548' title='bbox 1617 4645 1648 4701; x_wconf 91' lang='lat' dir='ltr'>et</span> <span class='ocrx_word' id='word_1_549' title='bbox 1668 4641 1827 4704; x_wconf 88' lang='lat' dir='ltr'>assiduitas</span> <span class='ocrx_word' id='word_1_550' title='bbox 1848 4644 1881 4704; x_wconf 92' lang='lat' dir='ltr'>in</span> 
     </span>
     <span class='ocr_line' id='line_1_101' title="bbox 1134 4731 1880 4812; baseline 0.003 -19"><span class='ocrx_word' id='word_1_551' title='bbox 1134 4731 1317 4794; x_wconf 89' lang='lat' dir='ltr'>lectionibus</span> <span class='ocrx_word' id='word_1_552' title='bbox 1337 4740 1369 4794; x_wconf 89' lang='lat' dir='ltr'>et</span> <span class='ocrx_word' id='word_1_553' title='bbox 1395 4731 1631 4812; x_wconf 88' lang='lat' dir='ltr'>repetitionibus</span> <span class='ocrx_word' id='word_1_554' title='bbox 1652 4739 1682 4793; x_wconf 90' lang='lat' dir='ltr'>et</span> <span class='ocrx_word' id='word_1_555' title='bbox 1704 4735 1880 4811; x_wconf 77' lang='lat' dir='ltr'>exercitiis3</span> 
     </span>
     <span class='ocr_line' id='line_1_102' title="bbox 1134 4825 1883 4904; baseline 0.001 -17"><span class='ocrx_word' id='word_1_556' title='bbox 1134 4843 1167 4888; x_wconf 92' lang='lat' dir='ltr'>ac</span> <span class='ocrx_word' id='word_1_557' title='bbox 1189 4825 1262 4888; x_wconf 90' lang='lat' dir='ltr'>dicti</span> <span class='ocrx_word' id='word_1_558' title='bbox 1290 4825 1430 4900; x_wconf 85' lang='lat' dir='ltr'>lectores,</span> <span class='ocrx_word' id='word_1_559' title='bbox 1455 4827 1530 4888; x_wconf 90' lang='lat' dir='ltr'>dnm</span> <span class='ocrx_word' id='word_1_560' title='bbox 1561 4833 1631 4887; x_wconf 91' lang='lat' dir='ltr'>actu</span> <span class='ocrx_word' id='word_1_561' title='bbox 1658 4826 1785 4904; x_wconf 88' lang='lat' dir='ltr'>legunt,</span> <span class='ocrx_word' id='word_1_562' title='bbox 1809 4843 1883 4904; x_wconf 85' lang='lat' dir='ltr'>gan-</span> 
     </span>
     <span class='ocr_line' id='line_1_103' title="bbox 1134 4917 1882 4997; baseline 0.003 -17"><span class='ocrx_word' id='word_1_563' title='bbox 1134 4917 1226 4980; x_wconf 89' lang='lat' dir='ltr'>deant</span> <span class='ocrx_word' id='word_1_564' title='bbox 1247 4917 1508 4996; x_wconf 83' lang='lat' dir='ltr'>exemptionibus,</span> <span class='ocrx_word' id='word_1_565' title='bbox 1521 4918 1693 4996; x_wconf 85' lang='lat' dir='ltr'>privilegiis</span> <span class='ocrx_word' id='word_1_566' title='bbox 1715 4927 1745 4981; x_wconf 91' lang='lat' dir='ltr'>et</span> <span class='ocrx_word' id='word_1_567' title='bbox 1759 4935 1882 4997; x_wconf 88' lang='lat' dir='ltr'>praero-</span> 
     </span>
     <span class='ocr_line' id='line_1_104' title="bbox 1135 5009 1883 5093; baseline 0.004 -20"><span class='ocrx_word' id='word_1_568' title='bbox 1135 5012 1262 5088; x_wconf 86' lang='lat' dir='ltr'>gativis,</span> <span class='ocrx_word' id='word_1_569' title='bbox 1295 5009 1408 5093; x_wconf 92' lang='lat' dir='ltr'>quihus</span> <span class='ocrx_word' id='word_1_570' title='bbox 1437 5011 1532 5072; x_wconf 89' lang='lat' dir='ltr'>ceteri</span> <span class='ocrx_word' id='word_1_571' title='bbox 1564 5011 1687 5073; x_wconf 91' lang='lat' dir='ltr'>Ordinis</span> <span class='ocrx_word' id='word_1_572' title='bbox 1718 5013 1883 5091; x_wconf 88' lang='lat' dir='ltr'>potiuntur</span> 
     </span>
     <span class='ocr_line' id='line_1_105' title="bbox 1135 5105 1883 5184; baseline 0.003 -18"><span class='ocrx_word' id='word_1_573' title='bbox 1135 5105 1281 5184; x_wconf 82' lang='lat' dir='ltr'>lectores3</span> <span class='ocrx_word' id='word_1_574' title='bbox 1305 5105 1345 5166; x_wconf 91' lang='lat' dir='ltr'>ita</span> <span class='ocrx_word' id='word_1_575' title='bbox 1368 5111 1486 5180; x_wconf 91' lang='lat' dir='ltr'>tamen,</span> <span class='ocrx_word' id='word_1_576' title='bbox 1510 5111 1546 5168; x_wconf 89' lang='lat' dir='ltr'>at</span> <span class='ocrx_word' id='word_1_577' title='bbox 1567 5105 1667 5184; x_wconf 89' lang='lat' dir='ltr'>quoad</span> <span class='ocrx_word' id='word_1_578' title='bbox 1691 5107 1766 5168; x_wconf 89' lang='lat' dir='ltr'>haec</span> <span class='ocrx_word' id='word_1_579' title='bbox 1787 5107 1883 5168; x_wconf 92' lang='lat' dir='ltr'>lector</span> 
     </span>
     <span class='ocr_line' id='line_1_106' title="bbox 1135 5197 1884 5278; baseline 0 -19"><span class='ocrx_word' id='word_1_580' title='bbox 1135 5197 1419 5260; x_wconf 89' lang='lat' dir='ltr'>controversiarum</span> <span class='ocrx_word' id='word_1_581' title='bbox 1441 5197 1661 5278; x_wconf 90' lang='lat' dir='ltr'>aequiparetur</span> <span class='ocrx_word' id='word_1_582' title='bbox 1675 5215 1776 5261; x_wconf 89' lang='lat' dir='ltr'>sacrae</span> <span class='ocrx_word' id='word_1_583' title='bbox 1797 5200 1884 5276; x_wconf 91' lang='lat' dir='ltr'>theo·</span> 
     </span>
     <span class='ocr_line' id='line_1_107' title="bbox 1136 5290 1884 5370; baseline 0.001 -18"><span class='ocrx_word' id='word_1_584' title='bbox 1136 5291 1235 5367; x_wconf 88' lang='lat' dir='ltr'>legiae</span> <span class='ocrx_word' id='word_1_585' title='bbox 1263 5290 1381 5366; x_wconf 89' lang='lat' dir='ltr'>lectori,</span> <span class='ocrx_word' id='word_1_586' title='bbox 1404 5307 1477 5352; x_wconf 91' lang='lat' dir='ltr'>cum</span> <span class='ocrx_word' id='word_1_587' title='bbox 1499 5297 1528 5352; x_wconf 92' lang='lat' dir='ltr'>et</span> <span class='ocrx_word' id='word_1_588' title='bbox 1558 5291 1623 5370; x_wconf 93' lang='lat' dir='ltr'>ipse</span> <span class='ocrx_word' id='word_1_589' title='bbox 1651 5308 1759 5354; x_wconf 93' lang='lat' dir='ltr'>revera</span> <span class='ocrx_word' id='word_1_590' title='bbox 1787 5292 1884 5354; x_wconf 90' lang='lat' dir='ltr'>lector</span> 
     </span>
     <span class='ocr_line' id='line_1_108' title="bbox 1136 5383 1883 5462; baseline 0.003 -18"><span class='ocrx_word' id='word_1_591' title='bbox 1136 5383 1307 5460; x_wconf 82' lang='lat' dir='ltr'>theologiae</span> <span class='ocrx_word' id='word_1_592' title='bbox 1335 5383 1390 5461; x_wconf 85' lang='lat' dir='ltr'>sit;</span> <span class='ocrx_word' id='word_1_593' title='bbox 1420 5385 1550 5448; x_wconf 89' lang='lat' dir='ltr'>lectores</span> <span class='ocrx_word' id='word_1_594' title='bbox 1577 5394 1681 5447; x_wconf 91' lang='lat' dir='ltr'>autem</span> <span class='ocrx_word' id='word_1_595' title='bbox 1703 5385 1883 5462; x_wconf 84' lang='lat' dir='ltr'>linguarum</span> 
     </span>
     <span class='ocr_line' id='line_1_109' title="bbox 1135 5476 1880 5558; baseline -0.001 -20"><span class='ocrx_word' id='word_1_596' title='bbox 1135 5476 1346 5556; x_wconf 89' lang='lat' dir='ltr'>philosophiae</span> <span class='ocrx_word' id='word_1_597' title='bbox 1358 5478 1524 5541; x_wconf 89' lang='lat' dir='ltr'>lectoribus</span> <span class='ocrx_word' id='word_1_598' title='bbox 1536 5478 1727 5558; x_wconf 88' lang='lat' dir='ltr'>aequiparari</span> <span class='ocrx_word' id='word_1_599' title='bbox 1739 5478 1880 5541; x_wconf 87' lang='lat' dir='ltr'>debeant.</span> 
     </span>
    </p>

    <p class='ocr_par' dir='ltr' id='par_1_10' title="bbox 1136 5570 1886 5932">
     <span class='ocr_line' id='line_1_110' title="bbox 1177 5570 1884 5650; baseline 0.003 -19"><span class='ocrx_word' id='word_1_600' title='bbox 1177 5587 1246 5632; x_wconf 84' lang='lat' dir='ltr'>vna.</span> <span class='ocrx_word' id='word_1_601' title='bbox 1264 5570 1376 5632; x_wconf 88' lang='lat' dir='ltr'>Lector</span> <span class='ocrx_word' id='word_1_602' title='bbox 1392 5572 1675 5634; x_wconf 90' lang='lat' dir='ltr'>controversiarum</span> <span class='ocrx_word' id='word_1_603' title='bbox 1690 5587 1747 5650; x_wconf 90' lang='lat' dir='ltr'>per</span> <span class='ocrx_word' id='word_1_604' title='bbox 1761 5577 1884 5650; x_wconf 90' lang='lat' dir='ltr'>tempus</span> 
     </span>
     <span class='ocr_line' id='line_1_111' title="bbox 1136 5661 1885 5730; baseline 0.005 -6"><span class='ocrx_word' id='word_1_605' title='bbox 1136 5664 1172 5724; x_wconf 90' lang='lat' dir='ltr'>ad</span> <span class='ocrx_word' id='word_1_606' title='bbox 1193 5661 1324 5726; x_wconf 84' lang='lat' dir='ltr'>formam</span> <span class='ocrx_word' id='word_1_607' title='bbox 1346 5665 1606 5728; x_wconf 90' lang='lat' dir='ltr'>constitutionum</span> <span class='ocrx_word' id='word_1_608' title='bbox 1621 5663 1742 5729; x_wconf 89' lang='lat' dir='ltr'>Ordinis</span> <span class='ocrx_word' id='word_1_609' title='bbox 1757 5666 1816 5729; x_wconf 88' lang='lat' dir='ltr'>aS.</span> <span class='ocrx_word' id='word_1_610' title='bbox 1831 5667 1885 5730; x_wconf 90' lang='lat' dir='ltr'>Se-</span> 
     </span>
     <span class='ocr_line' id='line_1_112' title="bbox 1137 5757 1886 5838; baseline 0.001 -19"><span class='ocrx_word' id='word_1_611' title='bbox 1137 5758 1174 5819; x_wconf 89' lang='lat' dir='ltr'>de</span> <span class='ocrx_word' id='word_1_612' title='bbox 1189 5757 1361 5836; x_wconf 78' lang='lat' dir='ltr'>tlpostolicd</span> <span class='ocrx_word' id='word_1_613' title='bbox 1372 5759 1626 5820; x_wconf 87' lang='lat' dir='ltr'>confirmatarum</span> <span class='ocrx_word' id='word_1_614' title='bbox 1637 5759 1736 5820; x_wconf 88' lang='lat' dir='ltr'>tradat</span> <span class='ocrx_word' id='word_1_615' title='bbox 1747 5759 1780 5820; x_wconf 94' lang='lat' dir='ltr'>in</span> <span class='ocrx_word' id='word_1_616' title='bbox 1791 5759 1886 5838; x_wconf 91' lang='lat' dir='ltr'>scrip-</span> 
     </span>
     <span class='ocr_line' id='line_1_113' title="bbox 1138 5850 1885 5932; baseline 0.001 -19"><span class='ocrx_word' id='word_1_617' title='bbox 1138 5852 1176 5913; x_wconf 88' lang='lat' dir='ltr'>tis</span> <span class='ocrx_word' id='word_1_618' title='bbox 1198 5851 1347 5914; x_wconf 90' lang='lat' dir='ltr'>lectiones</span> <span class='ocrx_word' id='word_1_619' title='bbox 1362 5851 1455 5914; x_wconf 89' lang='lat' dir='ltr'>utiles</span> <span class='ocrx_word' id='word_1_620' title='bbox 1470 5868 1525 5932; x_wconf 92' lang='lat' dir='ltr'>pro</span> <span class='ocrx_word' id='word_1_621' title='bbox 1539 5850 1750 5927; x_wconf 89' lang='lat' dir='ltr'>missionibus,</span> <span class='ocrx_word' id='word_1_622' title='bbox 1763 5853 1799 5914; x_wconf 88' lang='lat' dir='ltr'>ad</span> <span class='ocrx_word' id='word_1_623' title='bbox 1810 5869 1885 5932; x_wconf 88' lang='lat' dir='ltr'>quas</span> 
     </span>
    </p>
   </div>
   <div class='ocr_carea' id='block_1_6' title="bbox 1138 5944 1884 6011">
    <p class='ocr_par' dir='ltr' id='par_1_11' title="bbox 1138 5944 1884 6011">
     <span class='ocr_line' id='line_1_114' title="bbox 1138 5944 1884 6011; baseline 0.007 -5"><span class='ocrx_word' id='word_1_624' title='bbox 1138 5945 1258 6008; x_wconf 88' lang='lat' dir='ltr'>alumni</span> <span class='ocrx_word' id='word_1_625' title='bbox 1280 5945 1374 6008; x_wconf 89' lang='lat' dir='ltr'>huius</span> <span class='ocrx_word' id='word_1_626' title='bbox 1389 5944 1556 6008; x_wconf 88' lang='lat' dir='ltr'>Seminarii</span> <span class='ocrx_word' id='word_1_627' title='bbox 1569 5951 1643 6008; x_wconf 91' lang='lat' dir='ltr'>sunt</span> <span class='ocrx_word' id='word_1_628' title='bbox 1664 5945 1840 6008; x_wconf 87' lang='lat' dir='ltr'>destinandi</span> <span class='ocrx_word' id='word_1_629' title='bbox 1854 5951 1884 6011; x_wconf 85' lang='lat' dir='ltr'>ei</span> 
     </span>
    </p>
   </div>
   <div class='ocr_carea' id='block_1_7' title="bbox 0 0 2436 6996">
    <p class='ocr_par' dir='ltr' id='par_1_12' title="bbox 0 0 2436 6996">
     <span class='ocr_line' id='line_1_115' title="bbox 0 0 2436 6996; baseline 0 0"><span class='ocrx_word' id='word_1_630' title='bbox 0 0 2436 6996; x_wconf 95' lang='lat' dir='ltr'> </span> 
     </span>
    </p>
   </div>
   <div class='ocr_carea' id='block_1_8' title="bbox 1795 579 2090 642">
    <p class='ocr_par' dir='ltr' id='par_1_13' title="bbox 1795 579 2090 642">
     <span class='ocr_line' id='line_1_116' title="bbox 1795 579 2090 642; baseline 0.007 -10"><span class='ocrx_word' id='word_1_631' title='bbox 1795 579 1854 642; x_wconf 66' lang='grc'>349</span> <span class='ocrx_word' id='word_1_632' title='bbox 1903 581 1956 632; x_wconf 80' lang='lat' dir='ltr'>An.</span> <span class='ocrx_word' id='word_1_633' title='bbox 1971 585 2001 636; x_wconf 85' lang='lat' dir='ltr'>O.</span> <span class='ocrx_word' id='word_1_634' title='bbox 2024 584 2090 636; x_wconf 79' lang='lat'>1721</span> 
     </span>
    </p>
   </div>
  </div>
 </body>
</html>
